TA207,20220218,20220218,112003000,11:20:03,0,0,0,0,0,0,0
TA207,20220218,20220218,112003200,11:20:08,5372,9794,88565,261597740,9794,88565,261597740
TA207,20220218,20220218,112004500,11:20:09,5372,9794,88565,261597740,0,0,0
TA207,20220218,20220218,112005000,11:20:10,5372,9794,88565,261597740,0,0,0
TA207,20220218,20220218,112006000,11:20:10,5372,9794,88565,261597740,0,0,0
TA207,20220218,20220218,112006500,11:20:10,5372,9794,88565,261597740,0,0,0
TA207,20220218,20220218,112007000,11:20:10,5372,9794,88565,261597740,0,0,0
TA207,20220218,20220218,112007500,11:20:10,5372,9794,88565,261597740,0,0,0
TA207,20220218,20220218,112008000,11:20:10,5372,9794,88565,261597740,0,0,0
TA207,20220218,20220218,112008500,11:20:10,5372,9794,88565,261597740,0,0,0
TA207,20220218,20220218,112009000,11:20:10,5372,9794,88565,261597740,0,0,0
TA207,20220218,20220218,112009500,11:20:10,5372,9794,88565,261597740,0,0,0
TA207,20220218,20220218,112010000,11:20:10,5372,9794,88565,261597740,0,0,0
TA207,20220218,20220218,112010500,11:20:10,5372,9794,88565,261597740,0,0,0
TA207,20220218,20220218,112011000,11:20:11,5372,9794,88565,261597740,0,0,0
TA207,20220218,20220218,112011500,11:20:12,5372,9794,88565,261597740,0,0,0
TA207,20220218,20220218,112012000,11:20:12,5372,9794,88565,261597740,0,0,0
TA207,20220218,20220218,112013000,11:20:13,5372,9794,88565,261597740,0,0,0
TA207,20220218,20220218,112013500,11:20:13,5372,9794,88565,261597740,0,0,0
TA207,20220218,20220218,112014000,11:20:14,5372,9794,88565,261597740,0,0,0
TA207,20220218,20220218,112014500,11:20:14,5372,9794,88565,261597740,0,0,0
TA207,20220218,20220218,112015000,11:20:15,5372,9794,88565,261597740,0,0,0
TA207,20220218,20220218,112016000,11:20:16,5372,9794,88565,261597740,0,0,0
TA207,20220218,20220218,112016500,11:20:16,5372,9794,88565,261597740,0,0,0
TA207,20220218,20220218,112017000,11:20:17,5372,9794,88565,261597740,0,0,0
TA207,20220218,20220218,112017500,11:20:17,5372,9794,88565,261597740,0,0,0
TA207,20220218,20220218,112018000,11:20:18,5372,9794,88565,261597740,0,0,0
TA207,20220218,20220218,112018500,11:20:18,5372,9794,88565,261597740,0,0,0
TA207,20220218,20220218,112019000,11:20:19,5372,9794,88565,261597740,0,0,0
TA207,20220218,20220218,112019500,11:20:20,5372,9794,88565,261597740,0,0,0
TA207,20220218,20220218,112020000,11:20:20,5372,9794,88565,261597740,0,0,0
TA207,20220218,20220218,112020500,11:20:21,5372,9794,88565,261597740,0,0,0
TA207,20220218,20220218,112021000,11:20:21,5372,9794,88565,261597740,0,0,0
TA207,20220218,20220218,112021500,11:20:21,5372,9794,88565,261597740,0,0,0
TA207,20220218,20220218,112022000,11:20:22,5372,9794,88565,261597740,0,0,0
TA207,20220218,20220218,112022500,11:20:23,5372,9794,88565,261597740,0,0,0
TA207,20220218,20220218,112023000,11:20:23,5372,9794,88565,261597740,0,0,0
TA207,20220218,20220218,112023500,11:20:23,5372,9794,88565,261597740,0,0,0
TA207,20220218,20220218,112024000,11:20:24,5372,9794,88565,261597740,0,0,0
TA207,20220218,20220218,112024500,11:20:24,5372,9794,88565,261597740,0,0,0
TA207,20220218,20220218,112025000,11:20:25,5372,9794,88565,261597740,0,0,0
TA207,20220218,20220218,112026000,11:20:26,5372,9794,88565,261597740,0,0,0
TA207,20220218,20220218,112026500,11:20:26,5372,9794,88565,261597740,0,0,0
TA207,20220218,20220218,112027000,11:20:27,5372,9794,88565,261597740,0,0,0
TA207,20220218,20220218,112027500,11:20:28,5372,9794,88565,261597740,0,0,0
TA207,20220218,20220218,112028000,11:20:28,5372,9794,88565,261597740,0,0,0
TA207,20220218,20220218,112028500,11:20:28,5372,9794,88565,261597740,0,0,0
TA207,20220218,20220218,112029000,11:20:29,5372,9794,88565,261597740,0,0,0
TA207,20220218,20220218,112029500,11:20:31,5372,9794,88565,261597740,0,0,0
TA207,20220218,20220218,112030000,11:20:31,5372,9794,88565,261597740,0,0,0
TA207,20220218,20220218,112030500,11:20:31,5372,9794,88565,261597740,0,0,0
TA207,20220218,20220218,112031000,11:20:32,5372,9794,88565,261597740,0,0,0
TA207,20220218,20220218,112031500,11:20:32,5372,9794,88565,261597740,0,0,0
TA207,20220218,20220218,112032000,11:20:32,5372,9794,88565,261597740,0,0,0
TA207,20220218,20220218,112032500,11:20:32,5372,9794,88565,261597740,0,0,0
TA207,20220218,20220218,112033000,11:20:33,5372,9794,88565,261597740,0,0,0
TA207,20220218,20220218,112033500,11:20:33,5372,9794,88565,261597740,0,0,0
TA207,20220218,20220218,112034000,11:20:34,5372,9794,88565,261597740,0,0,0
TA207,20220218,20220218,112034500,11:20:35,5372,9794,88565,261597740,0,0,0
TA207,20220218,20220218,112045500,11:20:46,5372,9794,88565,261597740,0,0,0
TA207,20220218,20220218,112046000,11:20:46,5372,9794,88565,261597740,0,0,0
TA207,20220218,20220218,112046500,11:20:46,5372,9794,88565,261597740,0,0,0
TA207,20220218,20220218,112047000,11:20:47,5372,9794,88565,261597740,0,0,0
TA207,20220218,20220218,112047500,11:20:48,5372,9794,88565,261597740,0,0,0
TA207,20220218,20220218,112051500,11:20:52,5370,9798,88561,261704580,4,-4,106840
TA207,20220218,20220218,112052000,11:20:53,5370,9798,88561,261704580,0,0,0
TA207,20220218,20220218,112052500,11:20:53,5370,9799,88560,261731290,1,-1,26710
TA207,20220218,20220218,112053000,11:20:53,5370,9799,88560,261731290,0,0,0
TA207,20220218,20220218,112054000,11:20:54,5370,9799,88560,261731290,0,0,0
TA207,20220218,20220218,112054500,11:20:55,5370,9799,88560,261731290,0,0,0
TA207,20220218,20220218,112055500,11:20:56,5370,9799,88560,261731290,0,0,0
TA207,20220218,20220218,112057000,11:20:58,5370,9799,88560,261731290,0,0,0
TA207,20220218,20220218,112059000,11:20:59,5370,9799,88560,261731290,0,0,0
TA207,20220218,20220218,112059500,11:21:00,5370,9799,88560,261731290,0,0,0
TA207,20220218,20220218,112100000,11:21:00,5370,9799,88560,261731290,0,0,0
TA207,20220218,20220218,112101000,11:21:01,5370,9799,88560,261731290,0,0,0
TA207,20220218,20220218,112101500,11:21:02,5370,9799,88560,261731290,0,0,0
TA207,20220218,20220218,112102000,11:21:03,5370,9799,88560,261731290,0,0,0
TA207,20220218,20220218,112103500,11:21:04,5370,9799,88560,261731290,0,0,0
TA207,20220218,20220218,112104000,11:21:04,5370,9799,88560,261731290,0,0,0
TA207,20220218,20220218,112104500,11:21:05,5370,9799,88560,261731290,0,0,0
TA207,20220218,20220218,112105000,11:21:06,5370,9799,88560,261731290,0,0,0
TA207,20220218,20220218,112105500,11:21:07,5370,9799,88560,261731290,0,0,0
TA207,20220218,20220218,112106000,11:21:07,5370,9799,88560,261731290,0,0,0
TA207,20220218,20220218,112106500,11:21:08,5370,9799,88560,261731290,0,0,0
TA207,20220218,20220218,112107500,11:21:10,5370,9799,88560,261731290,0,0,0
TA207,20220218,20220218,112109500,11:21:10,5370,9799,88560,261731290,0,0,0
TA207,20220218,20220218,112110500,11:21:11,5370,9799,88560,261731290,0,0,0
TA207,20220218,20220218,112111000,11:21:11,5370,9799,88560,261731290,0,0,0
TA207,20220218,20220218,112112500,11:21:13,5370,9799,88560,261731290,0,0,0
TA207,20220218,20220218,112113000,11:21:13,5370,9799,88560,261731290,0,0,0
TA207,20220218,20220218,112116500,11:21:17,5370,9799,88560,261731290,0,0,0
TA207,20220218,20220218,112117500,11:21:18,5370,9799,88560,261731290,0,0,0
TA207,20220218,20220218,112120500,11:21:22,5370,9799,88560,261731290,0,0,0
TA207,20220218,20220218,112121000,11:21:22,5370,9799,88560,261731290,0,0,0
TA207,20220218,20220218,112121500,11:21:22,5370,9799,88560,261731290,0,0,0
TA207,20220218,20220218,112122000,11:21:22,5370,9799,88560,261731290,0,0,0
TA207,20220218,20220218,112122500,11:21:22,5370,9799,88560,261731290,0,0,0
TA207,20220218,20220218,112123000,11:21:23,5370,9799,88560,261731290,0,0,0
TA207,20220218,20220218,112124500,11:21:25,5370,9799,88560,261731290,0,0,0
TA207,20220218,20220218,112125000,11:23:32,5370,9799,88560,261731290,0,0,0
TA207,20220218,20220218,112125500,11:23:32,5370,9799,88560,261731290,0,0,0
TA207,20220218,20220218,112126000,11:23:33,5370,9799,88560,261731290,0,0,0
TA207,20220218,20220218,112332500,11:23:33,5370,9799,88560,261731290,0,0,0
TA207,20220218,20220218,112333000,11:23:33,5370,9799,88560,261731290,0,0,0
TA207,20220218,20220218,112333500,11:23:33,5370,9799,88560,261731290,0,0,0
TA207,20220218,20220218,112334000,11:23:34,5370,9799,88560,261731290,0,0,0
TA207,20220218,20220218,112334500,11:23:34,5370,9799,88560,261731290,0,0,0
TA207,20220218,20220218,112335000,11:23:35,5370,9799,88560,261731290,0,0,0
TA207,20220218,20220218,112335500,11:23:35,5370,9799,88560,261731290,0,0,0
TA207,20220218,20220218,112336000,11:23:37,5370,9799,88560,261731290,0,0,0
TA207,20220218,20220218,112336500,11:23:38,5370,9799,88560,261731290,0,0,0
TA207,20220218,20220218,112337500,11:23:38,5370,9799,88560,261731290,0,0,0
TA207,20220218,20220218,112338000,11:23:38,5370,9799,88560,261731290,0,0,0
TA207,20220218,20220218,112339000,11:23:39,5370,9799,88560,261731290,0,0,0
TA207,20220218,20220218,112339500,11:23:39,5370,9799,88560,261731290,0,0,0
TA207,20220218,20220218,112340000,11:23:40,5370,9799,88560,261731290,0,0,0
TA207,20220218,20220218,112350000,11:23:50,5370,9799,88560,261731290,0,0,0
TA207,20220218,20220218,112350500,11:23:50,5370,9799,88560,261731290,0,0,0
TA207,20220218,20220218,112351500,11:23:51,5370,9799,88560,261731290,0,0,0
TA207,20220218,20220218,112352000,11:23:52,5370,9799,88560,261731290,0,0,0
TA207,20220218,20220218,112352500,11:23:52,5370,9799,88560,261731290,0,0,0
TA207,20220218,20220218,112353000,11:23:53,5370,9799,88560,261731290,0,0,0
TA207,20220218,20220218,112353500,11:23:53,5370,9799,88560,261731290,0,0,0
TA207,20220218,20220218,112354000,11:23:54,5370,9799,88560,261731290,0,0,0
TA207,20220218,20220218,112354500,11:23:55,5370,9799,88560,261731290,0,0,0
TA207,20220218,20220218,112355000,11:23:55,5370,9799,88560,261731290,0,0,0
TA207,20220218,20220218,112355500,11:23:55,5370,9799,88560,261731290,0,0,0
TA207,20220218,20220218,112356000,11:23:56,5370,9799,88560,261731290,0,0,0
TA207,20220218,20220218,112356500,11:23:56,5370,9799,88560,261731290,0,0,0
TA207,20220218,20220218,112357500,11:23:57,5370,9799,88560,261731290,0,0,0
TA207,20220218,20220218,112358000,11:23:58,5370,9799,88560,261731290,0,0,0
TA207,20220218,20220218,112358500,11:23:58,5370,9799,88560,261731290,0,0,0
TA207,20220218,20220218,112359000,11:23:59,5370,9799,88560,261731290,0,0,0
TA207,20220218,20220218,112359500,11:23:59,5370,9799,88560,261731290,0,0,0
TA207,20220218,20220218,112400000,11:24:00,5370,9799,88560,261731290,0,0,0
TA207,20220218,20220218,112400500,11:24:00,5370,9799,88560,261731290,0,0,0
TA207,20220218,20220218,112401000,11:24:01,5370,9799,88560,261731290,0,0,0
TA207,20220218,20220218,112401500,11:24:01,5370,9799,88560,261731290,0,0,0
TA207,20220218,20220218,112402000,11:24:02,5370,9799,88560,261731290,0,0,0
TA207,20220218,20220218,112402500,11:24:02,5370,9799,88560,261731290,0,0,0
TA207,20220218,20220218,112403000,11:24:03,5370,9799,88560,261731290,0,0,0
TA207,20220218,20220218,112403500,11:24:04,5370,9799,88560,261731290,0,0,0
TA207,20220218,20220218,112404500,11:24:04,5370,9799,88560,261731290,0,0,0
TA207,20220218,20220218,112405000,11:24:05,5370,9799,88560,261731290,0,0,0
TA207,20220218,20220218,112405500,11:24:05,5370,9799,88560,261731290,0,0,0
TA207,20220218,20220218,112406000,11:24:06,5370,9799,88560,261731290,0,0,0
TA207,20220218,20220218,112407000,11:24:07,5370,9799,88560,261731290,0,0,0
TA207,20220218,20220218,112407500,11:24:08,5370,9799,88560,261731290,0,0,0
TA207,20220218,20220218,112408500,11:24:08,5370,9799,88560,261731290,0,0,0
TA207,20220218,20220218,112410500,11:24:12,5370,9799,88560,261731290,0,0,0
TA207,20220218,20220218,112411500,11:24:12,5370,9799,88560,261731290,0,0,0
TA207,20220218,20220218,112412000,11:24:12,5370,9799,88560,261731290,0,0,0
TA207,20220218,20220218,112412500,11:24:13,5370,9799,88560,261731290,0,0,0
TA207,20220218,20220218,112413000,11:24:14,5370,9799,88560,261731290,0,0,0
TA207,20220218,20220218,112413500,11:24:14,5370,9799,88560,261731290,0,0,0
TA207,20220218,20220218,112423000,11:24:23,5370,9799,88560,261731290,0,0,0
TA207,20220218,20220218,112424000,11:24:24,5370,9799,88560,261731290,0,0,0
TA207,20220218,20220218,112426500,11:24:26,5370,9799,88560,261731290,0,0,0
TA207,20220218,20220218,112427000,11:24:27,5370,9799,88560,261731290,0,0,0
TA207,20220218,20220218,112427500,11:24:28,5370,9799,88560,261731290,0,0,0
TA207,20220218,20220218,112428000,11:24:28,5370,9799,88560,261731290,0,0,0
TA207,20220218,20220218,112429000,11:24:29,5370,9799,88560,261731290,0,0,0
TA207,20220218,20220218,112429500,11:24:30,5368,9896,88534,264322160,97,-26,2590870
TA207,20220218,20220218,112430000,11:24:30,5368,9896,88534,264322160,0,0,0
TA207,20220218,20220218,112430500,11:24:30,5368,9896,88534,264322160,0,0,0
TA207,20220218,20220218,112431000,11:24:31,5368,9896,88534,264322160,0,0,0
TA207,20220218,20220218,112431500,11:24:31,5368,9896,88534,264322160,0,0,0
TA207,20220218,20220218,112432000,11:24:32,5368,9896,88534,264322160,0,0,0
TA207,20220218,20220218,112432500,11:24:33,5368,9896,88534,264322160,0,0,0
TA207,20220218,20220218,112433000,11:24:33,5368,9896,88534,264322160,0,0,0
TA207,20220218,20220218,112433500,11:24:33,5368,9896,88534,264322160,0,0,0
TA207,20220218,20220218,112434000,11:24:34,5368,9896,88534,264322160,0,0,0
TA207,20220218,20220218,112434500,11:24:34,5368,9896,88534,264322160,0,0,0
TA207,20220218,20220218,112435000,11:24:35,5368,9896,88534,264322160,0,0,0
TA207,20220218,20220218,112435500,11:24:35,5368,9896,88534,264322160,0,0,0
TA207,20220218,20220218,112436000,11:24:36,5368,9896,88534,264322160,0,0,0
TA207,20220218,20220218,112436500,11:24:36,5368,9896,88534,264322160,0,0,0
TA207,20220218,20220218,112437000,11:24:37,5368,9896,88534,264322160,0,0,0
TA207,20220218,20220218,112437500,11:24:39,5368,9896,88534,264322160,0,0,0
TA207,20220218,20220218,112438000,11:24:39,5368,9896,88534,264322160,0,0,0
TA207,20220218,20220218,112438500,11:24:39,5368,9896,88534,264322160,0,0,0
TA207,20220218,20220218,112439000,11:24:40,5368,9896,88534,264322160,0,0,0
TA207,20220218,20220218,112440000,11:24:40,5368,9896,88534,264322160,0,0,0
TA207,20220218,20220218,112440500,11:24:40,5368,9896,88534,264322160,0,0,0
TA207,20220218,20220218,112441000,11:24:41,5368,9896,88534,264322160,0,0,0
TA207,20220218,20220218,112442000,11:24:42,5368,9896,88534,264322160,0,0,0
TA207,20220218,20220218,112442500,11:24:42,5368,9896,88534,264322160,0,0,0
TA207,20220218,20220218,112443000,11:24:43,5368,9896,88534,264322160,0,0,0
TA207,20220218,20220218,112451000,11:24:51,5368,9896,88534,264322160,0,0,0
TA207,20220218,20220218,112451500,11:24:52,5368,9896,88534,264322160,0,0,0
TA207,20220218,20220218,112452000,11:24:52,5368,9896,88534,264322160,0,0,0
TA207,20220218,20220218,112454000,11:24:54,5368,9896,88534,264322160,0,0,0
TA207,20220218,20220218,112459000,11:24:59,5368,9896,88534,264322160,0,0,0
TA207,20220218,20220218,112500000,11:25:01,5368,9896,88534,264322160,0,0,0
TA207,20220218,20220218,112500500,11:25:01,5368,9896,88534,264322160,0,0,0
TA207,20220218,20220218,112501000,11:25:02,5368,9896,88534,264322160,0,0,0
TA207,20220218,20220218,112501500,11:25:05,5368,9896,88534,264322160,0,0,0
TA207,20220218,20220218,112502000,11:25:05,5368,9896,88534,264322160,0,0,0
TA207,20220218,20220218,112502500,11:25:06,5368,9896,88534,264322160,0,0,0
TA207,20220218,20220218,112503500,11:25:06,5368,9896,88534,264322160,0,0,0
TA207,20220218,20220218,112511000,11:25:11,5368,9896,88534,264322160,0,0,0
TA207,20220218,20220218,112515000,11:25:16,5368,9896,88534,264322160,0,0,0
TA207,20220218,20220218,112515500,11:25:16,5368,9896,88534,264322160,0,0,0
TA207,20220218,20220218,112516500,11:25:16,5368,9896,88534,264322160,0,0,0
TA207,20220218,20220218,112521500,11:25:22,5368,9896,88534,264322160,0,0,0
TA207,20220218,20220218,112525500,11:25:26,5368,9896,88534,264322160,0,0,0
TA207,20220218,20220218,112526000,11:25:26,5368,9896,88534,264322160,0,0,0
TA207,20220218,20220218,112527000,11:25:28,5368,9896,88534,264322160,0,0,0
TA207,20220218,20220218,112528000,11:25:28,5368,9896,88534,264322160,0,0,0
TA207,20220218,20220218,112528500,11:25:28,5368,9896,88534,264322160,0,0,0
TA207,20220218,20220218,112529000,11:25:29,5368,9896,88534,264322160,0,0,0
TA207,20220218,20220218,112529500,11:25:30,5368,9896,88534,264322160,0,0,0
TA207,20220218,20220218,112530000,11:25:31,5368,9896,88534,264322160,0,0,0
TA207,20220218,20220218,112530500,11:25:31,5368,9896,88534,264322160,0,0,0
TA207,20220218,20220218,112531000,11:25:31,5368,9896,88534,264322160,0,0,0
TA207,20220218,20220218,112531500,11:25:32,5368,9896,88534,264322160,0,0,0
TA207,20220218,20220218,112532000,11:25:32,5368,9896,88534,264322160,0,0,0
TA207,20220218,20220218,112532500,11:25:33,5368,9896,88534,264322160,0,0,0
TA207,20220218,20220218,112533000,11:25:33,5368,9896,88534,264322160,0,0,0
TA207,20220218,20220218,112533500,11:25:33,5368,9896,88534,264322160,0,0,0
TA207,20220218,20220218,112534000,11:25:34,5368,9896,88534,264322160,0,0,0
TA207,20220218,20220218,112539500,11:25:40,5368,9896,88534,264322160,0,0,0
TA207,20220218,20220218,112540000,11:25:40,5368,9896,88534,264322160,0,0,0
TA207,20220218,20220218,112540500,11:25:41,5368,9896,88534,264322160,0,0,0
TA207,20220218,20220218,112541000,11:25:41,5368,9896,88534,264322160,0,0,0
TA207,20220218,20220218,112541500,11:25:41,5368,9896,88534,264322160,0,0,0
TA207,20220218,20220218,112542000,11:25:42,5368,9896,88534,264322160,0,0,0
TA207,20220218,20220218,112542500,11:25:43,5368,9896,88534,264322160,0,0,0
TA207,20220218,20220218,112543000,11:25:43,5368,9896,88534,264322160,0,0,0
TA207,20220218,20220218,112543500,11:25:43,5368,9896,88534,264322160,0,0,0
TA207,20220218,20220218,112544000,11:25:44,5368,9896,88534,264322160,0,0,0
TA207,20220218,20220218,112544500,11:25:44,5368,9896,88534,264322160,0,0,0
TA207,20220218,20220218,112545000,11:25:45,5368,9896,88534,264322160,0,0,0
TA207,20220218,20220218,112547000,11:25:48,5368,9896,88534,264322160,0,0,0
TA207,20220218,20220218,112547500,11:25:48,5368,9896,88534,264322160,0,0,0
TA207,20220218,20220218,112555500,11:25:56,5368,9896,88534,264322160,0,0,0
TA207,20220218,20220218,112556000,11:25:57,5368,9896,88534,264322160,0,0,0
TA207,20220218,20220218,112559500,11:26:00,5368,9896,88534,264322160,0,0,0
TA207,20220218,20220218,112600000,11:26:00,5368,9896,88534,264322160,0,0,0
TA207,20220218,20220218,112600500,11:26:01,5368,9896,88534,264322160,0,0,0
TA207,20220218,20220218,112604500,11:26:05,5368,9896,88534,264322160,0,0,0
TA207,20220218,20220218,112605000,11:26:05,5368,9896,88534,264322160,0,0,0
TA207,20220218,20220218,112605500,11:26:06,5368,9896,88534,264322160,0,0,0
TA207,20220218,20220218,112606000,11:26:06,5368,9896,88534,264322160,0,0,0
TA207,20220218,20220218,112606500,11:26:09,5368,9896,88534,264322160,0,0,0
TA207,20220218,20220218,112607000,11:26:09,5368,9896,88534,264322160,0,0,0
TA207,20220218,20220218,112607500,11:26:09,5368,9896,88534,264322160,0,0,0
TA207,20220218,20220218,112609000,11:26:10,5368,9896,88534,264322160,0,0,0
TA207,20220218,20220218,112609500,11:26:10,5368,9896,88534,264322160,0,0,0
TA207,20220218,20220218,112610000,11:26:10,5368,9896,88534,264322160,0,0,0
TA207,20220218,20220218,112610500,11:26:11,5368,9896,88534,264322160,0,0,0
TA207,20220218,20220218,112611000,11:26:11,5368,9896,88534,264322160,0,0,0
TA207,20220218,20220218,112611500,11:26:13,5368,9896,88534,264322160,0,0,0
TA207,20220218,20220218,112612000,11:26:14,5368,9896,88534,264322160,0,0,0
TA207,20220218,20220218,112612500,11:26:15,5368,9896,88534,264322160,0,0,0
TA207,20220218,20220218,112615500,11:26:16,5368,9896,88534,264322160,0,0,0
TA207,20220218,20220218,112616000,11:26:16,5368,9896,88534,264322160,0,0,0
TA207,20220218,20220218,112616500,11:26:17,5368,9896,88534,264322160,0,0,0
TA207,20220218,20220218,112617000,11:26:17,5368,9896,88534,264322160,0,0,0
TA207,20220218,20220218,112617500,11:26:17,5368,9896,88534,264322160,0,0,0
TA207,20220218,20220218,112618000,11:26:18,5368,9896,88534,264322160,0,0,0
TA207,20220218,20220218,112618500,11:26:19,5368,9896,88534,264322160,0,0,0
TA207,20220218,20220218,112619000,11:26:19,5368,9896,88534,264322160,0,0,0
TA207,20220218,20220218,112619500,11:26:20,5368,9896,88534,264322160,0,0,0
TA207,20220218,20220218,112620000,11:26:20,5368,9896,88534,264322160,0,0,0
TA207,20220218,20220218,112621000,11:26:21,5368,9896,88534,264322160,0,0,0
TA207,20220218,20220218,112621500,11:26:21,5368,9896,88534,264322160,0,0,0
TA207,20220218,20220218,112622000,11:26:22,5368,9896,88534,264322160,0,0,0
TA207,20220218,20220218,112622500,11:26:23,5368,9896,88534,264322160,0,0,0
TA207,20220218,20220218,112623000,11:26:23,5368,9896,88534,264322160,0,0,0
TA207,20220218,20220218,112623500,11:26:23,5368,9896,88534,264322160,0,0,0
TA207,20220218,20220218,112624000,11:26:24,5368,9896,88534,264322160,0,0,0
TA207,20220218,20220218,112624500,11:26:24,5368,9896,88534,264322160,0,0,0
TA207,20220218,20220218,112625000,11:26:25,5368,9896,88534,264322160,0,0,0
TA207,20220218,20220218,112625500,11:26:25,5368,9896,88534,264322160,0,0,0
TA207,20220218,20220218,112626000,11:26:26,5368,9896,88534,264322160,0,0,0
TA207,20220218,20220218,112626500,11:26:27,5368,9896,88534,264322160,0,0,0
TA207,20220218,20220218,112627000,11:26:27,5368,9896,88534,264322160,0,0,0
TA207,20220218,20220218,112627500,11:26:27,5368,9896,88534,264322160,0,0,0
TA207,20220218,20220218,112628000,11:26:28,5368,9896,88534,264322160,0,0,0
TA207,20220218,20220218,112628500,11:26:28,5368,9896,88534,264322160,0,0,0
TA207,20220218,20220218,112629000,11:26:30,5368,9896,88534,264322160,0,0,0
TA207,20220218,20220218,112629500,11:26:30,5368,9896,88534,264322160,0,0,0
TA207,20220218,20220218,112630500,11:26:31,5368,9896,88534,264322160,0,0,0
TA207,20220218,20220218,112631000,11:26:31,5368,9896,88534,264322160,0,0,0
TA207,20220218,20220218,112631500,11:26:32,5368,9896,88534,264322160,0,0,0
TA207,20220218,20220218,112653500,11:27:10,5368,9896,88534,264322160,0,0,0
TA207,20220218,20220218,112710000,11:27:12,5368,9896,88534,264322160,0,0,0
TA207,20220218,20220218,112712000,11:27:12,5368,9896,88534,264322160,0,0,0
TA207,20220218,20220218,112712500,11:27:13,5368,9896,88534,264322160,0,0,0
TA207,20220218,20220218,112713500,11:27:14,5368,9896,88534,264322160,0,0,0
TA207,20220218,20220218,112714000,11:27:15,5368,9896,88534,264322160,0,0,0
TA207,20220218,20220218,112714500,11:27:15,5368,9896,88534,264322160,0,0,0
TA207,20220218,20220218,112715000,11:27:16,5368,9896,88534,264322160,0,0,0
TA207,20220218,20220218,112715500,11:27:16,5368,9896,88534,264322160,0,0,0
TA207,20220218,20220218,112716000,11:27:17,5368,9896,88534,264322160,0,0,0
TA207,20220218,20220218,112716500,11:27:17,5368,9896,88534,264322160,0,0,0
TA207,20220218,20220218,112726500,11:27:27,5368,9896,88534,264322160,0,0,0
TA207,20220218,20220218,112727000,11:27:27,5368,9896,88534,264322160,0,0,0
TA207,20220218,20220218,112727500,11:27:27,5368,9896,88534,264322160,0,0,0
TA207,20220218,20220218,112728000,11:27:28,5368,9896,88534,264322160,0,0,0
TA207,20220218,20220218,112729000,11:27:29,5368,9896,88534,264322160,0,0,0
TA207,20220218,20220218,112729500,11:27:30,5368,9896,88534,264322160,0,0,0
TA207,20220218,20220218,112730000,11:27:30,5368,9896,88534,264322160,0,0,0
TA207,20220218,20220218,112730500,11:27:31,5368,9896,88534,264322160,0,0,0
TA207,20220218,20220218,112731000,11:27:33,5368,9896,88534,264322160,0,0,0
TA207,20220218,20220218,112731500,11:27:35,5368,9896,88534,264322160,0,0,0
TA207,20220218,20220218,112732000,11:27:36,5368,9896,88534,264322160,0,0,0
TA207,20220218,20220218,112735500,11:27:36,5368,9896,88534,264322160,0,0,0
TA207,20220218,20220218,112736000,11:27:37,5368,9896,88534,264322160,0,0,0
TA207,20220218,20220218,112736500,11:27:38,5368,9896,88534,264322160,0,0,0
TA207,20220218,20220218,112737000,11:27:38,5368,9896,88534,264322160,0,0,0
TA207,20220218,20220218,112737500,11:27:38,5368,9896,88534,264322160,0,0,0
TA207,20220218,20220218,112738000,11:27:39,5368,9896,88534,264322160,0,0,0
TA207,20220218,20220218,112738500,11:27:39,5368,9896,88534,264322160,0,0,0
TA207,20220218,20220218,112739000,11:27:39,5368,9896,88534,264322160,0,0,0
TA207,20220218,20220218,112739500,11:27:40,5368,9896,88534,264322160,0,0,0
TA207,20220218,20220218,112740000,11:27:40,5368,9896,88534,264322160,0,0,0
TA207,20220218,20220218,112741000,11:27:41,5368,9896,88534,264322160,0,0,0
TA207,20220218,20220218,112741500,11:27:42,5368,9896,88534,264322160,0,0,0
TA207,20220218,20220218,112742000,11:27:42,5368,9896,88534,264322160,0,0,0
TA207,20220218,20220218,112743500,11:27:44,5368,9896,88534,264322160,0,0,0
TA207,20220218,20220218,112744000,11:27:44,5368,9896,88534,264322160,0,0,0
TA207,20220218,20220218,112744500,11:27:45,5368,9896,88534,264322160,0,0,0
TA207,20220218,20220218,112747500,11:27:48,5368,9896,88534,264322160,0,0,0
TA207,20220218,20220218,112748000,11:27:53,5368,9896,88534,264322160,0,0,0
TA207,20220218,20220218,112748500,11:27:54,5368,9896,88534,264322160,0,0,0
TA207,20220218,20220218,112749000,11:27:54,5368,9896,88534,264322160,0,0,0
TA207,20220218,20220218,112749500,11:27:54,5368,9896,88534,264322160,0,0,0
TA207,20220218,20220218,112754000,11:27:54,5368,9896,88534,264322160,0,0,0
TA207,20220218,20220218,112754500,11:27:55,5368,9896,88534,264322160,0,0,0
TA207,20220218,20220218,112755000,11:27:55,5368,9896,88534,264322160,0,0,0
TA207,20220218,20220218,112755500,11:27:55,5368,9896,88534,264322160,0,0,0
TA207,20220218,20220218,112756000,11:27:56,5368,9896,88534,264322160,0,0,0
TA207,20220218,20220218,112756500,11:27:56,5368,9896,88534,264322160,0,0,0
TA207,20220218,20220218,112759000,11:27:59,5368,9896,88534,264322160,0,0,0
TA207,20220218,20220218,112759500,11:27:59,5368,9896,88534,264322160,0,0,0
TA207,20220218,20220218,112800000,11:28:01,5368,9896,88534,264322160,0,0,0
TA207,20220218,20220218,112800500,11:28:01,5368,9896,88534,264322160,0,0,0
TA207,20220218,20220218,112801000,11:28:01,5368,9896,88534,264322160,0,0,0
TA207,20220218,20220218,112803000,11:28:04,5368,9896,88534,264322160,0,0,0
TA207,20220218,20220218,112803500,11:28:04,5368,9896,88534,264322160,0,0,0
TA207,20220218,20220218,112804000,11:28:05,5368,9896,88534,264322160,0,0,0
TA207,20220218,20220218,112804500,11:28:06,5368,9896,88534,264322160,0,0,0
TA207,20220218,20220218,112805000,11:28:06,5368,9896,88534,264322160,0,0,0
TA207,20220218,20220218,112805500,11:28:07,5368,9896,88534,264322160,0,0,0
TA207,20220218,20220218,112806000,11:28:10,5368,9896,88534,264322160,0,0,0
TA207,20220218,20220218,112806500,11:28:10,5368,9896,88534,264322160,0,0,0
TA207,20220218,20220218,112810000,11:28:11,5368,9896,88534,264322160,0,0,0
TA207,20220218,20220218,112812500,11:28:13,5368,9896,88534,264322160,0,0,0
TA207,20220218,20220218,112813000,11:28:13,5368,9896,88534,264322160,0,0,0
TA207,20220218,20220218,112817000,11:28:17,5368,9896,88534,264322160,0,0,0
TA207,20220218,20220218,112817500,11:28:17,5368,9896,88534,264322160,0,0,0
TA207,20220218,20220218,112818000,11:28:18,5368,9896,88534,264322160,0,0,0
TA207,20220218,20220218,112827000,11:28:27,5368,9896,88534,264322160,0,0,0
TA207,20220218,20220218,112827500,11:28:27,5368,9896,88534,264322160,0,0,0
TA207,20220218,20220218,112828000,11:28:28,5368,9896,88534,264322160,0,0,0
TA207,20220218,20220218,112828500,11:28:28,5368,9896,88534,264322160,0,0,0
TA207,20220218,20220218,112829000,11:28:29,5368,9896,88534,264322160,0,0,0
TA207,20220218,20220218,112829500,11:28:29,5368,9896,88534,264322160,0,0,0
TA207,20220218,20220218,112830000,11:28:30,5368,9896,88534,264322160,0,0,0
TA207,20220218,20220218,112830500,11:28:31,5368,9896,88534,264322160,0,0,0
TA207,20220218,20220218,112831000,11:28:31,5368,9896,88534,264322160,0,0,0
TA207,20220218,20220218,112835500,11:28:37,5368,9896,88534,264322160,0,0,0
TA207,20220218,20220218,112836000,11:28:37,5368,9896,88534,264322160,0,0,0
TA207,20220218,20220218,112836500,11:28:37,5368,9896,88534,264322160,0,0,0
TA207,20220218,20220218,112837000,11:28:37,5368,9896,88534,264322160,0,0,0
TA207,20220218,20220218,112838000,11:28:38,5368,9896,88534,264322160,0,0,0
TA207,20220218,20220218,112839000,11:28:40,5368,9896,88534,264322160,0,0,0
TA207,20220218,20220218,112839500,11:28:40,5368,9896,88534,264322160,0,0,0
TA207,20220218,20220218,112841500,11:28:42,5368,9896,88534,264322160,0,0,0
TA207,20220218,20220218,112842000,11:28:42,5374,9936,88504,265390560,40,-30,1068400
TA207,20220218,20220218,112842500,11:28:42,5374,9936,88504,265390560,0,0,0
TA207,20220218,20220218,112843000,11:28:43,5374,9936,88504,265390560,0,0,0
TA207,20220218,20220218,112843500,11:28:44,5374,9936,88504,265390560,0,0,0
TA207,20220218,20220218,112844000,11:28:44,5374,9936,88504,265390560,0,0,0
TA207,20220218,20220218,112844500,11:28:45,5374,9936,88504,265390560,0,0,0
TA207,20220218,20220218,112845000,11:28:45,5374,9936,88504,265390560,0,0,0
TA207,20220218,20220218,112845500,11:28:46,5374,9936,88504,265390560,0,0,0
TA207,20220218,20220218,112846000,11:28:46,5374,9936,88504,265390560,0,0,0
TA207,20220218,20220218,112846500,11:28:46,5378,9950,88490,265764500,14,-14,373940
TA207,20220218,20220218,112847000,11:28:47,5378,9950,88490,265764500,0,0,0
TA207,20220218,20220218,112847500,11:28:48,5378,9950,88490,265764500,0,0,0
TA207,20220218,20220218,112848000,11:28:48,5378,9950,88490,265764500,0,0,0
TA207,20220218,20220218,112848500,11:28:48,5378,9950,88490,265764500,0,0,0
TA207,20220218,20220218,112849000,11:28:49,5378,9950,88490,265764500,0,0,0
TA207,20220218,20220218,112849500,11:28:50,5378,9950,88490,265764500,0,0,0
TA207,20220218,20220218,112850000,11:28:50,5378,9950,88490,265764500,0,0,0
TA207,20220218,20220218,112850500,11:28:51,5378,9950,88490,265764500,0,0,0
TA207,20220218,20220218,112852500,11:28:54,5378,9950,88490,265764500,0,0,0
TA207,20220218,20220218,112853000,11:28:54,5382,9954,88490,265871340,4,0,106840
TA207,20220218,20220218,112853500,11:28:54,5382,9954,88490,265871340,0,0,0
TA207,20220218,20220218,112854000,11:28:54,5384,9960,88484,266031600,6,-6,160260
TA207,20220218,20220218,112854500,11:28:54,5382,9975,88475,266432250,15,-9,400650
TA207,20220218,20220218,112855000,11:28:55,5382,9975,88475,266432250,0,0,0
TA207,20220218,20220218,112855500,11:28:56,5382,9981,88478,266592510,6,3,160260
TA207,20220218,20220218,112856000,11:28:56,5382,9981,88478,266592510,0,0,0
TA207,20220218,20220218,112856500,11:28:57,5382,9981,88478,266592510,0,0,0
TA207,20220218,20220218,112857000,11:28:57,5382,9981,88478,266592510,0,0,0
TA207,20220218,20220218,112857500,11:28:58,5382,9981,88478,266592510,0,0,0
TA207,20220218,20220218,112858000,11:28:59,5382,9981,88478,266592510,0,0,0
TA207,20220218,20220218,112858500,11:28:59,5382,9981,88478,266592510,0,0,0
TA207,20220218,20220218,112859000,11:28:59,5384,10000,88478,267200000,19,0,607490
TA207,20220218,20220218,112859500,11:29:00,5384,10000,88478,267200000,0,0,0
TA207,20220218,20220218,112900000,11:29:00,5384,10000,88478,267200000,0,0,0
TA207,20220218,20220218,112900500,11:29:01,5384,10000,88478,267200000,0,0,0
TA207,20220218,20220218,112901000,11:29:01,5384,10000,88478,267200000,0,0,0
TA207,20220218,20220218,112901500,11:29:02,5384,10000,88478,267200000,0,0,0
TA207,20220218,20220218,112902000,11:29:03,5384,10000,88478,267200000,0,0,0
TA207,20220218,20220218,112902500,11:29:03,5384,10000,88478,267200000,0,0,0
TA207,20220218,20220218,112903000,11:29:03,5384,10000,88478,267200000,0,0,0
TA207,20220218,20220218,112903500,11:29:04,5384,10000,88478,267200000,0,0,0
TA207,20220218,20220218,112904000,11:29:04,5384,10000,88478,267200000,0,0,0
TA207,20220218,20220218,112904500,11:29:04,5384,10000,88478,267200000,0,0,0
TA207,20220218,20220218,112905000,11:29:05,5384,10000,88478,267200000,0,0,0
TA207,20220218,20220218,112905500,11:29:06,5384,10000,88478,267200000,0,0,0
TA207,20220218,20220218,112906000,11:29:06,5384,10000,88478,267200000,0,0,0
TA207,20220218,20220218,112907000,11:29:08,5384,10000,88478,267200000,0,0,0
TA207,20220218,20220218,112907500,11:29:08,5384,10000,88478,267200000,0,0,0
TA207,20220218,20220218,112908000,11:29:08,5384,10000,88478,267200000,0,0,0
TA207,20220218,20220218,112908500,11:29:08,5380,10001,88479,267226720,1,1,26720
TA207,20220218,20220218,112909000,11:29:09,5380,10014,88484,267574080,13,5,347360
TA207,20220218,20220218,112909500,11:29:09,5380,10015,88485,267600800,1,1,26720
TA207,20220218,20220218,112910000,11:29:10,5380,10016,88486,267627520,1,1,26720
TA207,20220218,20220218,112910500,11:29:11,5380,10019,88489,267707680,3,3,80160
TA207,20220218,20220218,112911000,11:29:11,5380,10021,88491,267761120,2,2,53440
TA207,20220218,20220218,112911500,11:29:12,5380,10023,88493,267814560,2,2,53440
TA207,20220218,20220218,112912000,11:29:12,5380,10025,88495,267868000,2,2,53440
TA207,20220218,20220218,112912500,11:29:12,5380,10025,88495,267868000,0,0,0
TA207,20220218,20220218,112913000,11:29:13,5380,10029,88499,267974880,4,4,106880
TA207,20220218,20220218,112913500,11:29:14,5378,10031,88499,268028320,2,0,53440
TA207,20220218,20220218,112914000,11:29:14,5378,10031,88499,268028320,0,0,0
TA207,20220218,20220218,112914500,11:29:15,5378,10031,88499,268028320,0,0,0
TA207,20220218,20220218,112915000,11:29:15,5378,10031,88499,268028320,0,0,0
TA207,20220218,20220218,112915500,11:29:16,5378,10031,88499,268028320,0,0,0
TA207,20220218,20220218,112916000,11:29:16,5378,10031,88499,268028320,0,0,0
TA207,20220218,20220218,112916500,11:29:20,5378,10031,88499,268028320,0,0,0
TA207,20220218,20220218,112917000,11:29:20,5378,10031,88499,268028320,0,0,0
TA207,20220218,20220218,112917500,11:29:21,5378,10031,88499,268028320,0,0,0
TA207,20220218,20220218,112918000,11:29:21,5378,10031,88499,268028320,0,0,0
TA207,20220218,20220218,112920500,11:29:21,5378,10031,88499,268028320,0,0,0
TA207,20220218,20220218,112921000,11:29:23,5378,10031,88499,268028320,0,0,0
TA207,20220218,20220218,112921500,11:29:24,5378,10031,88499,268028320,0,0,0
TA207,20220218,20220218,112922000,11:29:24,5378,10031,88499,268028320,0,0,0
TA207,20220218,20220218,112922500,11:29:24,5378,10031,88499,268028320,0,0,0
TA207,20220218,20220218,112923000,11:29:24,5378,10031,88499,268028320,0,0,0
TA207,20220218,20220218,112924000,11:29:24,5378,10031,88499,268028320,0,0,0
TA207,20220218,20220218,112924500,11:29:25,5378,10031,88499,268028320,0,0,0
TA207,20220218,20220218,112925000,11:29:25,5378,10031,88499,268028320,0,0,0
TA207,20220218,20220218,112925500,11:29:25,5378,10031,88499,268028320,0,0,0
TA207,20220218,20220218,112926000,11:29:26,5378,10031,88499,268028320,0,0,0
TA207,20220218,20220218,112926500,11:29:26,5378,10031,88499,268028320,0,0,0
TA207,20220218,20220218,112927000,11:29:27,5378,10031,88499,268028320,0,0,0
TA207,20220218,20220218,112927500,11:29:28,5378,10031,88499,268028320,0,0,0
TA207,20220218,20220218,112928000,11:29:28,5378,10031,88499,268028320,0,0,0
TA207,20220218,20220218,112928500,11:29:29,5378,10031,88499,268028320,0,0,0
TA207,20220218,20220218,112929000,11:29:29,5378,10031,88499,268028320,0,0,0
TA207,20220218,20220218,112929500,11:29:30,5378,10031,88499,268028320,0,0,0
TA207,20220218,20220218,112930000,11:29:30,5378,10031,88499,268028320,0,0,0
TA207,20220218,20220218,112930500,11:29:31,5378,10031,88499,268028320,0,0,0
TA207,20220218,20220218,112931000,11:29:32,5382,10037,88499,268188640,6,0,160320
TA207,20220218,20220218,112931500,11:29:32,5386,10050,88501,268536000,13,2,347360
TA207,20220218,20220218,112932000,11:29:36,5386,10062,88509,268856640,12,8,320640
TA207,20220218,20220218,112932500,11:29:37,5386,10062,88509,268856640,0,0,0
TA207,20220218,20220218,112933000,11:29:37,5386,10062,88509,268856640,0,0,0
TA207,20220218,20220218,112933500,11:29:38,5386,10062,88509,268856640,0,0,0
TA207,20220218,20220218,112936500,11:29:38,5386,10062,88509,268856640,0,0,0
TA207,20220218,20220218,112937500,11:29:38,5386,10062,88509,268856640,0,0,0
TA207,20220218,20220218,112938000,11:29:38,5386,10062,88509,268856640,0,0,0
TA207,20220218,20220218,112938500,11:29:39,5386,10062,88509,268856640,0,0,0
TA207,20220218,20220218,112939000,11:29:39,5386,10062,88509,268856640,0,0,0
TA207,20220218,20220218,112939500,11:29:40,5386,10062,88509,268856640,0,0,0
TA207,20220218,20220218,112940000,11:29:40,5386,10062,88509,268856640,0,0,0
TA207,20220218,20220218,112940500,11:29:40,5386,10062,88509,268856640,0,0,0
TA207,20220218,20220218,112941000,11:29:41,5386,10062,88509,268856640,0,0,0
TA207,20220218,20220218,112941500,11:29:42,5386,10062,88509,268856640,0,0,0
TA207,20220218,20220218,112943500,11:29:45,5386,10062,88509,268856640,0,0,0
TA207,20220218,20220218,112944500,11:29:45,5386,10062,88509,268856640,0,0,0
TA207,20220218,20220218,112945000,11:29:46,5386,10062,88509,268856640,0,0,0
TA207,20220218,20220218,112945500,11:29:46,5386,10062,88509,268856640,0,0,0
TA207,20220218,20220218,112946000,11:29:47,5386,10062,88509,268856640,0,0,0
TA207,20220218,20220218,112946500,11:29:47,5386,10062,88509,268856640,0,0,0
TA207,20220218,20220218,112948000,11:29:49,5386,10062,88509,268856640,0,0,0
TA207,20220218,20220218,112949500,11:29:50,5386,10062,88509,268856640,0,0,0
TA207,20220218,20220218,112950000,11:29:51,5386,10062,88509,268856640,0,0,0
TA207,20220218,20220218,112951500,11:29:52,5386,10062,88509,268856640,0,0,0
TA207,20220218,20220218,112952000,11:29:53,5386,10062,88509,268856640,0,0,0
TA207,20220218,20220218,112954000,11:29:54,5386,10062,88509,268856640,0,0,0
TA207,20220218,20220218,112954500,11:29:54,5386,10062,88509,268856640,0,0,0
TA207,20220218,20220218,112955000,11:29:55,5386,10062,88509,268856640,0,0,0
TA207,20220218,20220218,112955500,11:29:56,5386,10062,88509,268856640,0,0,0
TA207,20220218,20220218,112956000,11:30:00,5386,10062,88509,268856640,0,0,0
TA207,20220218,20220218,112956500,11:30:00,5386,10062,88509,268856640,0,0,0
TA207,20220218,20220218,112957000,11:30:00,5386,10062,88509,268856640,0,0,0
TA207,20220218,20220218,112959500,11:30:02,5386,10062,88509,268856640,0,0,0
TA207,20220218,20220218,113000500,11:30:03,5386,10062,88509,268856640,0,0,0
TA207,20220218,20220218,133000500,13:30:00,5386,10062,88509,268856640,0,0,0
TA207,20220218,20220218,133001000,13:30:01,5386,10062,88509,268856640,0,0,0
TA207,20220218,20220218,133001500,13:30:02,5386,10062,88509,268856640,0,0,0
TA207,20220218,20220218,133002000,13:30:08,5386,10062,88509,268856640,0,0,0
TA207,20220218,20220218,133002500,13:30:10,5386,10062,88509,268856640,0,0,0
TA207,20220218,20220218,133008000,13:30:10,5386,10062,88509,268856640,0,0,0
TA207,20220218,20220218,133009500,13:30:10,5386,10062,88509,268856640,0,0,0
TA207,20220218,20220218,133010000,13:30:11,5386,10062,88509,268856640,0,0,0
TA207,20220218,20220218,133010500,13:30:12,5386,10062,88509,268856640,0,0,0
TA207,20220218,20220218,133011000,13:30:13,5386,10062,88509,268856640,0,0,0
TA207,20220218,20220218,133012500,13:30:13,5386,10062,88509,268856640,0,0,0
TA207,20220218,20220218,133013000,13:30:14,5386,10062,88509,268856640,0,0,0
TA207,20220218,20220218,133013500,13:30:14,5386,10062,88509,268856640,0,0,0
TA207,20220218,20220218,133014000,13:30:16,5386,10062,88509,268856640,0,0,0
TA207,20220218,20220218,133014500,13:30:16,5374,10084,88518,269444480,22,9,587840
TA207,20220218,20220218,133015000,13:30:18,5374,10084,88518,269444480,0,0,0
TA207,20220218,20220218,133016500,13:30:18,5374,10084,88518,269444480,0,0,0
TA207,20220218,20220218,133017000,13:30:18,5374,10084,88518,269444480,0,0,0
TA207,20220218,20220218,133017500,13:30:18,5374,10084,88518,269444480,0,0,0
TA207,20220218,20220218,133018000,13:30:19,5374,10084,88518,269444480,0,0,0
TA207,20220218,20220218,133018500,13:30:20,5374,10084,88518,269444480,0,0,0
TA207,20220218,20220218,133019000,13:30:20,5374,10084,88518,269444480,0,0,0
TA207,20220218,20220218,133019500,13:30:21,5374,10084,88518,269444480,0,0,0
TA207,20220218,20220218,133020000,13:30:21,5374,10084,88518,269444480,0,0,0
TA207,20220218,20220218,133020500,13:30:21,5374,10084,88518,269444480,0,0,0
TA207,20220218,20220218,133021000,13:30:21,5374,10084,88518,269444480,0,0,0
TA207,20220218,20220218,133021500,13:30:22,5374,10084,88518,269444480,0,0,0
TA207,20220218,20220218,133022000,13:30:38,5374,10084,88518,269444480,0,0,0
TA207,20220218,20220218,133022500,13:30:38,5374,10084,88518,269444480,0,0,0
TA207,20220218,20220218,133023000,13:30:40,5374,10084,88518,269444480,0,0,0
TA207,20220218,20220218,133038000,13:30:40,5374,10084,88518,269444480,0,0,0
TA207,20220218,20220218,133040500,13:30:42,5374,10084,88518,269444480,0,0,0
TA207,20220218,20220218,133041000,13:30:43,5374,10084,88518,269444480,0,0,0
TA207,20220218,20220218,133042000,13:30:44,5374,10084,88518,269444480,0,0,0
TA207,20220218,20220218,133042500,13:30:44,5374,10084,88518,269444480,0,0,0
TA207,20220218,20220218,133043000,13:30:44,5378,10127,88517,270593440,43,-1,1148960
TA207,20220218,20220218,133043500,13:30:45,5378,10127,88517,270593440,0,0,0
TA207,20220218,20220218,133044000,13:30:46,5378,10131,88517,270700320,4,0,106880
TA207,20220218,20220218,133044500,13:30:46,5378,10131,88517,270700320,0,0,0
TA207,20220218,20220218,133045000,13:30:46,5378,10131,88517,270700320,0,0,0
TA207,20220218,20220218,133045500,13:30:47,5378,10131,88517,270700320,0,0,0
TA207,20220218,20220218,133046000,13:30:47,5378,10131,88517,270700320,0,0,0
TA207,20220218,20220218,133046500,13:30:47,5378,10131,88517,270700320,0,0,0
TA207,20220218,20220218,133047000,13:30:48,5378,10131,88517,270700320,0,0,0
TA207,20220218,20220218,133047500,13:30:48,5378,10131,88517,270700320,0,0,0
TA207,20220218,20220218,133048000,13:30:49,5378,10131,88517,270700320,0,0,0
TA207,20220218,20220218,133048500,13:30:49,5378,10131,88517,270700320,0,0,0
TA207,20220218,20220218,133049000,13:30:50,5380,10139,88517,270914080,8,0,213760
TA207,20220218,20220218,133049500,13:30:50,5380,10139,88517,270914080,0,0,0
TA207,20220218,20220218,133050000,13:30:51,5378,10143,88517,271020960,4,0,106880
TA207,20220218,20220218,133050500,13:30:52,5378,10145,88517,271074400,2,0,53440
TA207,20220218,20220218,133051000,13:30:52,5378,10145,88517,271074400,0,0,0
TA207,20220218,20220218,133051500,13:30:52,5378,10145,88517,271074400,0,0,0
TA207,20220218,20220218,133052000,13:30:53,5378,10145,88517,271074400,0,0,0
TA207,20220218,20220218,133052500,13:30:54,5380,10146,88517,271101120,1,0,26720
TA207,20220218,20220218,133053000,13:30:54,5380,10152,88517,271261440,6,0,160320
TA207,20220218,20220218,133053500,13:30:54,5380,10152,88517,271261440,0,0,0
TA207,20220218,20220218,133054000,13:30:55,5380,10152,88517,271261440,0,0,0
TA207,20220218,20220218,133054500,13:30:55,5382,10157,88517,271395040,5,0,133600
TA207,20220218,20220218,133055000,13:30:56,5382,10157,88517,271395040,0,0,0
TA207,20220218,20220218,133055500,13:30:56,5382,10158,88517,271421760,1,0,26720
TA207,20220218,20220218,133056000,13:30:57,5382,10158,88517,271421760,0,0,0
TA207,20220218,20220218,133056500,13:30:57,5382,10158,88517,271421760,0,0,0
TA207,20220218,20220218,133057000,13:30:58,5382,10158,88517,271421760,0,0,0
TA207,20220218,20220218,133057500,13:30:58,5382,10158,88517,271421760,0,0,0
TA207,20220218,20220218,133058000,13:30:58,5382,10158,88517,271421760,0,0,0
TA207,20220218,20220218,133058500,13:30:59,5382,10158,88517,271421760,0,0,0
TA207,20220218,20220218,133059000,13:30:59,5382,10158,88517,271421760,0,0,0
TA207,20220218,20220218,133059500,13:30:59,5382,10158,88517,271421760,0,0,0
TA207,20220218,20220218,133100000,13:31:00,5382,10158,88517,271421760,0,0,0
TA207,20220218,20220218,133100500,13:31:01,5382,10158,88517,271421760,0,0,0
TA207,20220218,20220218,133101000,13:31:01,5382,10158,88517,271421760,0,0,0
TA207,20220218,20220218,133101500,13:31:01,5382,10158,88517,271421760,0,0,0
TA207,20220218,20220218,133102000,13:31:02,5382,10158,88517,271421760,0,0,0
TA207,20220218,20220218,133102500,13:31:03,5382,10158,88517,271421760,0,0,0
TA207,20220218,20220218,133103000,13:31:03,5382,10158,88517,271421760,0,0,0
TA207,20220218,20220218,133103500,13:31:05,5382,10158,88517,271421760,0,0,0
TA207,20220218,20220218,133104000,13:31:06,5382,10159,88517,271448480,1,0,26720
TA207,20220218,20220218,133104500,13:31:07,5382,10159,88517,271448480,0,0,0
TA207,20220218,20220218,133105500,13:31:07,5382,10159,88517,271448480,0,0,0
TA207,20220218,20220218,133107000,13:31:08,5382,10159,88517,271448480,0,0,0
TA207,20220218,20220218,133108500,13:31:09,5382,10159,88517,271448480,0,0,0
TA207,20220218,20220218,133109000,13:31:10,5382,10159,88517,271448480,0,0,0
TA207,20220218,20220218,133109500,13:31:10,5382,10159,88517,271448480,0,0,0
TA207,20220218,20220218,133110000,13:31:11,5382,10159,88517,271448480,0,0,0
TA207,20220218,20220218,133110500,13:31:11,5382,10159,88517,271448480,0,0,0
TA207,20220218,20220218,133111500,13:31:12,5386,10175,88517,271876000,16,0,427520
TA207,20220218,20220218,133112500,13:31:13,5386,10179,88517,271982880,4,0,106880
TA207,20220218,20220218,133113000,13:31:14,5386,10179,88517,271982880,0,0,0
TA207,20220218,20220218,133113500,13:31:15,5386,10179,88517,271982880,0,0,0
TA207,20220218,20220218,133114000,13:31:15,5386,10181,88517,272036320,2,0,53440
TA207,20220218,20220218,133114500,13:31:15,5386,10181,88517,272036320,0,0,0
TA207,20220218,20220218,133115000,13:31:15,5386,10181,88517,272036320,0,0,0
TA207,20220218,20220218,133115500,13:31:16,5386,10184,88517,272116480,3,0,80160
TA207,20220218,20220218,133116000,13:31:16,5386,10184,88517,272116480,0,0,0
TA207,20220218,20220218,133121500,13:31:22,5386,10186,88517,272169920,2,0,53440
TA207,20220218,20220218,133122000,13:31:23,5386,10186,88517,272169920,0,0,0
TA207,20220218,20220218,133122500,13:31:25,5386,10186,88517,272169920,0,0,0
TA207,20220218,20220218,133123000,13:31:25,5386,10186,88517,272169920,0,0,0
TA207,20220218,20220218,133124500,13:31:25,5386,10186,88517,272169920,0,0,0
TA207,20220218,20220218,133157500,13:31:57,5386,10186,88517,272169920,0,0,0
TA207,20220218,20220218,133158500,13:31:58,5386,10186,88517,272169920,0,0,0
TA207,20220218,20220218,133159000,13:31:59,5386,10186,88517,272169920,0,0,0
TA207,20220218,20220218,133159500,13:32:00,5386,10186,88517,272169920,0,0,0
TA207,20220218,20220218,133200000,13:32:01,5392,10225,88516,273212000,39,-1,1042080
TA207,20220218,20220218,133200500,13:32:01,5392,10225,88516,273212000,0,0,0
TA207,20220218,20220218,133201000,13:32:01,5392,10225,88516,273212000,0,0,0
TA207,20220218,20220218,133201500,13:32:01,5392,10225,88516,273212000,0,0,0
TA207,20220218,20220218,133202000,13:32:03,5392,10225,88516,273212000,0,0,0
TA207,20220218,20220218,133202500,13:32:04,5392,10225,88516,273212000,0,0,0
TA207,20220218,20220218,133203000,13:32:05,5392,10225,88516,273212000,0,0,0
TA207,20220218,20220218,133203500,13:32:05,5392,10225,88516,273212000,0,0,0
TA207,20220218,20220218,133205000,13:32:05,5392,10225,88516,273212000,0,0,0
TA207,20220218,20220218,133205500,13:32:06,5392,10225,88516,273212000,0,0,0
TA207,20220218,20220218,133206000,13:32:07,5392,10290,88466,274948800,65,-50,1736800
TA207,20220218,20220218,133206500,13:32:07,5392,10290,88466,274948800,0,0,0
TA207,20220218,20220218,133207000,13:32:07,5392,10290,88466,274948800,0,0,0
TA207,20220218,20220218,133207500,13:32:07,5392,10290,88466,274948800,0,0,0
TA207,20220218,20220218,133209000,13:32:10,5392,10290,88466,274948800,0,0,0
TA207,20220218,20220218,133209500,13:32:10,5392,10290,88466,274948800,0,0,0
TA207,20220218,20220218,133210000,13:32:11,5392,10290,88466,274948800,0,0,0
TA207,20220218,20220218,133210500,13:32:14,5392,10290,88466,274948800,0,0,0
TA207,20220218,20220218,133211000,13:32:14,5394,10300,88466,275216000,10,0,267200
TA207,20220218,20220218,133213000,13:32:15,5394,10300,88466,275216000,0,0,0
TA207,20220218,20220218,133214000,13:32:15,5394,10300,88466,275216000,0,0,0
TA207,20220218,20220218,133215000,13:32:16,5394,10300,88466,275216000,0,0,0
TA207,20220218,20220218,133215500,13:32:16,5394,10300,88466,275216000,0,0,0
TA207,20220218,20220218,133216500,13:32:17,5394,10300,88466,275216000,0,0,0
TA207,20220218,20220218,133217000,13:32:18,5394,10300,88466,275216000,0,0,0
TA207,20220218,20220218,133217500,13:32:18,5394,10300,88466,275216000,0,0,0
TA207,20220218,20220218,133219000,13:32:20,5394,10300,88466,275216000,0,0,0
TA207,20220218,20220218,133219500,13:32:20,5394,10300,88466,275216000,0,0,0
TA207,20220218,20220218,133220500,13:32:21,5394,10300,88466,275216000,0,0,0
TA207,20220218,20220218,133221000,13:32:21,5394,10300,88466,275216000,0,0,0
TA207,20220218,20220218,133221500,13:32:22,5398,10342,88447,276338240,42,-19,1122240
TA207,20220218,20220218,133222000,13:32:23,5398,10370,88447,277086400,28,0,748160
TA207,20220218,20220218,133222500,13:32:24,5398,10370,88447,277086400,0,0,0
TA207,20220218,20220218,133223000,13:32:24,5398,10370,88447,277086400,0,0,0
TA207,20220218,20220218,133223500,13:32:24,5398,10380,88447,277353600,10,0,267200
TA207,20220218,20220218,133224000,13:32:24,5398,10380,88447,277353600,0,0,0
TA207,20220218,20220218,133224500,13:32:25,5398,10380,88447,277353600,0,0,0
TA207,20220218,20220218,133225000,13:32:25,5398,10380,88447,277353600,0,0,0
TA207,20220218,20220218,133225500,13:32:26,5398,10380,88447,277353600,0,0,0
TA207,20220218,20220218,133226000,13:32:27,5398,10380,88447,277353600,0,0,0
TA207,20220218,20220218,133226500,13:32:27,5398,10380,88447,277353600,0,0,0
TA207,20220218,20220218,133227500,13:32:32,5398,10380,88447,277353600,0,0,0
TA207,20220218,20220218,133228000,13:32:32,5398,10380,88447,277353600,0,0,0
TA207,20220218,20220218,133228500,13:32:33,5398,10380,88447,277353600,0,0,0
TA207,20220218,20220218,133229000,13:32:33,5398,10380,88447,277353600,0,0,0
TA207,20220218,20220218,133232000,13:32:34,5398,10380,88447,277353600,0,0,0
TA207,20220218,20220218,133232500,13:32:35,5398,10380,88447,277353600,0,0,0
TA207,20220218,20220218,133234500,13:32:35,5398,10380,88447,277353600,0,0,0
TA207,20220218,20220218,133235000,13:32:36,5402,10490,88417,280397700,110,-30,3044100
TA207,20220218,20220218,133235500,13:32:36,5404,10501,88427,280691730,11,10,294030
TA207,20220218,20220218,133236000,13:32:37,5402,10560,88446,282268800,59,19,1577070
TA207,20220218,20220218,133236500,13:32:37,5402,10560,88446,282268800,0,0,0
TA207,20220218,20220218,133237000,13:32:37,5404,10580,88426,282803400,20,-20,534600
TA207,20220218,20220218,133237500,13:32:38,5404,10580,88426,282803400,0,0,0
TA207,20220218,20220218,133238000,13:32:38,5404,10600,88436,283338000,20,10,534600
TA207,20220218,20220218,133238500,13:32:39,5402,10602,88436,283391460,2,0,53460
TA207,20220218,20220218,133239000,13:32:39,5402,10604,88434,283444920,2,-2,53460
TA207,20220218,20220218,133239500,13:32:40,5402,10604,88434,283444920,0,0,0
TA207,20220218,20220218,133240000,13:32:40,5402,10604,88434,283444920,0,0,0
TA207,20220218,20220218,133240500,13:32:41,5402,10604,88434,283444920,0,0,0
TA207,20220218,20220218,133241000,13:32:41,5402,10604,88434,283444920,0,0,0
TA207,20220218,20220218,133241500,13:32:42,5402,10604,88434,283444920,0,0,0
TA207,20220218,20220218,133242500,13:32:42,5402,10604,88434,283444920,0,0,0
TA207,20220218,20220218,133243000,13:32:43,5402,10604,88434,283444920,0,0,0
TA207,20220218,20220218,133243500,13:32:44,5402,10604,88434,283444920,0,0,0
TA207,20220218,20220218,133244000,13:32:44,5402,10604,88434,283444920,0,0,0
TA207,20220218,20220218,133244500,13:32:45,5400,10634,88444,284246820,30,10,801900
TA207,20220218,20220218,133245000,13:32:45,5398,10715,88425,286411950,81,-19,2165130
TA207,20220218,20220218,133245500,13:32:45,5398,10715,88425,286411950,0,0,0
TA207,20220218,20220218,133246000,13:32:47,5398,10718,88422,286492140,3,-3,80190
TA207,20220218,20220218,133246500,13:32:47,5398,10718,88422,286492140,0,0,0
TA207,20220218,20220218,133247000,13:32:47,5398,10718,88422,286492140,0,0,0
TA207,20220218,20220218,133247500,13:32:48,5398,10718,88422,286492140,0,0,0
TA207,20220218,20220218,133248000,13:32:48,5398,10718,88422,286492140,0,0,0
TA207,20220218,20220218,133248500,13:32:49,5398,10718,88422,286492140,0,0,0
TA207,20220218,20220218,133249000,13:32:49,5398,10718,88422,286492140,0,0,0
TA207,20220218,20220218,133249500,13:32:50,5398,10718,88422,286492140,0,0,0
TA207,20220218,20220218,133250000,13:32:52,5398,10718,88422,286492140,0,0,0
TA207,20220218,20220218,133250500,13:32:52,5398,10718,88422,286492140,0,0,0
TA207,20220218,20220218,133251000,13:32:53,5398,10718,88422,286492140,0,0,0
TA207,20220218,20220218,133252500,13:32:53,5398,10718,88422,286492140,0,0,0
TA207,20220218,20220218,133253000,13:32:53,5398,10718,88422,286492140,0,0,0
TA207,20220218,20220218,133253500,13:32:54,5398,10718,88422,286492140,0,0,0
TA207,20220218,20220218,133254000,13:32:54,5398,10718,88422,286492140,0,0,0
TA207,20220218,20220218,133254500,13:32:55,5398,10718,88422,286492140,0,0,0
TA207,20220218,20220218,133255500,13:32:56,5398,10718,88422,286492140,0,0,0
TA207,20220218,20220218,133256000,13:32:56,5398,10718,88422,286492140,0,0,0
TA207,20220218,20220218,133256500,13:32:58,5398,10718,88422,286492140,0,0,0
TA207,20220218,20220218,133257500,13:33:00,5398,10718,88422,286492140,0,0,0
TA207,20220218,20220218,133258000,13:33:00,5398,10718,88422,286492140,0,0,0
TA207,20220218,20220218,133259500,13:33:01,5398,10718,88422,286492140,0,0,0
TA207,20220218,20220218,133300000,13:33:01,5398,10718,88422,286492140,0,0,0
TA207,20220218,20220218,133300500,13:33:02,5398,10718,88422,286492140,0,0,0
TA207,20220218,20220218,133301000,13:33:02,5398,10722,88421,286599060,4,-1,106920
TA207,20220218,20220218,133301500,13:33:02,5398,10722,88421,286599060,0,0,0
TA207,20220218,20220218,133302000,13:33:03,5398,10722,88421,286599060,0,0,0
TA207,20220218,20220218,133302500,13:33:03,5398,10722,88421,286599060,0,0,0
TA207,20220218,20220218,133303000,13:33:04,5398,10722,88421,286599060,0,0,0
TA207,20220218,20220218,133303500,13:33:04,5398,10722,88421,286599060,0,0,0
TA207,20220218,20220218,133304000,13:33:04,5398,10722,88421,286599060,0,0,0
TA207,20220218,20220218,133304500,13:33:05,5398,10722,88421,286599060,0,0,0
TA207,20220218,20220218,133305000,13:33:05,5398,10722,88421,286599060,0,0,0
TA207,20220218,20220218,133305500,13:33:05,5398,10722,88421,286599060,0,0,0
TA207,20220218,20220218,133306000,13:33:06,5396,10732,88431,286866360,10,10,267300
TA207,20220218,20220218,133306500,13:33:06,5396,10732,88431,286866360,0,0,0
TA207,20220218,20220218,133307000,13:33:07,5396,10732,88431,286866360,0,0,0
TA207,20220218,20220218,133307500,13:33:08,5396,10732,88431,286866360,0,0,0
TA207,20220218,20220218,133308000,13:33:08,5396,10732,88431,286866360,0,0,0
TA207,20220218,20220218,133308500,13:33:09,5396,10732,88431,286866360,0,0,0
TA207,20220218,20220218,133309000,13:33:10,5396,10732,88431,286866360,0,0,0
TA207,20220218,20220218,133309500,13:33:11,5396,10732,88431,286866360,0,0,0
TA207,20220218,20220218,133310000,13:33:11,5396,10732,88431,286866360,0,0,0
TA207,20220218,20220218,133311000,13:33:13,5392,10757,88429,287534610,25,-2,668250
TA207,20220218,20220218,133311500,13:33:14,5392,10757,88429,287534610,0,0,0
TA207,20220218,20220218,133312000,13:33:14,5392,10757,88429,287534610,0,0,0
TA207,20220218,20220218,133313500,13:33:14,5392,10757,88429,287534610,0,0,0
TA207,20220218,20220218,133314000,13:33:17,5392,10757,88429,287534610,0,0,0
TA207,20220218,20220218,133314500,13:33:17,5392,10757,88429,287534610,0,0,0
TA207,20220218,20220218,133315000,13:33:18,5392,10757,88429,287534610,0,0,0
TA207,20220218,20220218,133317000,13:33:18,5394,10760,88429,287614800,3,0,80190
TA207,20220218,20220218,133318000,13:33:19,5394,10760,88429,287614800,0,0,0
TA207,20220218,20220218,133318500,13:33:19,5394,10760,88429,287614800,0,0,0
TA207,20220218,20220218,133319000,13:33:20,5394,10762,88431,287668260,2,2,53460
TA207,20220218,20220218,133319500,13:33:21,5392,10766,88431,287775180,4,0,106920
TA207,20220218,20220218,133320000,13:33:21,5392,10766,88431,287775180,0,0,0
TA207,20220218,20220218,133320500,13:33:21,5392,10766,88431,287775180,0,0,0
TA207,20220218,20220218,133321000,13:33:22,5392,10766,88431,287775180,0,0,0
TA207,20220218,20220218,133322500,13:33:22,5392,10766,88431,287775180,0,0,0
TA207,20220218,20220218,133323000,13:33:23,5392,10766,88431,287775180,0,0,0
TA207,20220218,20220218,133323500,13:33:24,5392,10766,88431,287775180,0,0,0
TA207,20220218,20220218,133324000,13:33:24,5392,10766,88431,287775180,0,0,0
TA207,20220218,20220218,133325000,13:33:26,5392,10766,88431,287775180,0,0,0
TA207,20220218,20220218,133325500,13:33:27,5392,10766,88431,287775180,0,0,0
TA207,20220218,20220218,133326500,13:33:29,5392,10766,88431,287775180,0,0,0
TA207,20220218,20220218,133327000,13:33:29,5392,10766,88431,287775180,0,0,0
TA207,20220218,20220218,133328000,13:33:30,5392,10766,88431,287775180,0,0,0
TA207,20220218,20220218,133329500,13:33:30,5392,10766,88431,287775180,0,0,0
TA207,20220218,20220218,133330000,13:33:30,5392,10766,88431,287775180,0,0,0
TA207,20220218,20220218,133330500,13:33:32,5392,10766,88431,287775180,0,0,0
TA207,20220218,20220218,133331000,13:33:32,5392,10766,88431,287775180,0,0,0
TA207,20220218,20220218,133331500,13:33:32,5392,10766,88431,287775180,0,0,0
TA207,20220218,20220218,133335000,13:33:35,5392,10766,88431,287775180,0,0,0
TA207,20220218,20220218,133335500,13:33:35,5392,10766,88431,287775180,0,0,0
TA207,20220218,20220218,133336000,13:33:36,5392,10766,88431,287775180,0,0,0
TA207,20220218,20220218,133336500,13:33:36,5392,10766,88431,287775180,0,0,0
TA207,20220218,20220218,133337000,13:33:37,5392,10766,88431,287775180,0,0,0
TA207,20220218,20220218,133337500,13:33:37,5392,10766,88431,287775180,0,0,0
TA207,20220218,20220218,133338500,13:33:39,5392,10766,88431,287775180,0,0,0
TA207,20220218,20220218,133339000,13:33:39,5392,10771,88431,287908830,5,0,133650
TA207,20220218,20220218,133339500,13:33:40,5392,10771,88431,287908830,0,0,0
TA207,20220218,20220218,133340000,13:33:40,5394,10772,88431,287935560,1,0,26730
TA207,20220218,20220218,133340500,13:33:41,5394,10772,88431,287935560,0,0,0
TA207,20220218,20220218,133341000,13:33:41,5394,10772,88431,287935560,0,0,0
TA207,20220218,20220218,133341500,13:33:42,5394,10772,88431,287935560,0,0,0
TA207,20220218,20220218,133342000,13:33:42,5394,10773,88431,287962290,1,0,26730
TA207,20220218,20220218,133342500,13:33:42,5394,10775,88431,288015750,2,0,53460
TA207,20220218,20220218,133343000,13:33:43,5394,10776,88431,288042480,1,0,26730
TA207,20220218,20220218,133343500,13:33:44,5394,10776,88431,288042480,0,0,0
TA207,20220218,20220218,133344000,13:33:45,5394,10776,88431,288042480,0,0,0
TA207,20220218,20220218,133344500,13:33:45,5394,10776,88431,288042480,0,0,0
TA207,20220218,20220218,133345000,13:33:45,5394,10776,88431,288042480,0,0,0
TA207,20220218,20220218,133347500,13:33:49,5394,10776,88431,288042480,0,0,0
TA207,20220218,20220218,133351500,13:33:52,5394,10776,88431,288042480,0,0,0
TA207,20220218,20220218,133352000,13:33:52,5394,10776,88431,288042480,0,0,0
TA207,20220218,20220218,133352500,13:33:53,5394,10776,88431,288042480,0,0,0
TA207,20220218,20220218,133353000,13:33:53,5394,10776,88431,288042480,0,0,0
TA207,20220218,20220218,133353500,13:33:53,5394,10776,88431,288042480,0,0,0
TA207,20220218,20220218,133354500,13:33:56,5394,10776,88431,288042480,0,0,0
TA207,20220218,20220218,133355000,13:33:56,5394,10776,88431,288042480,0,0,0
TA207,20220218,20220218,133355500,13:33:56,5394,10776,88431,288042480,0,0,0
TA207,20220218,20220218,133356000,13:33:57,5394,10776,88431,288042480,0,0,0
TA207,20220218,20220218,133356500,13:33:57,5394,10776,88431,288042480,0,0,0
TA207,20220218,20220218,133357000,13:33:58,5394,10776,88431,288042480,0,0,0
TA207,20220218,20220218,133358500,13:33:59,5394,10776,88431,288042480,0,0,0
TA207,20220218,20220218,133359000,13:33:59,5394,10776,88431,288042480,0,0,0
TA207,20220218,20220218,133359500,13:34:00,5394,10776,88431,288042480,0,0,0
TA207,20220218,20220218,133400000,13:34:00,5394,10776,88431,288042480,0,0,0
TA207,20220218,20220218,133400500,13:34:01,5394,10776,88431,288042480,0,0,0
TA207,20220218,20220218,133401000,13:34:01,5394,10776,88431,288042480,0,0,0
TA207,20220218,20220218,133401500,13:34:02,5394,10776,88431,288042480,0,0,0
TA207,20220218,20220218,133402000,13:34:10,5394,10776,88431,288042480,0,0,0
TA207,20220218,20220218,133402500,13:34:10,5394,10776,88431,288042480,0,0,0
TA207,20220218,20220218,133403000,13:34:10,5394,10776,88431,288042480,0,0,0
TA207,20220218,20220218,133410000,13:34:11,5394,10776,88431,288042480,0,0,0
TA207,20220218,20220218,133411500,13:34:12,5394,10776,88431,288042480,0,0,0
TA207,20220218,20220218,133412000,13:34:13,5394,10776,88431,288042480,0,0,0
TA207,20220218,20220218,133414000,13:34:14,5394,10776,88431,288042480,0,0,0
TA207,20220218,20220218,133414500,13:34:15,5394,10776,88431,288042480,0,0,0
TA207,20220218,20220218,133415000,13:34:16,5396,10778,88429,288095940,2,-2,53460
TA207,20220218,20220218,133415500,13:34:16,5398,10818,88418,289165140,40,-11,1069200
TA207,20220218,20220218,133416000,13:34:16,5398,10819,88419,289191870,1,1,26730
TA207,20220218,20220218,133416500,13:34:17,5398,10822,88419,289272060,3,0,80190
TA207,20220218,20220218,133417000,13:34:17,5398,10824,88419,289325520,2,0,53460
TA207,20220218,20220218,133417500,13:34:17,5398,10824,88419,289325520,0,0,0
TA207,20220218,20220218,133418500,13:34:19,5398,10832,88419,289539360,8,0,213840
TA207,20220218,20220218,133419000,13:34:19,5398,10837,88419,289673010,5,0,133650
TA207,20220218,20220218,133420000,13:34:20,5398,10842,88415,289915080,5,-4,242070
TA207,20220218,20220218,133423000,13:34:24,5398,10842,88415,289915080,0,0,0
TA207,20220218,20220218,133423500,13:34:24,5398,10842,88415,289915080,0,0,0
TA207,20220218,20220218,133424000,13:34:24,5398,10842,88415,289915080,0,0,0
TA207,20220218,20220218,133424500,13:34:24,5398,10842,88415,289915080,0,0,0
TA207,20220218,20220218,133425500,13:34:26,5398,10842,88415,289915080,0,0,0
TA207,20220218,20220218,133426500,13:34:26,5398,10842,88415,289915080,0,0,0
TA207,20220218,20220218,133427000,13:34:27,5396,10848,88421,290075520,6,6,160440
TA207,20220218,20220218,133428500,13:34:29,5396,10848,88421,290075520,0,0,0
TA207,20220218,20220218,133429000,13:34:29,5396,10854,88422,290235960,6,1,160440
TA207,20220218,20220218,133429500,13:34:29,5396,10854,88422,290235960,0,0,0
TA207,20220218,20220218,133430000,13:34:30,5396,10854,88422,290235960,0,0,0
TA207,20220218,20220218,133430500,13:34:30,5396,10854,88422,290235960,0,0,0
TA207,20220218,20220218,133431500,13:34:31,5396,10854,88422,290235960,0,0,0
TA207,20220218,20220218,133432000,13:34:32,5396,10854,88422,290235960,0,0,0
TA207,20220218,20220218,133432500,13:34:32,5396,10854,88422,290235960,0,0,0
TA207,20220218,20220218,133433000,13:34:33,5396,10854,88422,290235960,0,0,0
TA207,20220218,20220218,133433500,13:34:34,5396,10854,88422,290235960,0,0,0
TA207,20220218,20220218,133436500,13:34:36,5396,10854,88422,290235960,0,0,0
TA207,20220218,20220218,133437000,13:34:37,5396,10854,88422,290235960,0,0,0
TA207,20220218,20220218,133437500,13:34:38,5396,10854,88422,290235960,0,0,0
TA207,20220218,20220218,133438000,13:34:38,5396,10854,88422,290235960,0,0,0
TA207,20220218,20220218,133438500,13:34:39,5396,10854,88422,290235960,0,0,0
TA207,20220218,20220218,133439500,13:34:40,5396,10854,88422,290235960,0,0,0
TA207,20220218,20220218,133440500,13:34:41,5396,10854,88422,290235960,0,0,0
TA207,20220218,20220218,133441000,13:34:41,5396,10854,88422,290235960,0,0,0
TA207,20220218,20220218,133441500,13:34:43,5396,10854,88422,290235960,0,0,0
TA207,20220218,20220218,133442000,13:34:44,5396,10854,88422,290235960,0,0,0
TA207,20220218,20220218,133442500,13:34:44,5396,10854,88422,290235960,0,0,0
TA207,20220218,20220218,133443000,13:34:45,5396,10854,88422,290235960,0,0,0
TA207,20220218,20220218,133444500,13:34:46,5396,10854,88422,290235960,0,0,0
TA207,20220218,20220218,133445000,13:34:46,5396,10854,88422,290235960,0,0,0
TA207,20220218,20220218,133445500,13:34:46,5396,10854,88422,290235960,0,0,0
TA207,20220218,20220218,133448000,13:34:48,5396,10854,88422,290235960,0,0,0
TA207,20220218,20220218,133448500,13:34:49,5396,10854,88422,290235960,0,0,0
TA207,20220218,20220218,133450000,13:34:51,5396,10854,88422,290235960,0,0,0
TA207,20220218,20220218,133450500,13:34:51,5396,10854,88422,290235960,0,0,0
TA207,20220218,20220218,133451500,13:34:52,5396,10854,88422,290235960,0,0,0
TA207,20220218,20220218,133452000,13:34:52,5396,10854,88422,290235960,0,0,0
TA207,20220218,20220218,133452500,13:34:53,5396,10854,88422,290235960,0,0,0
TA207,20220218,20220218,133453000,13:34:53,5396,10854,88422,290235960,0,0,0
TA207,20220218,20220218,133453500,13:34:55,5396,10855,88422,290262700,1,0,26740
TA207,20220218,20220218,133454000,13:34:56,5396,10855,88422,290262700,0,0,0
TA207,20220218,20220218,133454500,13:34:56,5396,10855,88422,290262700,0,0,0
TA207,20220218,20220218,133455500,13:34:56,5396,10855,88422,290262700,0,0,0
TA207,20220218,20220218,133456000,13:34:57,5396,10855,88422,290262700,0,0,0
TA207,20220218,20220218,133457000,13:34:57,5396,10855,88422,290262700,0,0,0
TA207,20220218,20220218,133458000,13:34:58,5396,10855,88422,290262700,0,0,0
TA207,20220218,20220218,133458500,13:34:59,5396,10855,88422,290262700,0,0,0
TA207,20220218,20220218,133500000,13:35:00,5396,10855,88422,290262700,0,0,0
TA207,20220218,20220218,133500500,13:35:04,5396,10855,88422,290262700,0,0,0
TA207,20220218,20220218,133501000,13:35:04,5396,10855,88422,290262700,0,0,0
TA207,20220218,20220218,133501500,13:35:10,5396,10855,88422,290262700,0,0,0
TA207,20220218,20220218,133502000,13:35:10,5396,10855,88422,290262700,0,0,0
TA207,20220218,20220218,133504000,13:35:10,5396,10855,88422,290262700,0,0,0
TA207,20220218,20220218,133508500,13:35:10,5396,10855,88422,290262700,0,0,0
TA207,20220218,20220218,133511500,13:35:12,5396,10855,88422,290262700,0,0,0
TA207,20220218,20220218,133512000,13:35:13,5396,10855,88422,290262700,0,0,0
TA207,20220218,20220218,133512500,13:35:13,5396,10855,88422,290262700,0,0,0
TA207,20220218,20220218,133513000,13:35:13,5396,10855,88422,290262700,0,0,0
TA207,20220218,20220218,133513500,13:35:14,5396,10855,88422,290262700,0,0,0
TA207,20220218,20220218,133515000,13:35:15,5396,10855,88422,290262700,0,0,0
TA207,20220218,20220218,133516000,13:35:16,5396,10855,88422,290262700,0,0,0
TA207,20220218,20220218,133516500,13:35:17,5396,10855,88422,290262700,0,0,0
TA207,20220218,20220218,133517000,13:35:17,5396,10855,88422,290262700,0,0,0
TA207,20220218,20220218,133517500,13:35:18,5396,10855,88422,290262700,0,0,0
TA207,20220218,20220218,133518000,13:35:19,5396,10855,88422,290262700,0,0,0
TA207,20220218,20220218,133518500,13:35:19,5396,10855,88422,290262700,0,0,0
TA207,20220218,20220218,133519000,13:35:19,5396,10855,88422,290262700,0,0,0
TA207,20220218,20220218,133519500,13:35:20,5396,10855,88422,290262700,0,0,0
TA207,20220218,20220218,133520000,13:35:20,5396,10855,88422,290262700,0,0,0
TA207,20220218,20220218,133520500,13:35:21,5396,10855,88422,290262700,0,0,0
TA207,20220218,20220218,133521000,13:35:22,5396,10855,88422,290262700,0,0,0
TA207,20220218,20220218,133521500,13:35:22,5396,10855,88422,290262700,0,0,0
TA207,20220218,20220218,133522000,13:35:22,5396,10855,88422,290262700,0,0,0
TA207,20220218,20220218,133522500,13:35:23,5396,10855,88422,290262700,0,0,0
TA207,20220218,20220218,133524000,13:35:25,5396,10855,88422,290262700,0,0,0
TA207,20220218,20220218,133524500,13:35:25,5396,10855,88422,290262700,0,0,0
TA207,20220218,20220218,133525000,13:35:26,5398,10859,88421,290369660,4,-1,106960
TA207,20220218,20220218,133525500,13:35:26,5398,10859,88421,290369660,0,0,0
TA207,20220218,20220218,133526000,13:35:26,5398,10859,88421,290369660,0,0,0
TA207,20220218,20220218,133526500,13:35:27,5398,10859,88421,290369660,0,0,0
TA207,20220218,20220218,133527000,13:35:31,5398,10859,88421,290369660,0,0,0
TA207,20220218,20220218,133527500,13:35:31,5398,10859,88421,290369660,0,0,0
TA207,20220218,20220218,133528000,13:35:32,5398,10859,88421,290369660,0,0,0
TA207,20220218,20220218,133531000,13:35:32,5398,10859,88421,290369660,0,0,0
TA207,20220218,20220218,133531500,13:35:41,5398,10859,88421,290369660,0,0,0
TA207,20220218,20220218,133532000,13:35:42,5398,10859,88421,290369660,0,0,0
TA207,20220218,20220218,133540500,13:35:43,5398,10859,88421,290369660,0,0,0
TA207,20220218,20220218,133542000,13:35:43,5398,10859,88421,290369660,0,0,0
TA207,20220218,20220218,133542500,13:35:44,5398,10859,88421,290369660,0,0,0
TA207,20220218,20220218,133543500,13:35:44,5398,10859,88421,290369660,0,0,0
TA207,20220218,20220218,133544000,13:35:45,5398,10859,88421,290369660,0,0,0
TA207,20220218,20220218,133544500,13:35:45,5398,10859,88421,290369660,0,0,0
TA207,20220218,20220218,133545000,13:35:46,5398,10859,88421,290369660,0,0,0
TA207,20220218,20220218,133547500,13:35:48,5398,10859,88421,290369660,0,0,0
TA207,20220218,20220218,133548000,13:35:48,5398,10859,88421,290369660,0,0,0
TA207,20220218,20220218,133548500,13:35:49,5398,10859,88421,290369660,0,0,0
TA207,20220218,20220218,133549000,13:35:49,5398,10859,88421,290369660,0,0,0
TA207,20220218,20220218,133550500,13:35:51,5398,10859,88421,290369660,0,0,0
TA207,20220218,20220218,133551000,13:35:51,5398,10859,88421,290369660,0,0,0
TA207,20220218,20220218,133551500,13:35:52,5398,10859,88421,290369660,0,0,0
TA207,20220218,20220218,133552000,13:35:52,5398,10859,88421,290369660,0,0,0
TA207,20220218,20220218,133552500,13:35:53,5398,10859,88421,290369660,0,0,0
TA207,20220218,20220218,133555000,13:35:56,5394,10869,88411,290637060,10,-10,267400
TA207,20220218,20220218,133555500,13:35:56,5394,10869,88411,290637060,0,0,0
TA207,20220218,20220218,133556000,13:35:56,5394,10869,88411,290637060,0,0,0
TA207,20220218,20220218,133556500,13:35:57,5394,10869,88411,290637060,0,0,0
TA207,20220218,20220218,133557000,13:35:59,5394,10869,88411,290637060,0,0,0
TA207,20220218,20220218,133557500,13:36:01,5394,10869,88411,290637060,0,0,0
TA207,20220218,20220218,133558000,13:36:01,5394,10869,88411,290637060,0,0,0
TA207,20220218,20220218,133559500,13:36:03,5394,10869,88411,290637060,0,0,0
TA207,20220218,20220218,133601500,13:36:03,5394,10869,88411,290637060,0,0,0
TA207,20220218,20220218,133602500,13:36:03,5394,10869,88411,290637060,0,0,0
TA207,20220218,20220218,133603000,13:36:05,5394,10869,88411,290637060,0,0,0
TA207,20220218,20220218,133603500,13:36:05,5394,10869,88411,290637060,0,0,0
TA207,20220218,20220218,133605000,13:36:06,5394,10869,88411,290637060,0,0,0
TA207,20220218,20220218,133605500,13:36:07,5394,10869,88411,290637060,0,0,0
TA207,20220218,20220218,133606500,13:36:07,5394,10869,88411,290637060,0,0,0
TA207,20220218,20220218,133607000,13:36:08,5394,10869,88411,290637060,0,0,0
TA207,20220218,20220218,133607500,13:36:08,5394,10869,88411,290637060,0,0,0
TA207,20220218,20220218,133608000,13:36:08,5394,10869,88411,290637060,0,0,0
TA207,20220218,20220218,133609500,13:36:10,5394,10869,88411,290637060,0,0,0
TA207,20220218,20220218,133610000,13:36:11,5394,10869,88411,290637060,0,0,0
TA207,20220218,20220218,133610500,13:36:11,5394,10869,88411,290637060,0,0,0
TA207,20220218,20220218,133613000,13:36:13,5394,10869,88411,290637060,0,0,0
TA207,20220218,20220218,133613500,13:36:14,5394,10869,88411,290637060,0,0,0
TA207,20220218,20220218,133614500,13:36:14,5394,10869,88411,290637060,0,0,0
TA207,20220218,20220218,133615000,13:36:15,5394,10869,88411,290637060,0,0,0
TA207,20220218,20220218,133615500,13:36:15,5394,10869,88411,290637060,0,0,0
TA207,20220218,20220218,133616500,13:36:17,5394,10869,88411,290637060,0,0,0
TA207,20220218,20220218,133617000,13:36:18,5394,10869,88411,290637060,0,0,0
TA207,20220218,20220218,133617500,13:36:19,5394,10869,88411,290637060,0,0,0
TA207,20220218,20220218,133618000,13:36:19,5394,10869,88411,290637060,0,0,0
TA207,20220218,20220218,133618500,13:36:19,5394,10869,88411,290637060,0,0,0
TA207,20220218,20220218,133619000,13:36:19,5394,10869,88411,290637060,0,0,0
TA207,20220218,20220218,133619500,13:36:20,5394,10869,88411,290637060,0,0,0
TA207,20220218,20220218,133620000,13:36:20,5394,10869,88411,290637060,0,0,0
TA207,20220218,20220218,133620500,13:36:20,5394,10869,88411,290637060,0,0,0
TA207,20220218,20220218,133621000,13:36:21,5394,10869,88411,290637060,0,0,0
TA207,20220218,20220218,133622000,13:36:22,5394,10869,88411,290637060,0,0,0
TA207,20220218,20220218,133622500,13:36:22,5394,10869,88411,290637060,0,0,0
TA207,20220218,20220218,133623000,13:36:23,5394,10869,88411,290637060,0,0,0
TA207,20220218,20220218,133623500,13:36:23,5394,10869,88411,290637060,0,0,0
TA207,20220218,20220218,133624000,13:36:24,5394,10869,88411,290637060,0,0,0
TA207,20220218,20220218,133624500,13:36:24,5394,10869,88411,290637060,0,0,0
TA207,20220218,20220218,133625500,13:36:26,5394,10869,88411,290637060,0,0,0
TA207,20220218,20220218,133627500,13:36:28,5394,10869,88411,290637060,0,0,0
TA207,20220218,20220218,133628000,13:36:28,5394,10869,88411,290637060,0,0,0
TA207,20220218,20220218,133628500,13:36:29,5394,10869,88411,290637060,0,0,0
TA207,20220218,20220218,133629000,13:36:30,5394,10869,88411,290637060,0,0,0
TA207,20220218,20220218,133629500,13:36:30,5394,10869,88411,290637060,0,0,0
TA207,20220218,20220218,133630000,13:36:30,5394,10869,88411,290637060,0,0,0
TA207,20220218,20220218,133632000,13:36:32,5394,10869,88411,290637060,0,0,0
TA207,20220218,20220218,133632500,13:36:32,5394,10869,88411,290637060,0,0,0
TA207,20220218,20220218,133635000,13:36:36,5394,10869,88411,290637060,0,0,0
TA207,20220218,20220218,133637500,13:36:38,5394,10869,88411,290637060,0,0,0
TA207,20220218,20220218,133638000,13:36:39,5394,10869,88411,290637060,0,0,0
TA207,20220218,20220218,133639000,13:36:39,5394,10879,88406,290904460,10,-5,267400
TA207,20220218,20220218,133639500,13:36:40,5394,10879,88406,290904460,0,0,0
TA207,20220218,20220218,133640000,13:36:40,5396,10881,88404,290957940,2,-2,53480
TA207,20220218,20220218,133642500,13:36:43,5396,10882,88403,290984680,1,-1,26740
TA207,20220218,20220218,133643000,13:36:43,5396,10883,88402,291011420,1,-1,26740
TA207,20220218,20220218,133643500,13:36:44,5396,10884,88401,291038160,1,-1,26740
TA207,20220218,20220218,133644000,13:36:44,5396,10887,88398,291118380,3,-3,80220
TA207,20220218,20220218,133644500,13:36:44,5396,10895,88391,291332300,8,-7,213920
TA207,20220218,20220218,133645000,13:36:45,5396,10895,88391,291332300,0,0,0
TA207,20220218,20220218,133645500,13:36:46,5396,10895,88391,291332300,0,0,0
TA207,20220218,20220218,133646000,13:36:46,5396,10895,88391,291332300,0,0,0
TA207,20220218,20220218,133646500,13:36:46,5396,10895,88391,291332300,0,0,0
TA207,20220218,20220218,133647000,13:36:47,5396,10895,88391,291332300,0,0,0
TA207,20220218,20220218,133647500,13:36:48,5396,10895,88391,291332300,0,0,0
TA207,20220218,20220218,133648000,13:36:48,5396,10895,88391,291332300,0,0,0
TA207,20220218,20220218,133648500,13:36:49,5396,10895,88391,291332300,0,0,0
TA207,20220218,20220218,133649000,13:36:49,5396,10895,88391,291332300,0,0,0
TA207,20220218,20220218,133649500,13:36:49,5396,10895,88391,291332300,0,0,0
TA207,20220218,20220218,133650000,13:36:50,5396,10895,88391,291332300,0,0,0
TA207,20220218,20220218,133650500,13:36:50,5396,10895,88391,291332300,0,0,0
TA207,20220218,20220218,133651000,13:36:51,5396,10895,88391,291332300,0,0,0
TA207,20220218,20220218,133651500,13:36:52,5396,10895,88391,291332300,0,0,0
TA207,20220218,20220218,133652000,13:36:52,5396,10895,88391,291332300,0,0,0
TA207,20220218,20220218,133652500,13:36:53,5396,10895,88391,291332300,0,0,0
TA207,20220218,20220218,133653000,13:36:53,5396,10895,88391,291332300,0,0,0
TA207,20220218,20220218,133653500,13:36:54,5396,10895,88391,291332300,0,0,0
TA207,20220218,20220218,133654000,13:36:54,5396,10895,88391,291332300,0,0,0
TA207,20220218,20220218,133654500,13:36:54,5396,10895,88391,291332300,0,0,0
TA207,20220218,20220218,133655500,13:36:56,5396,10895,88391,291332300,0,0,0
TA207,20220218,20220218,133656000,13:36:56,5396,10895,88391,291332300,0,0,0
TA207,20220218,20220218,133656500,13:36:58,5396,10895,88391,291332300,0,0,0
TA207,20220218,20220218,133657000,13:36:58,5396,10895,88391,291332300,0,0,0
TA207,20220218,20220218,133657500,13:36:58,5396,10895,88391,291332300,0,0,0
TA207,20220218,20220218,133658500,13:36:59,5396,10895,88391,291332300,0,0,0
TA207,20220218,20220218,133702000,13:37:02,5396,10895,88391,291332300,0,0,0
TA207,20220218,20220218,133702500,13:37:03,5396,10895,88391,291332300,0,0,0
TA207,20220218,20220218,133703000,13:37:03,5398,10896,88391,291359040,1,0,26740
TA207,20220218,20220218,133703500,13:37:03,5398,10896,88391,291359040,0,0,0
TA207,20220218,20220218,133704000,13:37:04,5398,10896,88391,291359040,0,0,0
TA207,20220218,20220218,133705000,13:37:05,5398,10897,88391,291385780,1,0,26740
TA207,20220218,20220218,133705500,13:37:08,5398,10897,88391,291385780,0,0,0
TA207,20220218,20220218,133706000,13:37:08,5398,10897,88391,291385780,0,0,0
TA207,20220218,20220218,133706500,13:37:08,5398,10897,88391,291385780,0,0,0
TA207,20220218,20220218,133707000,13:37:08,5398,10897,88391,291385780,0,0,0
TA207,20220218,20220218,133709500,13:37:11,5398,10897,88391,291385780,0,0,0
TA207,20220218,20220218,133710000,13:37:11,5398,10897,88391,291385780,0,0,0
TA207,20220218,20220218,133710500,13:37:11,5398,10897,88391,291385780,0,0,0
TA207,20220218,20220218,133711000,13:37:11,5398,10897,88391,291385780,0,0,0
TA207,20220218,20220218,133711500,13:37:13,5398,10897,88391,291385780,0,0,0
TA207,20220218,20220218,133712000,13:37:13,5398,10897,88391,291385780,0,0,0
TA207,20220218,20220218,133713000,13:37:13,5398,10897,88391,291385780,0,0,0
TA207,20220218,20220218,133713500,13:37:14,5398,10897,88391,291385780,0,0,0
TA207,20220218,20220218,133714000,13:37:14,5398,10897,88391,291385780,0,0,0
TA207,20220218,20220218,133714500,13:37:15,5398,10897,88391,291385780,0,0,0
TA207,20220218,20220218,133715000,13:37:15,5398,10897,88391,291385780,0,0,0
TA207,20220218,20220218,133715500,13:37:16,5398,10897,88391,291385780,0,0,0
TA207,20220218,20220218,133716000,13:37:16,5398,10897,88391,291385780,0,0,0
TA207,20220218,20220218,133716500,13:37:17,5398,10897,88391,291385780,0,0,0
TA207,20220218,20220218,133717000,13:37:18,5398,10897,88391,291385780,0,0,0
TA207,20220218,20220218,133717500,13:37:18,5398,10897,88391,291385780,0,0,0
TA207,20220218,20220218,133718500,13:37:19,5398,10897,88391,291385780,0,0,0
TA207,20220218,20220218,133719000,13:37:19,5398,10897,88391,291385780,0,0,0
TA207,20220218,20220218,133719500,13:37:20,5398,10897,88391,291385780,0,0,0
TA207,20220218,20220218,133720000,13:37:21,5398,10897,88391,291385780,0,0,0
TA207,20220218,20220218,133720500,13:37:21,5398,10897,88391,291385780,0,0,0
TA207,20220218,20220218,133721000,13:37:21,5398,10897,88391,291385780,0,0,0
TA207,20220218,20220218,133721500,13:37:22,5398,10897,88391,291385780,0,0,0
TA207,20220218,20220218,133722000,13:37:22,5398,10897,88391,291385780,0,0,0
TA207,20220218,20220218,133722500,13:37:23,5398,10897,88391,291385780,0,0,0
TA207,20220218,20220218,133723000,13:37:23,5398,10897,88391,291385780,0,0,0
TA207,20220218,20220218,133723500,13:37:23,5398,10897,88391,291385780,0,0,0
TA207,20220218,20220218,133724000,13:37:24,5398,10897,88391,291385780,0,0,0
TA207,20220218,20220218,133724500,13:37:25,5398,10897,88391,291385780,0,0,0
TA207,20220218,20220218,133725000,13:37:25,5398,10897,88391,291385780,0,0,0
TA207,20220218,20220218,133725500,13:37:26,5398,10897,88391,291385780,0,0,0
TA207,20220218,20220218,133726000,13:37:26,5398,10897,88391,291385780,0,0,0
TA207,20220218,20220218,133726500,13:37:27,5398,10897,88391,291385780,0,0,0
TA207,20220218,20220218,133727000,13:37:27,5398,10897,88391,291385780,0,0,0
TA207,20220218,20220218,133727500,13:37:27,5398,10897,88391,291385780,0,0,0
TA207,20220218,20220218,133728000,13:37:28,5398,10897,88391,291385780,0,0,0
TA207,20220218,20220218,133728500,13:37:29,5398,10897,88391,291385780,0,0,0
TA207,20220218,20220218,133729000,13:37:29,5398,10897,88391,291385780,0,0,0
TA207,20220218,20220218,133731000,13:37:31,5398,10897,88391,291385780,0,0,0
TA207,20220218,20220218,133731500,13:37:31,5398,10897,88391,291385780,0,0,0
TA207,20220218,20220218,133732500,13:37:33,5398,10897,88391,291385780,0,0,0
TA207,20220218,20220218,133733000,13:37:33,5398,10897,88391,291385780,0,0,0
TA207,20220218,20220218,133733500,13:37:33,5398,10897,88391,291385780,0,0,0
TA207,20220218,20220218,133734000,13:37:34,5398,10897,88391,291385780,0,0,0
TA207,20220218,20220218,133734500,13:37:34,5398,10897,88391,291385780,0,0,0
TA207,20220218,20220218,133735000,13:37:35,5398,10897,88391,291385780,0,0,0
TA207,20220218,20220218,133735500,13:37:36,5398,10897,88391,291385780,0,0,0
TA207,20220218,20220218,133736000,13:37:36,5398,10897,88391,291385780,0,0,0
TA207,20220218,20220218,133736500,13:37:37,5398,10897,88391,291385780,0,0,0
TA207,20220218,20220218,133737000,13:37:37,5394,10902,88391,291519480,5,0,133700
TA207,20220218,20220218,133737500,13:37:37,5394,10902,88391,291519480,0,0,0
TA207,20220218,20220218,133740000,13:37:40,5394,10902,88391,291519480,0,0,0
TA207,20220218,20220218,133741000,13:37:41,5394,10902,88391,291519480,0,0,0
TA207,20220218,20220218,133741500,13:37:42,5396,10904,88391,291572960,2,0,53480
TA207,20220218,20220218,133742000,13:37:42,5396,10904,88391,291572960,0,0,0
TA207,20220218,20220218,133742500,13:37:43,5396,10904,88391,291572960,0,0,0
TA207,20220218,20220218,133743000,13:37:44,5396,10904,88391,291572960,0,0,0
TA207,20220218,20220218,133743500,13:37:44,5396,10904,88391,291572960,0,0,0
TA207,20220218,20220218,133744000,13:37:45,5396,10904,88391,291572960,0,0,0
TA207,20220218,20220218,133744500,13:37:45,5396,10904,88391,291572960,0,0,0
TA207,20220218,20220218,133745000,13:37:45,5396,10904,88391,291572960,0,0,0
TA207,20220218,20220218,133745500,13:37:45,5396,10904,88391,291572960,0,0,0
TA207,20220218,20220218,133746000,13:37:46,5396,10904,88391,291572960,0,0,0
TA207,20220218,20220218,133746500,13:37:47,5396,10904,88391,291572960,0,0,0
TA207,20220218,20220218,133747000,13:37:47,5396,10904,88391,291572960,0,0,0
TA207,20220218,20220218,133750000,13:37:50,5396,10904,88391,291572960,0,0,0
TA207,20220218,20220218,133754000,13:37:55,5396,10904,88391,291572960,0,0,0
TA207,20220218,20220218,133755000,13:37:55,5396,10904,88391,291572960,0,0,0
TA207,20220218,20220218,133755500,13:37:55,5396,10904,88391,291572960,0,0,0
TA207,20220218,20220218,133756000,13:37:56,5396,10904,88391,291572960,0,0,0
TA207,20220218,20220218,133756500,13:37:57,5396,10904,88391,291572960,0,0,0
TA207,20220218,20220218,133757000,13:37:57,5396,10904,88391,291572960,0,0,0
TA207,20220218,20220218,133757500,13:37:58,5396,10904,88391,291572960,0,0,0
TA207,20220218,20220218,133758000,13:37:58,5396,10904,88391,291572960,0,0,0
TA207,20220218,20220218,133758500,13:37:59,5396,10904,88391,291572960,0,0,0
TA207,20220218,20220218,133759000,13:38:00,5396,10904,88391,291572960,0,0,0
TA207,20220218,20220218,133759500,13:38:00,5396,10904,88391,291572960,0,0,0
TA207,20220218,20220218,133800000,13:38:02,5396,10904,88391,291572960,0,0,0
TA207,20220218,20220218,133800500,13:38:02,5396,10904,88391,291572960,0,0,0
TA207,20220218,20220218,133801000,13:38:03,5396,10904,88391,291572960,0,0,0
TA207,20220218,20220218,133802000,13:38:03,5398,10925,88391,292134500,21,0,561540
TA207,20220218,20220218,133802500,13:38:05,5400,10937,88386,292455380,12,-5,320880
TA207,20220218,20220218,133803000,13:38:06,5398,10943,88386,292615820,6,0,160440
TA207,20220218,20220218,133803500,13:38:06,5398,10943,88386,292615820,0,0,0
TA207,20220218,20220218,133804000,13:38:06,5398,10943,88386,292615820,0,0,0
TA207,20220218,20220218,133808000,13:38:09,5398,10943,88386,292615820,0,0,0
TA207,20220218,20220218,133812500,13:38:14,5398,10943,88386,292615820,0,0,0
TA207,20220218,20220218,133813500,13:38:15,5398,10943,88386,292615820,0,0,0
TA207,20220218,20220218,133817500,13:38:18,5398,10949,88386,292776260,6,0,160440
TA207,20220218,20220218,133818000,13:38:18,5398,10949,88386,292776260,0,0,0
TA207,20220218,20220218,133818500,13:38:19,5398,10949,88386,292776260,0,0,0
TA207,20220218,20220218,133819000,13:38:19,5398,10949,88386,292776260,0,0,0
TA207,20220218,20220218,133819500,13:38:19,5398,10950,88385,292803000,1,-1,26740
TA207,20220218,20220218,133820000,13:38:22,5398,10950,88385,292803000,0,0,0
TA207,20220218,20220218,133821000,13:38:22,5400,10958,88381,293016920,8,-4,213920
TA207,20220218,20220218,133821500,13:38:23,5404,10962,88380,293123880,4,-1,106960
TA207,20220218,20220218,133822000,13:38:23,5404,11022,88363,294728280,60,-17,1604400
TA207,20220218,20220218,133822500,13:38:23,5404,11028,88363,294888720,6,0,160440
TA207,20220218,20220218,133823000,13:38:24,5404,11028,88363,294888720,0,0,0
TA207,20220218,20220218,133823500,13:38:24,5404,11038,88371,295156120,10,8,267400
TA207,20220218,20220218,133824000,13:38:25,5408,11189,88430,299193860,151,59,4037740
TA207,20220218,20220218,133824500,13:38:41,5408,11208,88440,299701920,19,10,508060
TA207,20220218,20220218,133825000,13:38:41,5408,11222,88443,300076280,14,3,374360
TA207,20220218,20220218,133825500,13:38:42,5408,11222,88443,300076280,0,0,0
TA207,20220218,20220218,133840500,13:38:42,5408,11222,88443,300076280,0,0,0
TA207,20220218,20220218,133841500,13:38:43,5408,11222,88443,300076280,0,0,0
TA207,20220218,20220218,133842000,13:38:43,5408,11222,88443,300076280,0,0,0
TA207,20220218,20220218,133842500,13:38:43,5408,11222,88443,300076280,0,0,0
TA207,20220218,20220218,133843500,13:38:44,5406,11271,88476,301499250,49,33,1422970
TA207,20220218,20220218,133844000,13:38:44,5406,11271,88476,301499250,0,0,0
TA207,20220218,20220218,133844500,13:38:44,5406,11271,88476,301499250,0,0,0
TA207,20220218,20220218,133845500,13:38:45,5406,11271,88476,301499250,0,0,0
TA207,20220218,20220218,133846000,13:38:46,5406,11271,88476,301499250,0,0,0
TA207,20220218,20220218,133847000,13:38:47,5406,11271,88476,301499250,0,0,0
TA207,20220218,20220218,133848000,13:38:48,5406,11271,88476,301499250,0,0,0
TA207,20220218,20220218,133850500,13:38:50,5406,11281,88486,301766750,10,10,267500
TA207,20220218,20220218,133851500,13:38:51,5406,11281,88486,301766750,0,0,0
TA207,20220218,20220218,133856500,13:38:56,5406,11281,88486,301766750,0,0,0
TA207,20220218,20220218,133857000,13:38:57,5406,11291,88496,302034250,10,10,267500
TA207,20220218,20220218,133859500,13:38:59,5406,11292,88496,302061000,1,0,26750
TA207,20220218,20220218,133901000,13:39:01,5406,11292,88496,302061000,0,0,0
TA207,20220218,20220218,133902000,13:39:02,5408,11297,88496,302194750,5,0,133750
TA207,20220218,20220218,133902500,13:39:02,5408,11297,88496,302194750,0,0,0
TA207,20220218,20220218,133906500,13:39:06,5408,11297,88496,302194750,0,0,0
TA207,20220218,20220218,133907500,13:39:07,5408,11297,88496,302194750,0,0,0
TA207,20220218,20220218,133908500,13:39:08,5408,11297,88496,302194750,0,0,0
TA207,20220218,20220218,133910000,13:39:10,5406,11301,88500,302301750,4,4,107000
TA207,20220218,20220218,133912000,13:39:12,5406,11301,88500,302301750,0,0,0
TA207,20220218,20220218,133913500,13:39:14,5406,11305,88504,302408750,4,4,107000
TA207,20220218,20220218,133914000,13:39:15,5412,11323,88517,302890250,18,13,481500
TA207,20220218,20220218,133914500,13:39:18,5408,11354,88547,303719500,31,30,829250
TA207,20220218,20220218,133915500,13:39:19,5408,11358,88551,303826500,4,4,107000
TA207,20220218,20220218,133918000,13:39:19,5410,11426,88539,305645500,68,-12,1819000
TA207,20220218,20220218,133919000,13:39:19,5412,11428,88538,305699000,2,-1,53500
TA207,20220218,20220218,133920000,13:39:20,5408,11432,88538,305806000,4,0,107000
TA207,20220218,20220218,133921500,13:39:21,5408,11432,88538,305806000,0,0,0
TA207,20220218,20220218,133922500,13:39:23,5408,11432,88538,305806000,0,0,0
TA207,20220218,20220218,133924000,13:39:24,5408,11432,88538,305806000,0,0,0
TA207,20220218,20220218,133924500,13:39:24,5408,11432,88538,305806000,0,0,0
TA207,20220218,20220218,133925000,13:39:25,5408,11432,88538,305806000,0,0,0
TA207,20220218,20220218,133926000,13:39:26,5408,11432,88538,305806000,0,0,0
TA207,20220218,20220218,133928000,13:39:28,5410,11446,88540,306180500,14,2,374500
TA207,20220218,20220218,133929000,13:39:29,5410,11446,88540,306180500,0,0,0
TA207,20220218,20220218,133931000,13:39:31,5408,11452,88540,306341000,6,0,160500
TA207,20220218,20220218,133932500,13:39:33,5408,11452,88540,306341000,0,0,0
TA207,20220218,20220218,133933500,13:39:33,5408,11452,88540,306341000,0,0,0
TA207,20220218,20220218,133935000,13:39:35,5408,11452,88540,306341000,0,0,0
TA207,20220218,20220218,133936000,13:39:36,5408,11452,88540,306341000,0,0,0
TA207,20220218,20220218,133937000,13:39:37,5408,11452,88540,306341000,0,0,0
TA207,20220218,20220218,133938000,13:39:38,5408,11452,88540,306341000,0,0,0
TA207,20220218,20220218,133938500,13:39:38,5410,11460,88538,306555000,8,-2,214000
TA207,20220218,20220218,133939500,13:39:40,5410,11460,88538,306555000,0,0,0
TA207,20220218,20220218,133940500,13:39:41,5410,11460,88538,306555000,0,0,0
TA207,20220218,20220218,133941000,13:39:41,5410,11460,88538,306555000,0,0,0
TA207,20220218,20220218,133943500,13:39:43,5410,11470,88538,306822500,10,0,267500
TA207,20220218,20220218,133944500,13:39:45,5410,11510,88528,307892500,40,-10,1070000
TA207,20220218,20220218,133945000,13:39:45,5410,11510,88528,307892500,0,0,0
TA207,20220218,20220218,133945500,13:39:46,5410,11535,88520,308561250,25,-8,668750
TA207,20220218,20220218,133946000,13:39:47,5410,11536,88520,308588000,1,0,26750
TA207,20220218,20220218,133946500,13:39:47,5410,11536,88520,308588000,0,0,0
TA207,20220218,20220218,133947000,13:39:47,5410,11540,88520,308695000,4,0,107000
TA207,20220218,20220218,133947500,13:39:47,5410,11540,88520,308695000,0,0,0
TA207,20220218,20220218,133948500,13:39:48,5410,11540,88520,308695000,0,0,0
TA207,20220218,20220218,133949500,13:39:50,5410,11540,88520,308695000,0,0,0
TA207,20220218,20220218,133950000,13:39:50,5410,11540,88520,308695000,0,0,0
TA207,20220218,20220218,133950500,13:39:50,5410,11540,88520,308695000,0,0,0
TA207,20220218,20220218,133951000,13:39:51,5410,11540,88520,308695000,0,0,0
TA207,20220218,20220218,133951500,13:39:51,5410,11540,88520,308695000,0,0,0
TA207,20220218,20220218,133952500,13:39:53,5410,11540,88520,308695000,0,0,0
TA207,20220218,20220218,133953000,13:39:54,5410,11540,88520,308695000,0,0,0
TA207,20220218,20220218,133954000,13:39:55,5408,11544,88520,308802000,4,0,107000
TA207,20220218,20220218,133954500,13:39:55,5408,11544,88520,308802000,0,0,0
TA207,20220218,20220218,133955000,13:39:55,5408,11548,88520,308909000,4,0,107000
TA207,20220218,20220218,133956000,13:39:56,5408,11548,88520,308909000,0,0,0
TA207,20220218,20220218,133956500,13:39:57,5408,11548,88520,308909000,0,0,0
TA207,20220218,20220218,133957000,13:39:58,5410,11568,88520,309444000,20,0,535000
TA207,20220218,20220218,133957500,13:40:13,5410,11568,88520,309444000,0,0,0
TA207,20220218,20220218,133958000,13:40:13,5410,11568,88520,309444000,0,0,0
TA207,20220218,20220218,134012000,13:40:13,5410,11568,88520,309444000,0,0,0
TA207,20220218,20220218,134013000,13:40:13,5410,11568,88520,309444000,0,0,0
TA207,20220218,20220218,134013500,13:40:14,5410,11568,88520,309444000,0,0,0
TA207,20220218,20220218,134014000,13:40:14,5410,11568,88520,309444000,0,0,0
TA207,20220218,20220218,134015000,13:40:16,5410,11568,88520,309444000,0,0,0
TA207,20220218,20220218,134015500,13:40:16,5410,11568,88520,309444000,0,0,0
TA207,20220218,20220218,134016500,13:40:17,5410,11568,88520,309444000,0,0,0
TA207,20220218,20220218,134017000,13:40:17,5410,11568,88520,309444000,0,0,0
TA207,20220218,20220218,134017500,13:40:18,5410,11568,88520,309444000,0,0,0
TA207,20220218,20220218,134018500,13:40:19,5410,11568,88520,309444000,0,0,0
TA207,20220218,20220218,134019500,13:40:20,5410,11568,88520,309444000,0,0,0
TA207,20220218,20220218,134021500,13:40:22,5408,11610,88521,310567500,42,1,1123500
TA207,20220218,20220218,134022000,13:40:22,5408,11610,88521,310567500,0,0,0
TA207,20220218,20220218,134023000,13:40:23,5408,11610,88521,310567500,0,0,0
TA207,20220218,20220218,134023500,13:40:24,5408,11610,88521,310567500,0,0,0
TA207,20220218,20220218,134024000,13:40:24,5408,11610,88521,310567500,0,0,0
TA207,20220218,20220218,134027500,13:40:28,5406,11614,88522,310674500,4,1,107000
TA207,20220218,20220218,134028000,13:40:28,5406,11616,88524,310728000,2,2,53500
TA207,20220218,20220218,134028500,13:40:29,5406,11616,88524,310728000,0,0,0
TA207,20220218,20220218,134030000,13:40:30,5406,11616,88524,310728000,0,0,0
TA207,20220218,20220218,134033000,13:40:33,5406,11616,88524,310728000,0,0,0
TA207,20220218,20220218,134033500,13:40:34,5406,11616,88524,310728000,0,0,0
TA207,20220218,20220218,134035500,13:40:36,5406,11616,88524,310728000,0,0,0
TA207,20220218,20220218,134036000,13:40:36,5406,11616,88524,310728000,0,0,0
TA207,20220218,20220218,134036500,13:40:36,5406,11616,88524,310728000,0,0,0
TA207,20220218,20220218,134037000,13:40:37,5406,11616,88524,310728000,0,0,0
TA207,20220218,20220218,134037500,13:40:37,5406,11616,88524,310728000,0,0,0
TA207,20220218,20220218,134038000,13:40:38,5406,11616,88524,310728000,0,0,0
TA207,20220218,20220218,134038500,13:40:38,5406,11616,88524,310728000,0,0,0
TA207,20220218,20220218,134039000,13:40:40,5406,11616,88524,310728000,0,0,0
TA207,20220218,20220218,134042500,13:40:43,5406,11616,88524,310728000,0,0,0
TA207,20220218,20220218,134045500,13:40:46,5406,11616,88524,310728000,0,0,0
TA207,20220218,20220218,134047000,13:40:47,5406,11616,88524,310728000,0,0,0
TA207,20220218,20220218,134052500,13:40:55,5406,11616,88524,310728000,0,0,0
TA207,20220218,20220218,134055000,13:40:55,5406,11616,88524,310728000,0,0,0
TA207,20220218,20220218,134055500,13:40:57,5406,11616,88524,310728000,0,0,0
TA207,20220218,20220218,134056000,13:40:58,5406,11616,88524,310728000,0,0,0
TA207,20220218,20220218,134057500,13:40:58,5406,11616,88524,310728000,0,0,0
TA207,20220218,20220218,134101500,13:41:01,5406,11616,88524,310728000,0,0,0
TA207,20220218,20220218,134102000,13:41:02,5406,11616,88524,310728000,0,0,0
TA207,20220218,20220218,134105000,13:41:06,5406,11616,88524,310728000,0,0,0
TA207,20220218,20220218,134105500,13:41:06,5406,11616,88524,310728000,0,0,0
TA207,20220218,20220218,134106000,13:41:07,5406,11616,88524,310728000,0,0,0
TA207,20220218,20220218,134106500,13:41:07,5406,11616,88524,310728000,0,0,0
TA207,20220218,20220218,134107000,13:41:09,5406,11616,88524,310728000,0,0,0
TA207,20220218,20220218,134107500,13:41:09,5406,11616,88524,310728000,0,0,0
TA207,20220218,20220218,134108000,13:41:09,5406,11616,88524,310728000,0,0,0
TA207,20220218,20220218,134109000,13:41:10,5406,11616,88524,310728000,0,0,0
TA207,20220218,20220218,134109500,13:41:10,5406,11616,88524,310728000,0,0,0
TA207,20220218,20220218,134110000,13:41:10,5406,11616,88524,310728000,0,0,0
TA207,20220218,20220218,134110500,13:41:10,5406,11616,88524,310728000,0,0,0
TA207,20220218,20220218,134111000,13:41:11,5406,11616,88524,310728000,0,0,0
TA207,20220218,20220218,134111500,13:41:12,5406,11616,88524,310728000,0,0,0
TA207,20220218,20220218,134112000,13:41:12,5406,11616,88524,310728000,0,0,0
TA207,20220218,20220218,134112500,13:41:12,5406,11616,88524,310728000,0,0,0
TA207,20220218,20220218,134113000,13:41:13,5406,11616,88524,310728000,0,0,0
TA207,20220218,20220218,134113500,13:41:13,5406,11616,88524,310728000,0,0,0
TA207,20220218,20220218,134114000,13:41:15,5406,11616,88524,310728000,0,0,0
TA207,20220218,20220218,134114500,13:41:16,5406,11616,88524,310728000,0,0,0
TA207,20220218,20220218,134115000,13:41:16,5406,11616,88524,310728000,0,0,0
TA207,20220218,20220218,134115500,13:41:16,5406,11616,88524,310728000,0,0,0
TA207,20220218,20220218,134116000,13:41:17,5406,11616,88524,310728000,0,0,0
TA207,20220218,20220218,134116500,13:41:17,5406,11616,88524,310728000,0,0,0
TA207,20220218,20220218,134117000,13:41:17,5406,11616,88524,310728000,0,0,0
TA207,20220218,20220218,134117500,13:41:18,5406,11616,88524,310728000,0,0,0
TA207,20220218,20220218,134118000,13:41:19,5406,11616,88524,310728000,0,0,0
TA207,20220218,20220218,134118500,13:41:19,5406,11616,88524,310728000,0,0,0
TA207,20220218,20220218,134119000,13:41:19,5406,11616,88524,310728000,0,0,0
TA207,20220218,20220218,134119500,13:41:20,5406,11616,88524,310728000,0,0,0
TA207,20220218,20220218,134120000,13:41:22,5406,11616,88524,310728000,0,0,0
TA207,20220218,20220218,134121000,13:41:23,5406,11616,88524,310728000,0,0,0
TA207,20220218,20220218,134121500,13:41:24,5406,11616,88524,310728000,0,0,0
TA207,20220218,20220218,134123000,13:41:24,5406,11616,88524,310728000,0,0,0
TA207,20220218,20220218,134124000,13:41:24,5406,11616,88524,310728000,0,0,0
TA207,20220218,20220218,134124500,13:41:26,5406,11616,88524,310728000,0,0,0
TA207,20220218,20220218,134125000,13:41:27,5406,11616,88524,310728000,0,0,0
TA207,20220218,20220218,134125500,13:41:27,5406,11616,88524,310728000,0,0,0
TA207,20220218,20220218,134126500,13:41:27,5406,11616,88524,310728000,0,0,0
TA207,20220218,20220218,134127000,13:41:27,5406,11616,88524,310728000,0,0,0
TA207,20220218,20220218,134127500,13:41:27,5406,11616,88524,310728000,0,0,0
TA207,20220218,20220218,134128000,13:41:28,5406,11616,88524,310728000,0,0,0
TA207,20220218,20220218,134128500,13:41:29,5406,11616,88524,310728000,0,0,0
TA207,20220218,20220218,134131500,13:41:32,5406,11616,88524,310728000,0,0,0
TA207,20220218,20220218,134134000,13:41:34,5406,11616,88524,310728000,0,0,0
TA207,20220218,20220218,134136500,13:41:39,5406,11616,88524,310728000,0,0,0
TA207,20220218,20220218,134142000,13:41:42,5406,11616,88524,310728000,0,0,0
TA207,20220218,20220218,134142500,13:41:42,5406,11616,88524,310728000,0,0,0
TA207,20220218,20220218,134143000,13:41:44,5406,11616,88524,310728000,0,0,0
TA207,20220218,20220218,134143500,13:41:44,5406,11616,88524,310728000,0,0,0
TA207,20220218,20220218,134144000,13:41:44,5406,11616,88524,310728000,0,0,0
TA207,20220218,20220218,134144500,13:41:45,5406,11616,88524,310728000,0,0,0
TA207,20220218,20220218,134145000,13:41:45,5406,11616,88524,310728000,0,0,0
TA207,20220218,20220218,134145500,13:41:45,5406,11619,88524,310924440,3,0,196440
TA207,20220218,20220218,134146000,13:41:47,5406,11619,88524,310924440,0,0,0
TA207,20220218,20220218,134146500,13:41:47,5406,11619,88524,310924440,0,0,0
TA207,20220218,20220218,134147000,13:41:47,5406,11622,88524,311004720,3,0,80280
TA207,20220218,20220218,134147500,13:41:48,5406,11622,88524,311004720,0,0,0
TA207,20220218,20220218,134148000,13:41:48,5406,11622,88524,311004720,0,0,0
TA207,20220218,20220218,134153000,13:41:54,5406,11622,88524,311004720,0,0,0
TA207,20220218,20220218,134153500,13:42:01,5406,11622,88524,311004720,0,0,0
TA207,20220218,20220218,134154000,13:42:02,5406,11622,88524,311004720,0,0,0
TA207,20220218,20220218,134154500,13:42:04,5406,11622,88524,311004720,0,0,0
TA207,20220218,20220218,134202000,13:42:10,5406,11622,88524,311004720,0,0,0
TA207,20220218,20220218,134202500,13:42:11,5406,11622,88524,311004720,0,0,0
TA207,20220218,20220218,134210000,13:42:12,5406,11622,88524,311004720,0,0,0
TA207,20220218,20220218,134211000,13:42:12,5408,11642,88514,311539920,20,-10,535200
TA207,20220218,20220218,134211500,13:42:12,5408,11642,88514,311539920,0,0,0
TA207,20220218,20220218,134212000,13:42:13,5408,11642,88514,311539920,0,0,0
TA207,20220218,20220218,134212500,13:42:13,5408,11642,88514,311539920,0,0,0
TA207,20220218,20220218,134213000,13:42:13,5408,11642,88514,311539920,0,0,0
TA207,20220218,20220218,134213500,13:42:14,5408,11642,88514,311539920,0,0,0
TA207,20220218,20220218,134214000,13:42:15,5408,11642,88514,311539920,0,0,0
TA207,20220218,20220218,134214500,13:42:15,5408,11642,88514,311539920,0,0,0
TA207,20220218,20220218,134215000,13:42:15,5408,11642,88514,311539920,0,0,0
TA207,20220218,20220218,134215500,13:42:16,5408,11642,88514,311539920,0,0,0
TA207,20220218,20220218,134216000,13:42:16,5408,11642,88514,311539920,0,0,0
TA207,20220218,20220218,134216500,13:42:17,5408,11642,88514,311539920,0,0,0
TA207,20220218,20220218,134217000,13:42:19,5408,11642,88514,311539920,0,0,0
TA207,20220218,20220218,134217500,13:42:20,5408,11642,88514,311539920,0,0,0
TA207,20220218,20220218,134218000,13:42:20,5408,11642,88514,311539920,0,0,0
TA207,20220218,20220218,134219500,13:42:20,5408,11642,88514,311539920,0,0,0
TA207,20220218,20220218,134220000,13:42:21,5408,11642,88514,311539920,0,0,0
TA207,20220218,20220218,134220500,13:42:21,5408,11642,88514,311539920,0,0,0
TA207,20220218,20220218,134221000,13:42:21,5408,11642,88514,311539920,0,0,0
TA207,20220218,20220218,134221500,13:42:22,5408,11642,88514,311539920,0,0,0
TA207,20220218,20220218,134222000,13:42:22,5408,11642,88514,311539920,0,0,0
TA207,20220218,20220218,134222500,13:42:22,5408,11642,88514,311539920,0,0,0
TA207,20220218,20220218,134223000,13:42:24,5408,11642,88514,311539920,0,0,0
TA207,20220218,20220218,134223500,13:42:24,5408,11642,88514,311539920,0,0,0
TA207,20220218,20220218,134224000,13:42:25,5408,11642,88514,311539920,0,0,0
TA207,20220218,20220218,134224500,13:42:25,5408,11642,88514,311539920,0,0,0
TA207,20220218,20220218,134225000,13:42:25,5408,11642,88514,311539920,0,0,0
TA207,20220218,20220218,134225500,13:42:26,5408,11642,88514,311539920,0,0,0
TA207,20220218,20220218,134226000,13:42:27,5408,11642,88514,311539920,0,0,0
