TA204,20220218,20220218,112003000,11:20:04,5368,145597,243024,3884527960,145597,-11876,3884527960
TA204,20220218,20220218,112004500,11:20:09,5368,145597,243024,3884527960,0,0,0
TA204,20220218,20220218,112005000,11:20:10,5368,145597,243024,3884527960,0,0,0
TA204,20220218,20220218,112006000,11:20:10,5368,145597,243024,3884527960,0,0,0
TA204,20220218,20220218,112006500,11:20:10,5368,145597,243024,3884527960,0,0,0
TA204,20220218,20220218,112007000,11:20:10,5368,145597,243024,3884527960,0,0,0
TA204,20220218,20220218,112007500,11:20:10,5368,145624,243033,3885248320,27,9,720360
TA204,20220218,20220218,112008000,11:20:10,5368,145624,243033,3885248320,0,0,0
TA204,20220218,20220218,112008500,11:20:10,5368,145624,243033,3885248320,0,0,0
TA204,20220218,20220218,112009000,11:20:10,5368,145624,243033,3885248320,0,0,0
TA204,20220218,20220218,112009500,11:20:10,5368,145624,243033,3885248320,0,0,0
TA204,20220218,20220218,112010000,11:20:10,5368,145624,243033,3885248320,0,0,0
TA204,20220218,20220218,112010500,11:20:10,5368,145624,243033,3885248320,0,0,0
TA204,20220218,20220218,112011000,11:20:11,5368,145624,243033,3885248320,0,0,0
TA204,20220218,20220218,112011500,11:20:12,5368,145624,243033,3885248320,0,0,0
TA204,20220218,20220218,112012000,11:20:12,5368,145624,243033,3885248320,0,0,0
TA204,20220218,20220218,112013000,11:20:13,5368,145624,243033,3885248320,0,0,0
TA204,20220218,20220218,112013500,11:20:13,5368,145624,243033,3885248320,0,0,0
TA204,20220218,20220218,112014000,11:20:14,5368,145624,243033,3885248320,0,0,0
TA204,20220218,20220218,112014500,11:20:14,5368,145624,243033,3885248320,0,0,0
TA204,20220218,20220218,112015000,11:20:15,5368,145624,243033,3885248320,0,0,0
TA204,20220218,20220218,112016000,11:20:16,5368,145647,243021,3885861960,23,-12,613640
TA204,20220218,20220218,112016500,11:20:16,5368,145649,243021,3885915320,2,0,53360
TA204,20220218,20220218,112017000,11:20:17,5368,145649,243021,3885915320,0,0,0
TA204,20220218,20220218,112017500,11:20:17,5368,145649,243021,3885915320,0,0,0
TA204,20220218,20220218,112018000,11:20:18,5368,145649,243021,3885915320,0,0,0
TA204,20220218,20220218,112018500,11:20:18,5366,145651,243021,3885968680,2,0,53360
TA204,20220218,20220218,112019000,11:20:19,5366,145651,243021,3885968680,0,0,0
TA204,20220218,20220218,112019500,11:20:20,5366,145651,243021,3885968680,0,0,0
TA204,20220218,20220218,112020000,11:20:20,5366,145651,243021,3885968680,0,0,0
TA204,20220218,20220218,112020500,11:20:21,5366,145651,243021,3885968680,0,0,0
TA204,20220218,20220218,112021000,11:20:21,5366,145651,243021,3885968680,0,0,0
TA204,20220218,20220218,112021500,11:20:21,5366,145661,243018,3886235480,10,-3,266800
TA204,20220218,20220218,112022000,11:20:22,5366,145661,243018,3886235480,0,0,0
TA204,20220218,20220218,112022500,11:20:23,5366,145661,243018,3886235480,0,0,0
TA204,20220218,20220218,112023000,11:20:23,5366,145672,243007,3886528960,11,-11,293480
TA204,20220218,20220218,112023500,11:20:23,5366,145750,243036,3888610000,78,29,2081040
TA204,20220218,20220218,112024000,11:20:24,5366,145765,243032,3889010200,15,-4,400200
TA204,20220218,20220218,112024500,11:20:24,5366,145771,243030,3889170280,6,-2,160080
TA204,20220218,20220218,112025000,11:20:25,5366,145772,243031,3889196960,1,1,26680
TA204,20220218,20220218,112025500,11:20:26,5366,145772,243031,3889196960,0,0,0
TA204,20220218,20220218,112026000,11:20:26,5366,145772,243031,3889196960,0,0,0
TA204,20220218,20220218,112026500,11:20:26,5366,145772,243031,3889196960,0,0,0
TA204,20220218,20220218,112027500,11:20:28,5366,145772,243031,3889196960,0,0,0
TA204,20220218,20220218,112028000,11:20:28,5366,145772,243031,3889196960,0,0,0
TA204,20220218,20220218,112029000,11:20:29,5366,145776,243033,3889303680,4,2,106720
TA204,20220218,20220218,112029500,11:20:30,5366,145776,243033,3889303680,0,0,0
TA204,20220218,20220218,112030000,11:20:31,5366,145776,243033,3889303680,0,0,0
TA204,20220218,20220218,112030500,11:20:31,5366,145776,243033,3889303680,0,0,0
TA204,20220218,20220218,112031000,11:20:32,5366,145776,243033,3889303680,0,0,0
TA204,20220218,20220218,112031500,11:20:32,5364,145781,243033,3889437080,5,0,133400
TA204,20220218,20220218,112032000,11:20:32,5364,145792,243041,3889730560,11,8,293480
TA204,20220218,20220218,112032500,11:20:32,5364,145792,243041,3889730560,0,0,0
TA204,20220218,20220218,112033000,11:20:33,5364,145792,243041,3889730560,0,0,0
TA204,20220218,20220218,112033500,11:20:33,5364,145792,243041,3889730560,0,0,0
TA204,20220218,20220218,112034000,11:20:34,5364,145792,243041,3889730560,0,0,0
TA204,20220218,20220218,112034500,11:20:35,5364,145792,243041,3889730560,0,0,0
TA204,20220218,20220218,112035000,11:20:35,5364,145792,243041,3889730560,0,0,0
TA204,20220218,20220218,112035500,11:20:35,5364,145792,243041,3889730560,0,0,0
TA204,20220218,20220218,112036000,11:20:36,5364,145792,243041,3889730560,0,0,0
TA204,20220218,20220218,112036500,11:20:37,5364,145792,243041,3889730560,0,0,0
TA204,20220218,20220218,112037000,11:20:37,5364,145792,243041,3889730560,0,0,0
TA204,20220218,20220218,112037500,11:20:38,5364,145792,243041,3889730560,0,0,0
TA204,20220218,20220218,112038000,11:20:38,5364,145792,243041,3889730560,0,0,0
TA204,20220218,20220218,112038500,11:20:39,5364,145792,243041,3889730560,0,0,0
TA204,20220218,20220218,112039000,11:20:39,5364,145792,243041,3889730560,0,0,0
TA204,20220218,20220218,112039500,11:20:40,5364,145792,243041,3889730560,0,0,0
TA204,20220218,20220218,112040000,11:20:40,5364,145792,243041,3889730560,0,0,0
TA204,20220218,20220218,112040500,11:20:41,5364,145792,243041,3889730560,0,0,0
TA204,20220218,20220218,112041500,11:20:41,5364,145792,243041,3889730560,0,0,0
TA204,20220218,20220218,112042500,11:20:42,5364,145792,243041,3889730560,0,0,0
TA204,20220218,20220218,112043000,11:20:43,5364,145792,243041,3889730560,0,0,0
TA204,20220218,20220218,112044500,11:20:45,5364,145792,243041,3889730560,0,0,0
TA204,20220218,20220218,112045000,11:20:45,5364,145792,243041,3889730560,0,0,0
TA204,20220218,20220218,112045500,11:20:46,5364,145792,243041,3889730560,0,0,0
TA204,20220218,20220218,112046000,11:20:46,5364,145792,243041,3889730560,0,0,0
TA204,20220218,20220218,112046500,11:20:46,5364,145792,243041,3889730560,0,0,0
TA204,20220218,20220218,112047000,11:20:47,5364,145792,243041,3889730560,0,0,0
TA204,20220218,20220218,112047500,11:20:48,5364,145792,243041,3889730560,0,0,0
TA204,20220218,20220218,112048000,11:20:48,5364,145792,243041,3889730560,0,0,0
TA204,20220218,20220218,112048500,11:20:50,5364,145792,243041,3889730560,0,0,0
TA204,20220218,20220218,112049000,11:20:50,5364,145792,243041,3889730560,0,0,0
TA204,20220218,20220218,112050500,11:20:50,5364,145792,243041,3889730560,0,0,0
TA204,20220218,20220218,112051000,11:20:51,5364,145792,243041,3889730560,0,0,0
TA204,20220218,20220218,112051500,11:20:52,5366,145812,243039,3890264160,20,-2,533600
TA204,20220218,20220218,112052000,11:20:53,5366,145812,243039,3890264160,0,0,0
TA204,20220218,20220218,112052500,11:20:53,5366,145835,243042,3890877800,23,3,613640
TA204,20220218,20220218,112053000,11:20:53,5366,145835,243042,3890877800,0,0,0
TA204,20220218,20220218,112053500,11:20:53,5366,145835,243042,3890877800,0,0,0
TA204,20220218,20220218,112054000,11:20:54,5366,145835,243042,3890877800,0,0,0
TA204,20220218,20220218,112054500,11:20:55,5366,145835,243042,3890877800,0,0,0
TA204,20220218,20220218,112055000,11:20:55,5366,145835,243042,3890877800,0,0,0
TA204,20220218,20220218,112055500,11:20:56,5366,145835,243042,3890877800,0,0,0
TA204,20220218,20220218,112056000,11:20:56,5366,145835,243042,3890877800,0,0,0
TA204,20220218,20220218,112057000,11:20:58,5366,145835,243042,3890877800,0,0,0
TA204,20220218,20220218,112057500,11:20:58,5366,145835,243042,3890877800,0,0,0
TA204,20220218,20220218,112058000,11:20:58,5366,145835,243042,3890877800,0,0,0
TA204,20220218,20220218,112058500,11:20:59,5366,145835,243042,3890877800,0,0,0
TA204,20220218,20220218,112059000,11:20:59,5366,145858,243024,3891491440,23,-18,613640
TA204,20220218,20220218,112059500,11:21:00,5366,145858,243024,3891491440,0,0,0
TA204,20220218,20220218,112100000,11:21:00,5366,145858,243024,3891491440,0,0,0
TA204,20220218,20220218,112100500,11:21:01,5366,145858,243024,3891491440,0,0,0
TA204,20220218,20220218,112101000,11:21:01,5366,145858,243024,3891491440,0,0,0
TA204,20220218,20220218,112101500,11:21:02,5366,145858,243024,3891491440,0,0,0
TA204,20220218,20220218,112102000,11:21:03,5366,145868,243019,3891758240,10,-5,266800
TA204,20220218,20220218,112102500,11:21:03,5366,145871,243018,3891838280,3,-1,80040
TA204,20220218,20220218,112103000,11:21:03,5366,145872,243017,3891864960,1,-1,26680
TA204,20220218,20220218,112103500,11:21:04,5366,145879,243011,3892051720,7,-6,186760
TA204,20220218,20220218,112104000,11:21:04,5366,145879,243011,3892051720,0,0,0
TA204,20220218,20220218,112104500,11:21:05,5366,145879,243011,3892051720,0,0,0
TA204,20220218,20220218,112105000,11:21:06,5366,145879,243011,3892051720,0,0,0
TA204,20220218,20220218,112105500,11:21:07,5366,145879,243011,3892051720,0,0,0
TA204,20220218,20220218,112106000,11:21:07,5366,145879,243011,3892051720,0,0,0
TA204,20220218,20220218,112106500,11:21:08,5366,145879,243011,3892051720,0,0,0
TA204,20220218,20220218,112107000,11:21:10,5366,145879,243011,3892051720,0,0,0
TA204,20220218,20220218,112107500,11:21:10,5366,145879,243011,3892051720,0,0,0
TA204,20220218,20220218,112108000,11:21:10,5366,145879,243011,3892051720,0,0,0
TA204,20220218,20220218,112110000,11:21:10,5366,145879,243011,3892051720,0,0,0
TA204,20220218,20220218,112110500,11:21:11,5366,145879,243011,3892051720,0,0,0
TA204,20220218,20220218,112111000,11:21:11,5366,145879,243011,3892051720,0,0,0
TA204,20220218,20220218,112111500,11:21:12,5366,145879,243011,3892051720,0,0,0
TA204,20220218,20220218,112112000,11:21:12,5366,145879,243011,3892051720,0,0,0
TA204,20220218,20220218,112112500,11:21:13,5366,145879,243011,3892051720,0,0,0
TA204,20220218,20220218,112113000,11:21:13,5366,145879,243011,3892051720,0,0,0
TA204,20220218,20220218,112113500,11:21:13,5366,145879,243011,3892051720,0,0,0
TA204,20220218,20220218,112114000,11:21:14,5366,145879,243011,3892051720,0,0,0
TA204,20220218,20220218,112114500,11:21:14,5366,145879,243011,3892051720,0,0,0
TA204,20220218,20220218,112115000,11:21:15,5366,145879,243011,3892051720,0,0,0
TA204,20220218,20220218,112115500,11:21:15,5366,145879,243011,3892051720,0,0,0
TA204,20220218,20220218,112116000,11:21:16,5366,145879,243011,3892051720,0,0,0
TA204,20220218,20220218,112116500,11:21:17,5366,145880,243011,3892078400,1,0,26680
TA204,20220218,20220218,112117000,11:21:17,5366,145880,243011,3892078400,0,0,0
TA204,20220218,20220218,112117500,11:21:18,5366,145887,243004,3892265160,7,-7,186760
TA204,20220218,20220218,112118500,11:21:18,5366,145887,243004,3892265160,0,0,0
TA204,20220218,20220218,112119000,11:21:19,5366,145887,243004,3892265160,0,0,0
TA204,20220218,20220218,112120500,11:21:22,5366,145900,242996,3892612000,13,-8,346840
TA204,20220218,20220218,112121000,11:21:22,5366,145900,242996,3892612000,0,0,0
TA204,20220218,20220218,112121500,11:21:22,5366,145900,242996,3892612000,0,0,0
TA204,20220218,20220218,112122000,11:21:22,5366,145900,242996,3892612000,0,0,0
TA204,20220218,20220218,112122500,11:21:22,5366,145900,242996,3892612000,0,0,0
TA204,20220218,20220218,112123000,11:21:23,5366,145900,242996,3892612000,0,0,0
TA204,20220218,20220218,112123500,11:21:23,5366,145900,242996,3892612000,0,0,0
TA204,20220218,20220218,112124000,11:21:24,5366,145900,242996,3892612000,0,0,0
TA204,20220218,20220218,112124500,11:21:25,5366,145900,242996,3892612000,0,0,0
TA204,20220218,20220218,112125000,11:22:29,5366,145900,242996,3892612000,0,0,0
TA204,20220218,20220218,112125500,11:23:32,5366,145900,242996,3892612000,0,0,0
TA204,20220218,20220218,112126000,11:23:33,5366,145900,242996,3892612000,0,0,0
TA204,20220218,20220218,112332500,11:23:33,5366,145900,242996,3892612000,0,0,0
TA204,20220218,20220218,112333000,11:23:33,5366,145900,242996,3892612000,0,0,0
TA204,20220218,20220218,112334000,11:23:34,5366,145900,242996,3892612000,0,0,0
TA204,20220218,20220218,112334500,11:23:34,5366,145900,242996,3892612000,0,0,0
TA204,20220218,20220218,112335000,11:23:35,5366,145900,242996,3892612000,0,0,0
TA204,20220218,20220218,112335500,11:23:35,5366,145900,242996,3892612000,0,0,0
TA204,20220218,20220218,112336000,11:23:37,5366,145900,242996,3892612000,0,0,0
TA204,20220218,20220218,112336500,11:23:38,5366,145900,242996,3892612000,0,0,0
TA204,20220218,20220218,112337500,11:23:38,5366,145900,242996,3892612000,0,0,0
TA204,20220218,20220218,112338000,11:23:38,5366,145900,242996,3892612000,0,0,0
TA204,20220218,20220218,112339000,11:23:39,5366,145900,242996,3892612000,0,0,0
TA204,20220218,20220218,112339500,11:23:39,5366,145900,242996,3892612000,0,0,0
TA204,20220218,20220218,112340000,11:23:40,5366,145900,242996,3892612000,0,0,0
TA204,20220218,20220218,112340500,11:23:40,5366,145900,242996,3892612000,0,0,0
TA204,20220218,20220218,112342000,11:23:42,5366,145900,242996,3892612000,0,0,0
TA204,20220218,20220218,112342500,11:23:43,5366,145900,242996,3892612000,0,0,0
TA204,20220218,20220218,112343000,11:23:43,5366,145900,242996,3892612000,0,0,0
TA204,20220218,20220218,112344000,11:23:48,5366,145900,242996,3892612000,0,0,0
TA204,20220218,20220218,112345000,11:23:48,5366,145900,242996,3892612000,0,0,0
TA204,20220218,20220218,112347000,11:23:48,5366,145900,242996,3892612000,0,0,0
TA204,20220218,20220218,112349000,11:23:49,5366,145900,242996,3892612000,0,0,0
TA204,20220218,20220218,112350000,11:23:50,5366,145900,242996,3892612000,0,0,0
TA204,20220218,20220218,112350500,11:23:50,5366,145900,242996,3892612000,0,0,0
TA204,20220218,20220218,112351000,11:23:51,5366,145900,242996,3892612000,0,0,0
TA204,20220218,20220218,112351500,11:23:51,5366,145900,242996,3892612000,0,0,0
TA204,20220218,20220218,112352000,11:23:52,5366,145900,242996,3892612000,0,0,0
TA204,20220218,20220218,112352500,11:23:52,5368,146820,242734,3917157600,920,-262,24545600
TA204,20220218,20220218,112353000,11:23:53,5368,146820,242734,3917157600,0,0,0
TA204,20220218,20220218,112353500,11:23:53,5368,146820,242734,3917157600,0,0,0
TA204,20220218,20220218,112354000,11:23:54,5368,146820,242734,3917157600,0,0,0
TA204,20220218,20220218,112354500,11:23:55,5366,146830,242729,3917424400,10,-5,266800
TA204,20220218,20220218,112355000,11:23:55,5366,146830,242729,3917424400,0,0,0
TA204,20220218,20220218,112356000,11:23:56,5366,146830,242729,3917424400,0,0,0
TA204,20220218,20220218,112356500,11:23:56,5366,146830,242729,3917424400,0,0,0
TA204,20220218,20220218,112357500,11:23:57,5366,146830,242729,3917424400,0,0,0
TA204,20220218,20220218,112358000,11:23:58,5366,146830,242729,3917424400,0,0,0
TA204,20220218,20220218,112358500,11:23:58,5366,146830,242729,3917424400,0,0,0
TA204,20220218,20220218,112359000,11:23:59,5366,146830,242729,3917424400,0,0,0
TA204,20220218,20220218,112359500,11:23:59,5366,146830,242729,3917424400,0,0,0
TA204,20220218,20220218,112400000,11:24:00,5366,146830,242729,3917424400,0,0,0
TA204,20220218,20220218,112400500,11:24:00,5366,146830,242729,3917424400,0,0,0
TA204,20220218,20220218,112401000,11:24:01,5366,146836,242735,3917584480,6,6,160080
TA204,20220218,20220218,112401500,11:24:01,5366,146836,242735,3917584480,0,0,0
TA204,20220218,20220218,112402000,11:24:02,5366,146836,242735,3917584480,0,0,0
TA204,20220218,20220218,112402500,11:24:02,5366,146836,242735,3917584480,0,0,0
TA204,20220218,20220218,112403000,11:24:03,5366,146836,242735,3917584480,0,0,0
TA204,20220218,20220218,112403500,11:24:04,5366,146836,242735,3917584480,0,0,0
TA204,20220218,20220218,112404000,11:24:04,5366,146836,242735,3917584480,0,0,0
TA204,20220218,20220218,112404500,11:24:04,5366,146836,242735,3917584480,0,0,0
TA204,20220218,20220218,112405000,11:24:05,5366,146836,242735,3917584480,0,0,0
TA204,20220218,20220218,112405500,11:24:05,5366,146836,242735,3917584480,0,0,0
TA204,20220218,20220218,112406000,11:24:06,5366,146836,242735,3917584480,0,0,0
TA204,20220218,20220218,112406500,11:24:06,5366,146836,242735,3917584480,0,0,0
TA204,20220218,20220218,112407000,11:24:07,5366,146836,242735,3917584480,0,0,0
TA204,20220218,20220218,112407500,11:24:08,5366,146836,242735,3917584480,0,0,0
TA204,20220218,20220218,112408000,11:24:08,5366,146836,242735,3917584480,0,0,0
TA204,20220218,20220218,112408500,11:24:08,5366,146836,242735,3917584480,0,0,0
TA204,20220218,20220218,112409000,11:24:11,5366,146836,242735,3917584480,0,0,0
TA204,20220218,20220218,112410500,11:24:12,5366,146836,242735,3917584480,0,0,0
TA204,20220218,20220218,112411500,11:24:12,5366,146836,242735,3917584480,0,0,0
TA204,20220218,20220218,112412000,11:24:12,5366,146836,242735,3917584480,0,0,0
TA204,20220218,20220218,112412500,11:24:13,5366,146857,242741,3918144760,21,6,560280
TA204,20220218,20220218,112413000,11:24:14,5366,146857,242741,3918144760,0,0,0
TA204,20220218,20220218,112413500,11:24:14,5366,146857,242741,3918144760,0,0,0
TA204,20220218,20220218,112414000,11:24:14,5366,146857,242741,3918144760,0,0,0
TA204,20220218,20220218,112415500,11:24:15,5366,146857,242741,3918144760,0,0,0
TA204,20220218,20220218,112416000,11:24:16,5366,146859,242741,3918198120,2,0,53360
TA204,20220218,20220218,112416500,11:24:17,5366,146859,242741,3918198120,0,0,0
TA204,20220218,20220218,112417500,11:24:18,5366,146859,242741,3918198120,0,0,0
TA204,20220218,20220218,112418000,11:24:18,5366,146859,242741,3918198120,0,0,0
TA204,20220218,20220218,112418500,11:24:19,5366,146863,242742,3918304840,4,1,106720
TA204,20220218,20220218,112419000,11:24:19,5366,146864,242742,3918331520,1,0,26680
TA204,20220218,20220218,112419500,11:24:20,5366,146865,242742,3918358200,1,0,26680
TA204,20220218,20220218,112420000,11:24:20,5366,146866,242742,3918384880,1,0,26680
TA204,20220218,20220218,112420500,11:24:20,5366,146866,242742,3918384880,0,0,0
TA204,20220218,20220218,112421000,11:24:21,5366,146868,242742,3918438240,2,0,53360
TA204,20220218,20220218,112421500,11:24:22,5366,146870,242743,3918491600,2,1,53360
TA204,20220218,20220218,112422500,11:24:23,5366,146874,242745,3918598320,4,2,106720
TA204,20220218,20220218,112423500,11:24:24,5366,146874,242745,3918598320,0,0,0
TA204,20220218,20220218,112424000,11:24:24,5366,146874,242745,3918598320,0,0,0
TA204,20220218,20220218,112424500,11:24:24,5366,146874,242745,3918598320,0,0,0
TA204,20220218,20220218,112425000,11:24:25,5366,146874,242745,3918598320,0,0,0
TA204,20220218,20220218,112425500,11:24:25,5366,146874,242745,3918598320,0,0,0
TA204,20220218,20220218,112427500,11:24:28,5366,146877,242745,3918678360,3,0,80040
TA204,20220218,20220218,112428000,11:24:28,5366,146878,242746,3918705040,1,1,26680
TA204,20220218,20220218,112428500,11:24:28,5366,146878,242746,3918705040,0,0,0
TA204,20220218,20220218,112429000,11:24:29,5364,146902,242756,3919345360,24,10,640320
TA204,20220218,20220218,112429500,11:24:30,5364,147060,242763,3923560800,158,7,4215440
TA204,20220218,20220218,112430000,11:24:30,5364,147062,242763,3923614160,2,0,53360
TA204,20220218,20220218,112430500,11:24:30,5364,147062,242763,3923614160,0,0,0
TA204,20220218,20220218,112431000,11:24:31,5364,147066,242761,3923720880,4,-2,106720
TA204,20220218,20220218,112431500,11:24:31,5364,147066,242761,3923720880,0,0,0
TA204,20220218,20220218,112432000,11:24:32,5364,147067,242760,3923747560,1,-1,26680
TA204,20220218,20220218,112432500,11:24:33,5364,147067,242760,3923747560,0,0,0
TA204,20220218,20220218,112433000,11:24:33,5364,147073,242760,3923907640,6,0,160080
TA204,20220218,20220218,112433500,11:24:33,5364,147073,242760,3923907640,0,0,0
TA204,20220218,20220218,112434000,11:24:34,5364,147073,242760,3923907640,0,0,0
TA204,20220218,20220218,112434500,11:24:34,5364,147073,242760,3923907640,0,0,0
TA204,20220218,20220218,112435000,11:24:35,5364,147073,242760,3923907640,0,0,0
TA204,20220218,20220218,112435500,11:24:35,5364,147073,242760,3923907640,0,0,0
TA204,20220218,20220218,112436000,11:24:36,5364,147083,242760,3924174440,10,0,266800
TA204,20220218,20220218,112436500,11:24:36,5364,147083,242760,3924174440,0,0,0
TA204,20220218,20220218,112437000,11:24:37,5364,147083,242760,3924174440,0,0,0
TA204,20220218,20220218,112437500,11:24:39,5364,147083,242760,3924174440,0,0,0
TA204,20220218,20220218,112438000,11:24:39,5364,147083,242760,3924174440,0,0,0
TA204,20220218,20220218,112438500,11:24:39,5364,147086,242762,3924254480,3,2,80040
TA204,20220218,20220218,112439000,11:24:40,5364,147095,242767,3924494600,9,5,240120
TA204,20220218,20220218,112440000,11:24:40,5364,147095,242767,3924494600,0,0,0
TA204,20220218,20220218,112440500,11:24:40,5364,147095,242767,3924494600,0,0,0
TA204,20220218,20220218,112441000,11:24:41,5364,147095,242767,3924494600,0,0,0
TA204,20220218,20220218,112442000,11:24:42,5364,147095,242767,3924494600,0,0,0
TA204,20220218,20220218,112442500,11:24:42,5364,147095,242767,3924494600,0,0,0
TA204,20220218,20220218,112443000,11:24:43,5364,147095,242767,3924494600,0,0,0
TA204,20220218,20220218,112443500,11:24:43,5364,147095,242767,3924494600,0,0,0
TA204,20220218,20220218,112444000,11:24:44,5364,147095,242767,3924494600,0,0,0
TA204,20220218,20220218,112445000,11:24:45,5364,147095,242767,3924494600,0,0,0
TA204,20220218,20220218,112445500,11:24:45,5364,147095,242767,3924494600,0,0,0
TA204,20220218,20220218,112446000,11:24:46,5364,147095,242767,3924494600,0,0,0
TA204,20220218,20220218,112446500,11:24:46,5364,147095,242767,3924494600,0,0,0
TA204,20220218,20220218,112447000,11:24:47,5364,147095,242767,3924494600,0,0,0
TA204,20220218,20220218,112447500,11:24:47,5364,147095,242767,3924494600,0,0,0
TA204,20220218,20220218,112448000,11:24:48,5364,147095,242767,3924494600,0,0,0
TA204,20220218,20220218,112448500,11:24:49,5364,147095,242767,3924494600,0,0,0
TA204,20220218,20220218,112449000,11:24:49,5364,147095,242767,3924494600,0,0,0
TA204,20220218,20220218,112449500,11:24:49,5364,147095,242767,3924494600,0,0,0
TA204,20220218,20220218,112450500,11:24:50,5364,147095,242767,3924494600,0,0,0
TA204,20220218,20220218,112451500,11:24:52,5364,147095,242767,3924494600,0,0,0
TA204,20220218,20220218,112452000,11:24:52,5364,147095,242767,3924494600,0,0,0
TA204,20220218,20220218,112452500,11:24:52,5364,147095,242767,3924494600,0,0,0
TA204,20220218,20220218,112453500,11:24:53,5364,147095,242767,3924494600,0,0,0
TA204,20220218,20220218,112455000,11:24:55,5364,147095,242767,3924494600,0,0,0
TA204,20220218,20220218,112455500,11:24:56,5364,147095,242767,3924494600,0,0,0
TA204,20220218,20220218,112456000,11:24:56,5364,147095,242767,3924494600,0,0,0
TA204,20220218,20220218,112456500,11:24:56,5364,147095,242767,3924494600,0,0,0
TA204,20220218,20220218,112458500,11:24:58,5364,147095,242767,3924494600,0,0,0
TA204,20220218,20220218,112459500,11:24:59,5364,147095,242767,3924494600,0,0,0
TA204,20220218,20220218,112500000,11:25:01,5364,147107,242763,3924814760,12,-4,320160
TA204,20220218,20220218,112500500,11:25:01,5364,147107,242763,3924814760,0,0,0
TA204,20220218,20220218,112501000,11:25:02,5364,147107,242763,3924814760,0,0,0
TA204,20220218,20220218,112501500,11:25:05,5364,147107,242763,3924814760,0,0,0
TA204,20220218,20220218,112502000,11:25:05,5364,147107,242763,3924814760,0,0,0
TA204,20220218,20220218,112502500,11:25:06,5364,147107,242763,3924814760,0,0,0
TA204,20220218,20220218,112504000,11:25:06,5366,147109,242763,3924868120,2,0,53360
TA204,20220218,20220218,112505500,11:25:06,5366,147115,242763,3925028200,6,0,160080
TA204,20220218,20220218,112506000,11:25:07,5366,147119,242763,3925134920,4,0,106720
TA204,20220218,20220218,112506500,11:25:07,5366,147122,242760,3925214960,3,-3,80040
TA204,20220218,20220218,112507500,11:25:07,5366,147123,242761,3925241640,1,1,26680
TA204,20220218,20220218,112508000,11:25:08,5366,147124,242762,3925268320,1,1,26680
TA204,20220218,20220218,112508500,11:25:09,5366,147127,242765,3925348360,3,3,80040
TA204,20220218,20220218,112509000,11:25:09,5366,147129,242767,3925401720,2,2,53360
TA204,20220218,20220218,112509500,11:25:09,5366,147129,242767,3925401720,0,0,0
TA204,20220218,20220218,112510500,11:25:10,5366,147129,242767,3925401720,0,0,0
TA204,20220218,20220218,112511000,11:25:11,5366,147150,242775,3925962000,21,8,560280
TA204,20220218,20220218,112511500,11:25:11,5366,147152,242777,3926015360,2,2,53360
TA204,20220218,20220218,112512000,11:25:12,5366,147153,242778,3926042040,1,1,26680
TA204,20220218,20220218,112512500,11:25:12,5366,147154,242779,3926068720,1,1,26680
TA204,20220218,20220218,112513500,11:25:15,5366,147164,242789,3926335520,10,10,266800
TA204,20220218,20220218,112514500,11:25:16,5366,147164,242789,3926335520,0,0,0
TA204,20220218,20220218,112515000,11:25:16,5366,147178,242789,3926709040,14,0,373520
TA204,20220218,20220218,112515500,11:25:16,5366,147178,242789,3926709040,0,0,0
TA204,20220218,20220218,112516000,11:25:16,5366,147178,242789,3926709040,0,0,0
TA204,20220218,20220218,112516500,11:25:16,5366,147178,242789,3926709040,0,0,0
TA204,20220218,20220218,112517500,11:25:18,5366,147178,242789,3926709040,0,0,0
TA204,20220218,20220218,112518000,11:25:19,5366,147178,242789,3926709040,0,0,0
TA204,20220218,20220218,112519000,11:25:19,5366,147178,242789,3926709040,0,0,0
TA204,20220218,20220218,112519500,11:25:19,5366,147178,242789,3926709040,0,0,0
TA204,20220218,20220218,112520000,11:25:21,5366,147178,242789,3926709040,0,0,0
TA204,20220218,20220218,112520500,11:25:21,5366,147178,242789,3926709040,0,0,0
TA204,20220218,20220218,112521000,11:25:22,5366,147178,242789,3926709040,0,0,0
TA204,20220218,20220218,112521500,11:25:22,5366,147178,242789,3926709040,0,0,0
TA204,20220218,20220218,112522500,11:25:22,5366,147178,242789,3926709040,0,0,0
TA204,20220218,20220218,112523000,11:25:23,5366,147178,242789,3926709040,0,0,0
TA204,20220218,20220218,112523500,11:25:24,5366,147178,242789,3926709040,0,0,0
TA204,20220218,20220218,112524000,11:25:25,5366,147178,242789,3926709040,0,0,0
TA204,20220218,20220218,112525000,11:25:25,5366,147178,242789,3926709040,0,0,0
TA204,20220218,20220218,112525500,11:25:26,5366,147178,242789,3926709040,0,0,0
TA204,20220218,20220218,112526500,11:25:27,5366,147178,242789,3926709040,0,0,0
TA204,20220218,20220218,112527000,11:25:27,5366,147178,242789,3926709040,0,0,0
TA204,20220218,20220218,112527500,11:25:28,5366,147178,242789,3926709040,0,0,0
TA204,20220218,20220218,112528000,11:25:28,5366,147178,242789,3926709040,0,0,0
TA204,20220218,20220218,112528500,11:25:28,5366,147178,242789,3926709040,0,0,0
TA204,20220218,20220218,112529000,11:25:29,5364,147197,242793,3927215960,19,4,506920
TA204,20220218,20220218,112529500,11:25:30,5364,147197,242793,3927215960,0,0,0
TA204,20220218,20220218,112530000,11:25:31,5364,147197,242793,3927215960,0,0,0
TA204,20220218,20220218,112530500,11:25:31,5364,147197,242793,3927215960,0,0,0
TA204,20220218,20220218,112531000,11:25:31,5364,147197,242793,3927215960,0,0,0
TA204,20220218,20220218,112531500,11:25:32,5364,147197,242793,3927215960,0,0,0
TA204,20220218,20220218,112532000,11:25:32,5364,147197,242793,3927215960,0,0,0
TA204,20220218,20220218,112532500,11:25:33,5364,147197,242793,3927215960,0,0,0
TA204,20220218,20220218,112533000,11:25:33,5364,147197,242793,3927215960,0,0,0
TA204,20220218,20220218,112533500,11:25:33,5364,147197,242793,3927215960,0,0,0
TA204,20220218,20220218,112534000,11:25:34,5364,147197,242793,3927215960,0,0,0
TA204,20220218,20220218,112534500,11:25:35,5364,147197,242793,3927215960,0,0,0
TA204,20220218,20220218,112535000,11:25:37,5364,147197,242793,3927215960,0,0,0
TA204,20220218,20220218,112535500,11:25:37,5364,147197,242793,3927215960,0,0,0
TA204,20220218,20220218,112536000,11:25:37,5364,147197,242793,3927215960,0,0,0
TA204,20220218,20220218,112536500,11:25:37,5364,147197,242793,3927215960,0,0,0
TA204,20220218,20220218,112537000,11:25:38,5364,147197,242793,3927215960,0,0,0
TA204,20220218,20220218,112537500,11:25:38,5364,147197,242793,3927215960,0,0,0
TA204,20220218,20220218,112538000,11:25:38,5364,147197,242793,3927215960,0,0,0
TA204,20220218,20220218,112539000,11:25:39,5364,147197,242793,3927215960,0,0,0
TA204,20220218,20220218,112539500,11:25:40,5364,147197,242793,3927215960,0,0,0
TA204,20220218,20220218,112540000,11:25:40,5364,147197,242793,3927215960,0,0,0
TA204,20220218,20220218,112540500,11:25:41,5364,147197,242793,3927215960,0,0,0
TA204,20220218,20220218,112541000,11:25:41,5364,147197,242793,3927215960,0,0,0
TA204,20220218,20220218,112541500,11:25:41,5364,147197,242793,3927215960,0,0,0
TA204,20220218,20220218,112542000,11:25:42,5364,147197,242793,3927215960,0,0,0
TA204,20220218,20220218,112542500,11:25:43,5364,147197,242793,3927215960,0,0,0
TA204,20220218,20220218,112543000,11:25:43,5364,147197,242793,3927215960,0,0,0
TA204,20220218,20220218,112543500,11:25:43,5364,147197,242793,3927215960,0,0,0
TA204,20220218,20220218,112544000,11:25:44,5364,147197,242793,3927215960,0,0,0
TA204,20220218,20220218,112544500,11:25:44,5364,147197,242793,3927215960,0,0,0
TA204,20220218,20220218,112545000,11:25:45,5364,147197,242793,3927215960,0,0,0
TA204,20220218,20220218,112545500,11:25:46,5364,147197,242793,3927215960,0,0,0
TA204,20220218,20220218,112546000,11:25:47,5364,147197,242793,3927215960,0,0,0
TA204,20220218,20220218,112546500,11:25:48,5364,147197,242793,3927215960,0,0,0
TA204,20220218,20220218,112547000,11:25:48,5364,147241,242774,3928389880,44,-19,1173920
TA204,20220218,20220218,112547500,11:25:48,5364,147241,242774,3928389880,0,0,0
TA204,20220218,20220218,112548000,11:25:48,5364,147241,242774,3928389880,0,0,0
TA204,20220218,20220218,112549000,11:25:49,5364,147241,242774,3928389880,0,0,0
TA204,20220218,20220218,112549500,11:25:49,5364,147241,242774,3928389880,0,0,0
TA204,20220218,20220218,112550000,11:25:50,5364,147241,242774,3928389880,0,0,0
TA204,20220218,20220218,112550500,11:25:51,5364,147241,242774,3928389880,0,0,0
TA204,20220218,20220218,112551000,11:25:51,5364,147241,242774,3928389880,0,0,0
TA204,20220218,20220218,112551500,11:25:51,5364,147241,242774,3928389880,0,0,0
TA204,20220218,20220218,112552000,11:25:52,5364,147241,242774,3928389880,0,0,0
TA204,20220218,20220218,112552500,11:25:52,5364,147241,242774,3928389880,0,0,0
TA204,20220218,20220218,112553000,11:25:53,5364,147241,242774,3928389880,0,0,0
TA204,20220218,20220218,112554000,11:25:54,5364,147241,242774,3928389880,0,0,0
TA204,20220218,20220218,112554500,11:25:55,5364,147241,242774,3928389880,0,0,0
TA204,20220218,20220218,112555000,11:25:55,5364,147241,242774,3928389880,0,0,0
TA204,20220218,20220218,112555500,11:25:56,5364,147241,242774,3928389880,0,0,0
TA204,20220218,20220218,112556000,11:25:57,5364,147241,242774,3928389880,0,0,0
TA204,20220218,20220218,112556500,11:25:57,5364,147241,242774,3928389880,0,0,0
TA204,20220218,20220218,112557000,11:25:57,5364,147241,242774,3928389880,0,0,0
TA204,20220218,20220218,112557500,11:25:57,5364,147241,242774,3928389880,0,0,0
TA204,20220218,20220218,112558500,11:25:59,5364,147241,242774,3928389880,0,0,0
TA204,20220218,20220218,112559000,11:26:00,5364,147241,242774,3928389880,0,0,0
TA204,20220218,20220218,112559500,11:26:00,5364,147243,242773,3928443240,2,-1,53360
TA204,20220218,20220218,112600000,11:26:00,5364,147243,242773,3928443240,0,0,0
TA204,20220218,20220218,112600500,11:26:01,5364,147243,242773,3928443240,0,0,0
TA204,20220218,20220218,112601000,11:26:01,5364,147244,242773,3928469920,1,0,26680
TA204,20220218,20220218,112601500,11:26:02,5364,147244,242773,3928469920,0,0,0
TA204,20220218,20220218,112602000,11:26:03,5364,147244,242773,3928469920,0,0,0
TA204,20220218,20220218,112603000,11:26:03,5364,147244,242773,3928469920,0,0,0
TA204,20220218,20220218,112603500,11:26:04,5364,147244,242773,3928469920,0,0,0
TA204,20220218,20220218,112604000,11:26:05,5364,147272,242773,3929216960,28,0,747040
TA204,20220218,20220218,112604500,11:26:05,5364,147289,242773,3929670520,17,0,453560
TA204,20220218,20220218,112605000,11:26:05,5364,147289,242773,3929670520,0,0,0
TA204,20220218,20220218,112605500,11:26:06,5364,147289,242773,3929670520,0,0,0
TA204,20220218,20220218,112606000,11:26:06,5364,147289,242773,3929670520,0,0,0
TA204,20220218,20220218,112606500,11:26:09,5364,147289,242773,3929670520,0,0,0
TA204,20220218,20220218,112607000,11:26:09,5364,147289,242773,3929670520,0,0,0
TA204,20220218,20220218,112607500,11:26:09,5364,147289,242773,3929670520,0,0,0
TA204,20220218,20220218,112609000,11:26:10,5364,147289,242773,3929670520,0,0,0
TA204,20220218,20220218,112609500,11:26:10,5364,147289,242773,3929670520,0,0,0
TA204,20220218,20220218,112610000,11:26:10,5364,147289,242773,3929670520,0,0,0
TA204,20220218,20220218,112610500,11:26:11,5364,147289,242773,3929670520,0,0,0
TA204,20220218,20220218,112611000,11:26:11,5364,147289,242773,3929670520,0,0,0
TA204,20220218,20220218,112611500,11:26:13,5364,147289,242773,3929670520,0,0,0
TA204,20220218,20220218,112612000,11:26:14,5364,147289,242773,3929670520,0,0,0
TA204,20220218,20220218,112612500,11:26:15,5364,147289,242773,3929670520,0,0,0
TA204,20220218,20220218,112613000,11:26:15,5364,147289,242773,3929670520,0,0,0
TA204,20220218,20220218,112614000,11:26:15,5364,147289,242773,3929670520,0,0,0
TA204,20220218,20220218,112614500,11:26:16,5364,147289,242773,3929670520,0,0,0
TA204,20220218,20220218,112615000,11:26:16,5364,147289,242773,3929670520,0,0,0
TA204,20220218,20220218,112615500,11:26:16,5364,147289,242773,3929670520,0,0,0
TA204,20220218,20220218,112616000,11:26:16,5364,147289,242773,3929670520,0,0,0
TA204,20220218,20220218,112616500,11:26:17,5364,147289,242773,3929670520,0,0,0
TA204,20220218,20220218,112617500,11:26:17,5364,147289,242773,3929670520,0,0,0
TA204,20220218,20220218,112618000,11:26:18,5364,147289,242773,3929670520,0,0,0
TA204,20220218,20220218,112618500,11:26:19,5364,147289,242773,3929670520,0,0,0
TA204,20220218,20220218,112619000,11:26:19,5366,147290,242772,3929697200,1,-1,26680
TA204,20220218,20220218,112619500,11:26:20,5366,147290,242772,3929697200,0,0,0
TA204,20220218,20220218,112620000,11:26:20,5366,147290,242772,3929697200,0,0,0
TA204,20220218,20220218,112620500,11:26:20,5366,147290,242772,3929697200,0,0,0
TA204,20220218,20220218,112621000,11:26:21,5366,147291,242772,3929723880,1,0,26680
TA204,20220218,20220218,112621500,11:26:21,5366,147291,242772,3929723880,0,0,0
TA204,20220218,20220218,112622000,11:26:22,5366,147291,242772,3929723880,0,0,0
TA204,20220218,20220218,112622500,11:26:23,5366,147291,242772,3929723880,0,0,0
TA204,20220218,20220218,112623000,11:26:23,5366,147291,242772,3929723880,0,0,0
TA204,20220218,20220218,112623500,11:26:23,5366,147291,242772,3929723880,0,0,0
TA204,20220218,20220218,112624000,11:26:24,5364,147314,242776,3930337520,23,4,613640
TA204,20220218,20220218,112624500,11:26:24,5364,147314,242776,3930337520,0,0,0
TA204,20220218,20220218,112625000,11:26:25,5364,147315,242777,3930364200,1,1,26680
TA204,20220218,20220218,112625500,11:26:25,5364,147315,242777,3930364200,0,0,0
TA204,20220218,20220218,112626000,11:26:26,5364,147315,242777,3930364200,0,0,0
TA204,20220218,20220218,112626500,11:26:27,5364,147315,242777,3930364200,0,0,0
TA204,20220218,20220218,112627000,11:26:27,5364,147315,242777,3930364200,0,0,0
TA204,20220218,20220218,112627500,11:26:27,5364,147315,242777,3930364200,0,0,0
TA204,20220218,20220218,112628000,11:26:28,5364,147315,242777,3930364200,0,0,0
TA204,20220218,20220218,112628500,11:26:28,5364,147315,242777,3930364200,0,0,0
TA204,20220218,20220218,112629000,11:26:29,5364,147315,242777,3930364200,0,0,0
TA204,20220218,20220218,112629500,11:26:30,5364,147315,242777,3930364200,0,0,0
TA204,20220218,20220218,112630500,11:26:31,5364,147315,242777,3930364200,0,0,0
TA204,20220218,20220218,112631000,11:26:31,5364,147315,242777,3930364200,0,0,0
TA204,20220218,20220218,112631500,11:26:32,5364,147315,242777,3930364200,0,0,0
TA204,20220218,20220218,112632000,11:26:32,5364,147315,242777,3930364200,0,0,0
TA204,20220218,20220218,112632500,11:26:32,5364,147315,242777,3930364200,0,0,0
TA204,20220218,20220218,112634000,11:26:35,5364,147315,242777,3930364200,0,0,0
TA204,20220218,20220218,112634500,11:26:37,5364,147315,242777,3930364200,0,0,0
TA204,20220218,20220218,112635500,11:26:38,5364,147315,242777,3930364200,0,0,0
TA204,20220218,20220218,112636500,11:26:38,5364,147315,242777,3930364200,0,0,0
TA204,20220218,20220218,112653500,11:27:10,5364,147315,242777,3930364200,0,0,0
TA204,20220218,20220218,112710000,11:27:12,5364,147315,242777,3930364200,0,0,0
TA204,20220218,20220218,112710500,11:27:12,5364,147315,242777,3930364200,0,0,0
TA204,20220218,20220218,112712000,11:27:12,5364,147315,242777,3930364200,0,0,0
TA204,20220218,20220218,112712500,11:27:13,5364,147315,242777,3930364200,0,0,0
TA204,20220218,20220218,112713000,11:27:14,5364,147315,242777,3930364200,0,0,0
TA204,20220218,20220218,112713500,11:27:14,5364,147315,242777,3930364200,0,0,0
TA204,20220218,20220218,112714000,11:27:15,5364,147315,242777,3930364200,0,0,0
TA204,20220218,20220218,112714500,11:27:15,5364,147315,242777,3930364200,0,0,0
TA204,20220218,20220218,112715000,11:27:16,5364,147315,242777,3930364200,0,0,0
TA204,20220218,20220218,112716000,11:27:17,5364,147315,242777,3930364200,0,0,0
TA204,20220218,20220218,112716500,11:27:17,5364,147315,242777,3930364200,0,0,0
TA204,20220218,20220218,112717000,11:27:17,5364,147315,242777,3930364200,0,0,0
TA204,20220218,20220218,112717500,11:27:17,5364,147315,242777,3930364200,0,0,0
TA204,20220218,20220218,112718000,11:27:18,5364,147315,242777,3930364200,0,0,0
TA204,20220218,20220218,112719500,11:27:20,5364,147315,242777,3930364200,0,0,0
TA204,20220218,20220218,112720000,11:27:20,5364,147315,242777,3930364200,0,0,0
TA204,20220218,20220218,112720500,11:27:21,5364,147315,242777,3930364200,0,0,0
TA204,20220218,20220218,112721000,11:27:21,5364,147315,242777,3930364200,0,0,0
TA204,20220218,20220218,112721500,11:27:22,5364,147315,242777,3930364200,0,0,0
TA204,20220218,20220218,112722000,11:27:22,5364,147315,242777,3930364200,0,0,0
TA204,20220218,20220218,112722500,11:27:26,5364,147315,242777,3930364200,0,0,0
TA204,20220218,20220218,112723000,11:27:27,5364,147315,242777,3930364200,0,0,0
TA204,20220218,20220218,112724000,11:27:27,5364,147315,242777,3930364200,0,0,0
TA204,20220218,20220218,112726500,11:27:27,5364,147315,242777,3930364200,0,0,0
TA204,20220218,20220218,112727000,11:27:27,5364,147315,242777,3930364200,0,0,0
TA204,20220218,20220218,112727500,11:27:27,5364,147315,242777,3930364200,0,0,0
TA204,20220218,20220218,112728000,11:27:28,5364,147315,242777,3930364200,0,0,0
TA204,20220218,20220218,112729000,11:27:29,5364,147315,242777,3930364200,0,0,0
TA204,20220218,20220218,112729500,11:27:30,5364,147315,242777,3930364200,0,0,0
TA204,20220218,20220218,112730000,11:27:30,5364,147315,242777,3930364200,0,0,0
TA204,20220218,20220218,112730500,11:27:31,5364,147315,242777,3930364200,0,0,0
TA204,20220218,20220218,112731000,11:27:32,5364,147315,242777,3930364200,0,0,0
TA204,20220218,20220218,112731500,11:27:35,5364,147315,242777,3930364200,0,0,0
TA204,20220218,20220218,112732000,11:27:36,5364,147315,242777,3930364200,0,0,0
TA204,20220218,20220218,112735500,11:27:36,5364,147315,242777,3930364200,0,0,0
TA204,20220218,20220218,112736000,11:27:37,5364,147315,242777,3930364200,0,0,0
TA204,20220218,20220218,112736500,11:27:38,5364,147315,242777,3930364200,0,0,0
TA204,20220218,20220218,112737000,11:27:38,5364,147315,242777,3930364200,0,0,0
TA204,20220218,20220218,112737500,11:27:38,5364,147315,242777,3930364200,0,0,0
TA204,20220218,20220218,112738000,11:27:39,5364,147315,242777,3930364200,0,0,0
TA204,20220218,20220218,112738500,11:27:39,5364,147582,242834,3937487760,267,57,7123560
TA204,20220218,20220218,112739000,11:27:39,5364,147583,242834,3937514440,1,0,26680
TA204,20220218,20220218,112739500,11:27:40,5364,147583,242834,3937514440,0,0,0
TA204,20220218,20220218,112740000,11:27:40,5364,147583,242834,3937514440,0,0,0
TA204,20220218,20220218,112740500,11:27:40,5364,147583,242834,3937514440,0,0,0
TA204,20220218,20220218,112741000,11:27:41,5364,147583,242834,3937514440,0,0,0
TA204,20220218,20220218,112741500,11:27:42,5364,147583,242834,3937514440,0,0,0
TA204,20220218,20220218,112742000,11:27:42,5364,147583,242834,3937514440,0,0,0
TA204,20220218,20220218,112742500,11:27:43,5364,147584,242834,3937541120,1,0,26680
TA204,20220218,20220218,112743500,11:27:43,5364,147584,242834,3937541120,0,0,0
TA204,20220218,20220218,112744000,11:27:44,5364,147631,242815,3938795080,47,-19,1253960
TA204,20220218,20220218,112744500,11:27:45,5364,147634,242812,3938875120,3,-3,80040
TA204,20220218,20220218,112745000,11:27:46,5364,147634,242812,3938875120,0,0,0
TA204,20220218,20220218,112745500,11:27:46,5364,147634,242812,3938875120,0,0,0
TA204,20220218,20220218,112746000,11:27:46,5364,147634,242812,3938875120,0,0,0
TA204,20220218,20220218,112747500,11:27:48,5364,147635,242812,3938901800,1,0,26680
TA204,20220218,20220218,112748000,11:27:53,5364,147646,242816,3939195280,11,4,293480
TA204,20220218,20220218,112748500,11:27:54,5364,147646,242816,3939195280,0,0,0
TA204,20220218,20220218,112749000,11:27:54,5364,147646,242816,3939195280,0,0,0
TA204,20220218,20220218,112749500,11:27:54,5364,147646,242816,3939195280,0,0,0
TA204,20220218,20220218,112754000,11:27:54,5364,147646,242816,3939195280,0,0,0
TA204,20220218,20220218,112754500,11:27:55,5364,147646,242816,3939195280,0,0,0
TA204,20220218,20220218,112755000,11:27:55,5364,147646,242816,3939195280,0,0,0
TA204,20220218,20220218,112755500,11:27:55,5364,147646,242816,3939195280,0,0,0
TA204,20220218,20220218,112756000,11:27:56,5364,147646,242816,3939195280,0,0,0
TA204,20220218,20220218,112756500,11:27:56,5364,147646,242816,3939195280,0,0,0
TA204,20220218,20220218,112757000,11:27:57,5364,147646,242816,3939195280,0,0,0
TA204,20220218,20220218,112757500,11:27:57,5364,147646,242816,3939195280,0,0,0
TA204,20220218,20220218,112758000,11:27:58,5364,147646,242816,3939195280,0,0,0
TA204,20220218,20220218,112758500,11:27:59,5364,147646,242816,3939195280,0,0,0
TA204,20220218,20220218,112759000,11:27:59,5366,147647,242817,3939221960,1,1,26680
TA204,20220218,20220218,112759500,11:27:59,5366,147647,242817,3939221960,0,0,0
TA204,20220218,20220218,112800000,11:28:01,5366,147727,242783,3941356360,80,-34,2134400
TA204,20220218,20220218,112800500,11:28:01,5366,147727,242783,3941356360,0,0,0
TA204,20220218,20220218,112801000,11:28:01,5366,147727,242783,3941356360,0,0,0
TA204,20220218,20220218,112801500,11:28:02,5366,147727,242783,3941356360,0,0,0
TA204,20220218,20220218,112802000,11:28:03,5366,147727,242783,3941356360,0,0,0
TA204,20220218,20220218,112802500,11:28:03,5366,147727,242783,3941356360,0,0,0
TA204,20220218,20220218,112803000,11:28:04,5366,147727,242783,3941356360,0,0,0
TA204,20220218,20220218,112803500,11:28:04,5366,147727,242783,3941356360,0,0,0
TA204,20220218,20220218,112804000,11:28:05,5366,147727,242783,3941356360,0,0,0
TA204,20220218,20220218,112804500,11:28:06,5366,147727,242783,3941356360,0,0,0
TA204,20220218,20220218,112805000,11:28:06,5366,147727,242783,3941356360,0,0,0
TA204,20220218,20220218,112805500,11:28:06,5366,147727,242783,3941356360,0,0,0
TA204,20220218,20220218,112806000,11:28:10,5368,147728,242782,3941383040,1,-1,26680
TA204,20220218,20220218,112806500,11:28:10,5368,147728,242782,3941383040,0,0,0
TA204,20220218,20220218,112807000,11:28:10,5368,147728,242782,3941383040,0,0,0
TA204,20220218,20220218,112810000,11:28:11,5368,147733,242782,3941516440,5,0,133400
TA204,20220218,20220218,112810500,11:28:12,5368,147733,242782,3941516440,0,0,0
TA204,20220218,20220218,112811000,11:28:12,5368,147733,242782,3941516440,0,0,0
TA204,20220218,20220218,112811500,11:28:12,5368,147734,242782,3941543120,1,0,26680
TA204,20220218,20220218,112812000,11:28:13,5368,147734,242782,3941543120,0,0,0
TA204,20220218,20220218,112812500,11:28:13,5368,147734,242782,3941543120,0,0,0
TA204,20220218,20220218,112813000,11:28:13,5368,147738,242782,3941649840,4,0,106720
TA204,20220218,20220218,112813500,11:28:14,5368,147738,242782,3941649840,0,0,0
TA204,20220218,20220218,112814000,11:28:14,5368,147738,242782,3941649840,0,0,0
TA204,20220218,20220218,112814500,11:28:14,5368,147738,242782,3941649840,0,0,0
TA204,20220218,20220218,112815000,11:28:15,5368,147739,242782,3941676520,1,0,26680
TA204,20220218,20220218,112815500,11:28:15,5368,147749,242773,3941943320,10,-9,266800
TA204,20220218,20220218,112816000,11:28:16,5368,147751,242774,3941996680,2,1,53360
TA204,20220218,20220218,112816500,11:28:16,5368,147762,242785,3942290160,11,11,293480
TA204,20220218,20220218,112817000,11:28:17,5368,147796,242790,3943197280,34,5,907120
TA204,20220218,20220218,112817500,11:28:17,5368,147796,242790,3943197280,0,0,0
TA204,20220218,20220218,112818000,11:28:18,5368,147796,242790,3943197280,0,0,0
TA204,20220218,20220218,112818500,11:28:18,5368,147796,242790,3943197280,0,0,0
TA204,20220218,20220218,112819000,11:28:19,5368,147796,242790,3943197280,0,0,0
TA204,20220218,20220218,112819500,11:28:20,5368,147796,242790,3943197280,0,0,0
TA204,20220218,20220218,112820000,11:28:20,5368,147796,242790,3943197280,0,0,0
TA204,20220218,20220218,112820500,11:28:20,5368,147796,242790,3943197280,0,0,0
TA204,20220218,20220218,112821000,11:28:21,5368,147802,242784,3943357360,6,-6,160080
TA204,20220218,20220218,112821500,11:28:22,5368,147802,242784,3943357360,0,0,0
TA204,20220218,20220218,112822000,11:28:22,5368,147803,242783,3943384040,1,-1,26680
TA204,20220218,20220218,112822500,11:28:22,5368,147804,242782,3943410720,1,-1,26680
TA204,20220218,20220218,112823500,11:28:23,5368,147804,242782,3943410720,0,0,0
TA204,20220218,20220218,112824000,11:28:24,5368,147804,242782,3943410720,0,0,0
TA204,20220218,20220218,112824500,11:28:24,5368,147804,242782,3943410720,0,0,0
TA204,20220218,20220218,112825000,11:28:25,5368,147804,242782,3943410720,0,0,0
TA204,20220218,20220218,112825500,11:28:25,5368,147804,242782,3943410720,0,0,0
TA204,20220218,20220218,112826000,11:28:26,5368,147804,242782,3943410720,0,0,0
TA204,20220218,20220218,112826500,11:28:27,5368,147804,242782,3943410720,0,0,0
TA204,20220218,20220218,112827500,11:28:27,5368,147810,242780,3943570800,6,-2,160080
TA204,20220218,20220218,112828000,11:28:28,5368,147810,242780,3943570800,0,0,0
TA204,20220218,20220218,112828500,11:28:28,5368,147810,242780,3943570800,0,0,0
TA204,20220218,20220218,112829000,11:28:29,5368,147814,242776,3943677520,4,-4,106720
TA204,20220218,20220218,112829500,11:28:29,5368,147815,242775,3943704200,1,-1,26680
TA204,20220218,20220218,112830000,11:28:30,5368,147815,242775,3943704200,0,0,0
TA204,20220218,20220218,112830500,11:28:31,5368,147815,242775,3943704200,0,0,0
TA204,20220218,20220218,112831000,11:28:31,5368,147815,242775,3943704200,0,0,0
TA204,20220218,20220218,112831500,11:28:32,5368,147815,242775,3943704200,0,0,0
TA204,20220218,20220218,112832000,11:28:32,5368,147815,242775,3943704200,0,0,0
TA204,20220218,20220218,112832500,11:28:33,5368,147815,242775,3943704200,0,0,0
TA204,20220218,20220218,112833000,11:28:33,5368,147815,242775,3943704200,0,0,0
TA204,20220218,20220218,112833500,11:28:34,5368,147815,242775,3943704200,0,0,0
TA204,20220218,20220218,112834000,11:28:34,5368,147815,242775,3943704200,0,0,0
TA204,20220218,20220218,112834500,11:28:34,5368,147815,242775,3943704200,0,0,0
TA204,20220218,20220218,112835000,11:28:35,5368,147815,242775,3943704200,0,0,0
TA204,20220218,20220218,112835500,11:28:37,5368,147822,242775,3943890960,7,0,186760
TA204,20220218,20220218,112836000,11:28:37,5368,147822,242775,3943890960,0,0,0
TA204,20220218,20220218,112836500,11:28:37,5368,147825,242775,3943971000,3,0,80040
TA204,20220218,20220218,112837000,11:28:37,5368,147825,242775,3943971000,0,0,0
TA204,20220218,20220218,112837500,11:28:38,5368,147825,242775,3943971000,0,0,0
TA204,20220218,20220218,112838000,11:28:38,5368,147830,242779,3944104400,5,4,133400
TA204,20220218,20220218,112838500,11:28:38,5368,147830,242779,3944104400,0,0,0
TA204,20220218,20220218,112839000,11:28:40,5368,147834,242777,3944211120,4,-2,106720
TA204,20220218,20220218,112839500,11:28:40,5368,147834,242777,3944211120,0,0,0
TA204,20220218,20220218,112840000,11:28:40,5368,147834,242777,3944211120,0,0,0
TA204,20220218,20220218,112840500,11:28:40,5368,147834,242777,3944211120,0,0,0
TA204,20220218,20220218,112841000,11:28:41,5368,147834,242777,3944211120,0,0,0
TA204,20220218,20220218,112841500,11:28:42,5370,148003,242882,3948720040,169,105,4508920
TA204,20220218,20220218,112842000,11:28:42,5372,148017,242888,3949093560,14,6,373520
TA204,20220218,20220218,112842500,11:28:42,5372,148018,242887,3949120240,1,-1,26680
TA204,20220218,20220218,112843000,11:28:43,5372,148044,242861,3949813920,26,-26,693680
TA204,20220218,20220218,112843500,11:28:44,5372,148048,242859,3949920640,4,-2,106720
TA204,20220218,20220218,112844000,11:28:44,5374,148136,242891,3952268480,88,32,2347840
TA204,20220218,20220218,112844500,11:28:45,5374,148210,242900,3954242800,74,9,1974320
TA204,20220218,20220218,112845000,11:28:45,5372,148223,242899,3954589640,13,-1,346840
TA204,20220218,20220218,112845500,11:28:45,5372,148223,242899,3954589640,0,0,0
TA204,20220218,20220218,112846000,11:28:46,5372,148223,242899,3954589640,0,0,0
TA204,20220218,20220218,112846500,11:28:46,5374,148286,242910,3956270480,63,11,1680840
TA204,20220218,20220218,112847000,11:28:47,5374,148286,242910,3956270480,0,0,0
TA204,20220218,20220218,112847500,11:28:48,5376,148295,242913,3956510600,9,3,240120
TA204,20220218,20220218,112848000,11:28:48,5376,148326,242894,3957337680,31,-19,827080
TA204,20220218,20220218,112848500,11:28:48,5376,148328,242894,3957391040,2,0,53360
TA204,20220218,20220218,112849000,11:28:49,5376,148329,242895,3957417720,1,1,26680
TA204,20220218,20220218,112849500,11:28:50,5376,148340,242895,3957711200,11,0,293480
TA204,20220218,20220218,112850000,11:28:50,5376,148342,242895,3957764560,2,0,53360
TA204,20220218,20220218,112850500,11:28:51,5376,148342,242895,3957764560,0,0,0
TA204,20220218,20220218,112851000,11:28:51,5376,148342,242895,3957764560,0,0,0
TA204,20220218,20220218,112851500,11:28:51,5376,148343,242895,3957791240,1,0,26680
TA204,20220218,20220218,112852000,11:28:53,5376,148343,242895,3957791240,0,0,0
TA204,20220218,20220218,112852500,11:28:54,5376,148345,242895,3957844600,2,0,53360
TA204,20220218,20220218,112853000,11:28:54,5378,148387,242934,3958965160,42,39,1120560
TA204,20220218,20220218,112853500,11:28:54,5378,148387,242934,3958965160,0,0,0
TA204,20220218,20220218,112854000,11:28:54,5380,148417,242917,3959765560,30,-17,800400
TA204,20220218,20220218,112854500,11:28:54,5380,148432,242929,3960165760,15,12,400200
TA204,20220218,20220218,112855000,11:28:55,5380,148442,242929,3960432560,10,0,266800
TA204,20220218,20220218,112855500,11:28:56,5378,148474,242950,3961286320,32,21,853760
TA204,20220218,20220218,112856000,11:28:56,5378,148474,242950,3961286320,0,0,0
TA204,20220218,20220218,112856500,11:28:56,5378,148476,242952,3961339680,2,2,53360
TA204,20220218,20220218,112857000,11:28:57,5378,148476,242952,3961339680,0,0,0
TA204,20220218,20220218,112857500,11:28:58,5378,148478,242952,3961393040,2,0,53360
TA204,20220218,20220218,112858000,11:28:58,5378,148478,242952,3961393040,0,0,0
TA204,20220218,20220218,112858500,11:28:59,5378,148478,242952,3961393040,0,0,0
TA204,20220218,20220218,112859000,11:28:59,5380,148513,242923,3962326840,35,-29,933800
TA204,20220218,20220218,112859500,11:29:00,5380,148513,242923,3962326840,0,0,0
TA204,20220218,20220218,112900000,11:29:00,5380,148513,242923,3962326840,0,0,0
TA204,20220218,20220218,112900500,11:29:01,5378,148514,242924,3962353520,1,1,26680
TA204,20220218,20220218,112901000,11:29:01,5378,148552,242962,3963367360,38,38,1013840
TA204,20220218,20220218,112901500,11:29:02,5378,148552,242962,3963367360,0,0,0
TA204,20220218,20220218,112902000,11:29:02,5378,148552,242962,3963367360,0,0,0
TA204,20220218,20220218,112902500,11:29:03,5378,148552,242962,3963367360,0,0,0
TA204,20220218,20220218,112904000,11:29:04,5378,148561,242960,3963607480,9,-2,240120
TA204,20220218,20220218,112905000,11:29:05,5378,148573,242971,3963927640,12,11,320160
TA204,20220218,20220218,112905500,11:29:06,5378,148574,242971,3963954320,1,0,26680
TA204,20220218,20220218,112906000,11:29:06,5378,148574,242971,3963954320,0,0,0
TA204,20220218,20220218,112906500,11:29:06,5378,148574,242971,3963954320,0,0,0
TA204,20220218,20220218,112907500,11:29:08,5378,148574,242971,3963954320,0,0,0
TA204,20220218,20220218,112908000,11:29:08,5378,148574,242971,3963954320,0,0,0
TA204,20220218,20220218,112908500,11:29:08,5378,148574,242971,3963954320,0,0,0
TA204,20220218,20220218,112909000,11:29:09,5376,148586,242973,3964274480,12,2,320160
TA204,20220218,20220218,112909500,11:29:09,5376,148586,242973,3964274480,0,0,0
TA204,20220218,20220218,112910000,11:29:10,5378,148594,242965,3964487920,8,-8,213440
TA204,20220218,20220218,112910500,11:29:10,5378,148594,242965,3964487920,0,0,0
TA204,20220218,20220218,112911000,11:29:11,5378,148594,242965,3964487920,0,0,0
TA204,20220218,20220218,112911500,11:29:12,5378,148594,242965,3964487920,0,0,0
TA204,20220218,20220218,112912500,11:29:12,5378,148594,242965,3964487920,0,0,0
TA204,20220218,20220218,112913000,11:29:13,5376,148601,242960,3964674680,7,-5,186760
TA204,20220218,20220218,112913500,11:29:14,5376,148601,242960,3964674680,0,0,0
TA204,20220218,20220218,112914000,11:29:14,5376,148601,242960,3964674680,0,0,0
TA204,20220218,20220218,112914500,11:29:15,5376,148601,242960,3964674680,0,0,0
TA204,20220218,20220218,112915500,11:29:16,5376,148601,242960,3964674680,0,0,0
TA204,20220218,20220218,112916000,11:29:16,5376,148601,242960,3964674680,0,0,0
TA204,20220218,20220218,112916500,11:29:20,5376,148601,242960,3964674680,0,0,0
TA204,20220218,20220218,112917000,11:29:20,5378,148608,242966,3964861440,7,6,186760
TA204,20220218,20220218,112917500,11:29:21,5378,148631,242972,3965475080,23,6,613640
TA204,20220218,20220218,112918000,11:29:21,5378,148631,242972,3965475080,0,0,0
TA204,20220218,20220218,112920500,11:29:21,5378,148631,242972,3965475080,0,0,0
TA204,20220218,20220218,112921000,11:29:22,5378,148631,242972,3965475080,0,0,0
TA204,20220218,20220218,112921500,11:29:24,5378,148631,242972,3965475080,0,0,0
TA204,20220218,20220218,112922000,11:29:24,5380,148639,242972,3965688520,8,0,213440
TA204,20220218,20220218,112922500,11:29:24,5380,148643,242976,3965795240,4,4,106720
TA204,20220218,20220218,112923000,11:29:24,5380,148643,242976,3965795240,0,0,0
TA204,20220218,20220218,112924000,11:29:24,5380,148643,242976,3965795240,0,0,0
TA204,20220218,20220218,112924500,11:29:24,5380,148643,242976,3965795240,0,0,0
TA204,20220218,20220218,112925000,11:29:25,5380,148643,242976,3965795240,0,0,0
TA204,20220218,20220218,112925500,11:29:25,5380,148643,242976,3965795240,0,0,0
TA204,20220218,20220218,112926000,11:29:26,5380,148643,242976,3965795240,0,0,0
TA204,20220218,20220218,112926500,11:29:26,5380,148643,242976,3965795240,0,0,0
TA204,20220218,20220218,112927000,11:29:27,5380,148643,242976,3965795240,0,0,0
TA204,20220218,20220218,112927500,11:29:28,5380,148668,242976,3966462240,25,0,667000
TA204,20220218,20220218,112928000,11:29:28,5380,148668,242976,3966462240,0,0,0
TA204,20220218,20220218,112928500,11:29:29,5380,148668,242976,3966462240,0,0,0
TA204,20220218,20220218,112929000,11:29:29,5380,148668,242976,3966462240,0,0,0
TA204,20220218,20220218,112929500,11:29:30,5380,148668,242976,3966462240,0,0,0
TA204,20220218,20220218,112930000,11:29:30,5380,148668,242976,3966462240,0,0,0
TA204,20220218,20220218,112930500,11:29:31,5380,148668,242976,3966462240,0,0,0
TA204,20220218,20220218,112931000,11:29:32,5382,148676,242975,3966675680,8,-1,213440
TA204,20220218,20220218,112931500,11:29:32,5382,148738,242982,3968329840,62,7,1654160
TA204,20220218,20220218,112932000,11:29:36,5382,148748,242990,3968596640,10,8,266800
TA204,20220218,20220218,112932500,11:29:36,5382,148748,242990,3968596640,0,0,0
TA204,20220218,20220218,112933000,11:29:37,5382,148748,242990,3968596640,0,0,0
TA204,20220218,20220218,112933500,11:29:38,5382,148749,242991,3968623320,1,1,26680
TA204,20220218,20220218,112936500,11:29:38,5382,148749,242991,3968623320,0,0,0
TA204,20220218,20220218,112937500,11:29:38,5382,148759,242991,3968890120,10,0,266800
TA204,20220218,20220218,112938000,11:29:38,5382,148761,242989,3968943480,2,-2,53360
TA204,20220218,20220218,112938500,11:29:39,5382,148763,242990,3968996840,2,1,53360
TA204,20220218,20220218,112939000,11:29:39,5382,148763,242990,3968996840,0,0,0
TA204,20220218,20220218,112939500,11:29:40,5382,148763,242990,3968996840,0,0,0
TA204,20220218,20220218,112940000,11:29:40,5382,148763,242990,3968996840,0,0,0
TA204,20220218,20220218,112940500,11:29:40,5384,148783,242990,3969530440,20,0,533600
TA204,20220218,20220218,112941000,11:29:41,5384,148783,242990,3969530440,0,0,0
TA204,20220218,20220218,112941500,11:29:42,5384,148783,242990,3969530440,0,0,0
TA204,20220218,20220218,112942000,11:29:43,5384,148783,242990,3969530440,0,0,0
TA204,20220218,20220218,112942500,11:29:44,5384,148783,242990,3969530440,0,0,0
TA204,20220218,20220218,112943000,11:29:45,5384,148783,242990,3969530440,0,0,0
TA204,20220218,20220218,112943500,11:29:45,5384,148783,242990,3969530440,0,0,0
TA204,20220218,20220218,112944000,11:29:45,5384,148783,242990,3969530440,0,0,0
TA204,20220218,20220218,112944500,11:29:45,5384,148783,242990,3969530440,0,0,0
TA204,20220218,20220218,112945000,11:29:46,5384,148783,242990,3969530440,0,0,0
TA204,20220218,20220218,112945500,11:29:46,5384,148783,242990,3969530440,0,0,0
TA204,20220218,20220218,112946000,11:29:46,5384,148783,242990,3969530440,0,0,0
TA204,20220218,20220218,112946500,11:29:47,5384,148783,242990,3969530440,0,0,0
TA204,20220218,20220218,112948000,11:29:49,5382,148787,242992,3969637160,4,2,106720
TA204,20220218,20220218,112948500,11:29:49,5382,148787,242992,3969637160,0,0,0
TA204,20220218,20220218,112949000,11:29:50,5382,148787,242992,3969637160,0,0,0
TA204,20220218,20220218,112949500,11:29:50,5382,148787,242992,3969637160,0,0,0
TA204,20220218,20220218,112950000,11:29:51,5382,148787,242992,3969637160,0,0,0
TA204,20220218,20220218,112950500,11:29:51,5382,148788,242991,3969663840,1,-1,26680
TA204,20220218,20220218,112951500,11:29:52,5382,148788,242991,3969663840,0,0,0
TA204,20220218,20220218,112952000,11:29:53,5382,148788,242991,3969663840,0,0,0
TA204,20220218,20220218,112952500,11:29:53,5382,148788,242991,3969663840,0,0,0
TA204,20220218,20220218,112954000,11:29:54,5382,148788,242991,3969663840,0,0,0
TA204,20220218,20220218,112954500,11:29:54,5382,148789,242991,3969690520,1,0,26680
TA204,20220218,20220218,112955000,11:29:55,5382,148791,242991,3969743880,2,0,53360
TA204,20220218,20220218,112955500,11:29:56,5382,148791,242991,3969743880,0,0,0
TA204,20220218,20220218,112956000,11:30:00,5382,148791,242991,3969743880,0,0,0
TA204,20220218,20220218,112956500,11:30:00,5382,148791,242991,3969743880,0,0,0
TA204,20220218,20220218,112957000,11:30:00,5382,148791,242991,3969743880,0,0,0
TA204,20220218,20220218,112957500,11:30:02,5382,148791,242991,3969743880,0,0,0
TA204,20220218,20220218,112959500,11:30:02,5382,148791,242991,3969743880,0,0,0
TA204,20220218,20220218,113000000,11:30:03,5382,148821,242991,3970544280,30,0,800400
TA204,20220218,20220218,113000500,11:30:03,5382,148821,242991,3970544280,0,0,0
TA204,20220218,20220218,133000500,13:30:00,5382,148821,242991,3970544280,0,0,0
TA204,20220218,20220218,133001000,13:30:01,5382,148852,243001,3971371360,31,10,827080
TA204,20220218,20220218,133001500,13:30:02,5382,148856,243001,3971478080,4,0,106720
TA204,20220218,20220218,133002000,13:30:08,5384,148897,243029,3972571960,41,28,1093880
TA204,20220218,20220218,133002500,13:30:10,5384,148897,243029,3972571960,0,0,0
TA204,20220218,20220218,133008000,13:30:10,5376,149046,242993,3976547280,149,-36,3975320
TA204,20220218,20220218,133009500,13:30:10,5370,149098,242973,3977934640,52,-20,1387360
TA204,20220218,20220218,133010000,13:30:11,5372,149136,242978,3978948480,38,5,1013840
TA204,20220218,20220218,133010500,13:30:12,5372,149146,242978,3979215280,10,0,266800
TA204,20220218,20220218,133011000,13:30:13,5372,149146,242978,3979215280,0,0,0
TA204,20220218,20220218,133012500,13:30:13,5372,149146,242978,3979215280,0,0,0
TA204,20220218,20220218,133013000,13:30:14,5372,149146,242978,3979215280,0,0,0
TA204,20220218,20220218,133013500,13:30:14,5372,149146,242978,3979215280,0,0,0
TA204,20220218,20220218,133014000,13:30:16,5372,149146,242978,3979215280,0,0,0
TA204,20220218,20220218,133014500,13:30:16,5370,149177,242962,3980042360,31,-16,827080
TA204,20220218,20220218,133015000,13:30:17,5370,149178,242962,3980069040,1,0,26680
TA204,20220218,20220218,133016500,13:30:18,5366,149190,242956,3980389200,12,-6,320160
TA204,20220218,20220218,133017000,13:30:18,5366,149202,242948,3980709360,12,-8,320160
TA204,20220218,20220218,133017500,13:30:18,5366,149216,242946,3981082880,14,-2,373520
TA204,20220218,20220218,133018000,13:30:19,5366,149228,242938,3981403040,12,-8,320160
TA204,20220218,20220218,133018500,13:30:20,5366,149234,242933,3981563120,6,-5,160080
TA204,20220218,20220218,133019000,13:30:20,5368,149241,242932,3981749880,7,-1,186760
TA204,20220218,20220218,133019500,13:30:21,5368,149252,242933,3982043360,11,1,293480
TA204,20220218,20220218,133020000,13:30:21,5368,149256,242931,3982150080,4,-2,106720
TA204,20220218,20220218,133020500,13:30:21,5370,149268,242921,3982470240,12,-10,320160
TA204,20220218,20220218,133021000,13:30:21,5370,149271,242921,3982550280,3,0,80040
TA204,20220218,20220218,133021500,13:30:22,5370,149275,242920,3982657000,4,-1,106720
TA204,20220218,20220218,133022000,13:30:38,5370,149275,242920,3982657000,0,0,0
TA204,20220218,20220218,133022500,13:30:38,5368,149276,242920,3982683680,1,0,26680
TA204,20220218,20220218,133023000,13:30:40,5368,149276,242920,3982683680,0,0,0
TA204,20220218,20220218,133038000,13:30:40,5368,149276,242920,3982683680,0,0,0
TA204,20220218,20220218,133040500,13:30:42,5368,149276,242920,3982683680,0,0,0
TA204,20220218,20220218,133041000,13:30:43,5372,149477,242909,3988046360,201,-11,5362680
TA204,20220218,20220218,133042500,13:30:44,5372,149497,242891,3988579960,20,-18,533600
TA204,20220218,20220218,133043000,13:30:44,5374,149513,242895,3989006840,16,4,426880
TA204,20220218,20220218,133043500,13:30:45,5374,149515,242893,3989060200,2,-2,53360
TA204,20220218,20220218,133044000,13:30:46,5374,149517,242893,3989113560,2,0,53360
TA204,20220218,20220218,133044500,13:30:46,5374,149517,242893,3989113560,0,0,0
TA204,20220218,20220218,133045000,13:30:46,5374,149517,242893,3989113560,0,0,0
TA204,20220218,20220218,133045500,13:30:47,5374,149519,242893,3989166920,2,0,53360
TA204,20220218,20220218,133046000,13:30:47,5374,149519,242893,3989166920,0,0,0
TA204,20220218,20220218,133046500,13:30:47,5374,149519,242893,3989166920,0,0,0
TA204,20220218,20220218,133047000,13:30:48,5374,149519,242893,3989166920,0,0,0
TA204,20220218,20220218,133047500,13:30:48,5374,149519,242893,3989166920,0,0,0
TA204,20220218,20220218,133048000,13:30:49,5374,149519,242893,3989166920,0,0,0
TA204,20220218,20220218,133048500,13:30:49,5376,149522,242890,3989246960,3,-3,80040
TA204,20220218,20220218,133049000,13:30:50,5376,149522,242890,3989246960,0,0,0
TA204,20220218,20220218,133049500,13:30:50,5378,149523,242890,3989273640,1,0,26680
TA204,20220218,20220218,133050000,13:30:51,5376,149561,242864,3990287480,38,-26,1013840
TA204,20220218,20220218,133050500,13:30:51,5376,149565,242864,3990394200,4,0,106720
TA204,20220218,20220218,133051000,13:30:52,5376,149565,242864,3990394200,0,0,0
TA204,20220218,20220218,133051500,13:30:52,5376,149587,242842,3992477030,22,-22,2082830
TA204,20220218,20220218,133052000,13:30:53,5376,149588,242842,3992503720,1,0,26690
TA204,20220218,20220218,133052500,13:30:53,5376,149588,242842,3992503720,0,0,0
TA204,20220218,20220218,133053000,13:30:54,5376,149588,242842,3992503720,0,0,0
TA204,20220218,20220218,133053500,13:30:54,5376,149588,242842,3992503720,0,0,0
TA204,20220218,20220218,133054000,13:30:55,5376,149588,242842,3992503720,0,0,0
TA204,20220218,20220218,133054500,13:30:55,5378,149615,242830,3993224350,27,-12,720630
TA204,20220218,20220218,133055000,13:30:56,5378,149616,242829,3993251040,1,-1,26690
TA204,20220218,20220218,133055500,13:30:56,5378,149616,242829,3993251040,0,0,0
TA204,20220218,20220218,133056000,13:30:57,5378,149616,242829,3993251040,0,0,0
TA204,20220218,20220218,133056500,13:30:57,5378,149616,242829,3993251040,0,0,0
TA204,20220218,20220218,133057000,13:30:58,5378,149616,242829,3993251040,0,0,0
TA204,20220218,20220218,133057500,13:30:58,5378,149616,242829,3993251040,0,0,0
TA204,20220218,20220218,133058000,13:30:58,5378,149616,242829,3993251040,0,0,0
TA204,20220218,20220218,133058500,13:30:59,5378,149616,242829,3993251040,0,0,0
TA204,20220218,20220218,133059000,13:30:59,5378,149617,242830,3993277730,1,1,26690
TA204,20220218,20220218,133059500,13:30:59,5378,149618,242830,3993304420,1,0,26690
TA204,20220218,20220218,133100000,13:31:00,5378,149619,242829,3993331110,1,-1,26690
TA204,20220218,20220218,133100500,13:31:01,5378,149619,242829,3993331110,0,0,0
TA204,20220218,20220218,133101000,13:31:01,5378,149619,242829,3993331110,0,0,0
TA204,20220218,20220218,133101500,13:31:01,5378,149619,242829,3993331110,0,0,0
TA204,20220218,20220218,133102000,13:31:02,5378,149619,242829,3993331110,0,0,0
TA204,20220218,20220218,133102500,13:31:03,5378,149619,242829,3993331110,0,0,0
TA204,20220218,20220218,133103500,13:31:05,5380,149651,242849,3994185190,32,20,854080
TA204,20220218,20220218,133104000,13:31:06,5380,149651,242849,3994185190,0,0,0
TA204,20220218,20220218,133104500,13:31:07,5380,149651,242849,3994185190,0,0,0
TA204,20220218,20220218,133105500,13:31:07,5382,149667,242849,3994612230,16,0,427040
TA204,20220218,20220218,133106000,13:31:08,5382,149720,242893,3996026800,53,44,1414570
TA204,20220218,20220218,133107000,13:31:08,5382,149749,242881,3996800810,29,-12,774010
TA204,20220218,20220218,133108500,13:31:09,5382,149773,242865,3997441370,24,-16,640560
TA204,20220218,20220218,133109000,13:31:09,5382,149785,242860,3997761650,12,-5,320280
TA204,20220218,20220218,133109500,13:31:10,5382,149789,242857,3997868410,4,-3,106760
TA204,20220218,20220218,133110000,13:31:11,5382,149789,242857,3997868410,0,0,0
TA204,20220218,20220218,133110500,13:31:11,5382,149789,242857,3997868410,0,0,0
TA204,20220218,20220218,133111000,13:31:11,5382,149810,242857,3998428900,21,0,560490
TA204,20220218,20220218,133111500,13:31:12,5382,149813,242857,3998508970,3,0,80070
TA204,20220218,20220218,133112000,13:31:13,5382,149813,242857,3998508970,0,0,0
TA204,20220218,20220218,133112500,13:31:13,5382,149813,242857,3998508970,0,0,0
TA204,20220218,20220218,133113000,13:31:14,5380,149912,242758,4001151280,99,-99,2642310
TA204,20220218,20220218,133113500,13:31:15,5380,149912,242758,4001151280,0,0,0
TA204,20220218,20220218,133114500,13:31:15,5380,149912,242758,4001151280,0,0,0
TA204,20220218,20220218,133115000,13:31:15,5380,149912,242758,4001151280,0,0,0
TA204,20220218,20220218,133115500,13:31:16,5382,149925,242753,4001498250,13,-5,346970
TA204,20220218,20220218,133116000,13:31:16,5382,149925,242753,4001498250,0,0,0
TA204,20220218,20220218,133116500,13:31:17,5382,149925,242753,4001498250,0,0,0
TA204,20220218,20220218,133117500,13:31:18,5382,149925,242753,4001498250,0,0,0
TA204,20220218,20220218,133118500,13:31:19,5382,149925,242753,4001498250,0,0,0
TA204,20220218,20220218,133119500,13:31:20,5382,149925,242753,4001498250,0,0,0
TA204,20220218,20220218,133120000,13:31:20,5382,149925,242753,4001498250,0,0,0
TA204,20220218,20220218,133120500,13:31:21,5384,149928,242750,4001578320,3,-3,80070
TA204,20220218,20220218,133121000,13:31:21,5384,150032,242742,4004354080,104,-8,2775760
TA204,20220218,20220218,133121500,13:31:22,5386,150034,242743,4004407460,2,1,53380
TA204,20220218,20220218,133122000,13:31:23,5386,150034,242743,4004407460,0,0,0
TA204,20220218,20220218,133122500,13:31:25,5386,150034,242743,4004407460,0,0,0
TA204,20220218,20220218,133123000,13:31:25,5386,150034,242743,4004407460,0,0,0
TA204,20220218,20220218,133123500,13:31:25,5386,150034,242743,4004407460,0,0,0
TA204,20220218,20220218,133124500,13:31:25,5386,150034,242743,4004407460,0,0,0
TA204,20220218,20220218,133156000,13:31:56,5384,150037,242744,4004487530,3,1,80070
TA204,20220218,20220218,133158500,13:31:58,5384,150092,242735,4005955480,55,-9,1467950
TA204,20220218,20220218,133159500,13:32:00,5384,150092,242735,4005955480,0,0,0
TA204,20220218,20220218,133200000,13:32:01,5388,150442,242858,4015296980,350,123,9341500
TA204,20220218,20220218,133200500,13:32:01,5388,150448,242852,4015457120,6,-6,160140
TA204,20220218,20220218,133201000,13:32:01,5388,150485,242826,4016444650,37,-26,987530
TA204,20220218,20220218,133201500,13:32:01,5388,150500,242818,4016845000,15,-8,400350
TA204,20220218,20220218,133202000,13:32:03,5388,150507,242812,4017031830,7,-6,186830
TA204,20220218,20220218,133202500,13:32:04,5388,150511,242810,4017138590,4,-2,106760
TA204,20220218,20220218,133203000,13:32:05,5388,150522,242802,4017432180,11,-8,293590
TA204,20220218,20220218,133203500,13:32:05,5388,150522,242802,4017432180,0,0,0
TA204,20220218,20220218,133204000,13:32:05,5388,150522,242802,4017432180,0,0,0
TA204,20220218,20220218,133205000,13:32:05,5388,150543,242789,4017992670,21,-13,560490
TA204,20220218,20220218,133205500,13:32:06,5388,150558,242774,4018393020,15,-15,400350
TA204,20220218,20220218,133206000,13:32:07,5388,150558,242774,4018393020,0,0,0
TA204,20220218,20220218,133206500,13:32:07,5390,150577,242783,4018900130,19,9,507110
TA204,20220218,20220218,133207000,13:32:07,5390,150577,242783,4018900130,0,0,0
TA204,20220218,20220218,133207500,13:32:07,5390,150578,242783,4018926820,1,0,26690
TA204,20220218,20220218,133208000,13:32:09,5390,150591,242796,4019273790,13,13,346970
TA204,20220218,20220218,133208500,13:32:10,5390,150591,242796,4019273790,0,0,0
TA204,20220218,20220218,133209000,13:32:10,5390,150595,242796,4019380550,4,0,106760
TA204,20220218,20220218,133209500,13:32:10,5390,150598,242797,4019460620,3,1,80070
TA204,20220218,20220218,133210000,13:32:11,5390,150620,242802,4020047800,22,5,587180
TA204,20220218,20220218,133210500,13:32:14,5390,150620,242802,4020047800,0,0,0
TA204,20220218,20220218,133211000,13:32:14,5390,150648,242786,4020795120,28,-16,747320
TA204,20220218,20220218,133213000,13:32:15,5392,150699,242824,4022156310,51,38,1361190
TA204,20220218,20220218,133214000,13:32:15,5392,150699,242824,4022156310,0,0,0
TA204,20220218,20220218,133214500,13:32:16,5392,150701,242823,4022209690,2,-1,53380
TA204,20220218,20220218,133215000,13:32:16,5392,150701,242823,4022209690,0,0,0
TA204,20220218,20220218,133215500,13:32:16,5392,150704,242822,4022289760,3,-1,80070
TA204,20220218,20220218,133216500,13:32:17,5392,150704,242822,4022289760,0,0,0
TA204,20220218,20220218,133217000,13:32:18,5392,150704,242822,4022289760,0,0,0
TA204,20220218,20220218,133219000,13:32:20,5394,150719,242829,4022690110,15,7,400350
TA204,20220218,20220218,133219500,13:32:20,5394,150719,242829,4022690110,0,0,0
TA204,20220218,20220218,133220000,13:32:20,5394,150721,242831,4022743490,2,2,53380
TA204,20220218,20220218,133220500,13:32:21,5394,150721,242831,4022743490,0,0,0
TA204,20220218,20220218,133221000,13:32:21,5394,150721,242831,4022743490,0,0,0
TA204,20220218,20220218,133221500,13:32:22,5396,150823,242862,4025465870,102,31,2722380
TA204,20220218,20220218,133222000,13:32:22,5396,150898,242824,4027467620,75,-38,2001750
TA204,20220218,20220218,133222500,13:32:24,5396,150901,242822,4027547690,3,-2,80070
TA204,20220218,20220218,133223000,13:32:24,5398,150902,242821,4027574380,1,-1,26690
TA204,20220218,20220218,133223500,13:32:24,5398,150902,242821,4027574380,0,0,0
TA204,20220218,20220218,133224000,13:32:24,5398,150902,242821,4027574380,0,0,0
TA204,20220218,20220218,133224500,13:32:25,5398,150902,242821,4027574380,0,0,0
TA204,20220218,20220218,133225000,13:32:25,5398,150902,242821,4027574380,0,0,0
TA204,20220218,20220218,133225500,13:32:26,5398,150902,242821,4027574380,0,0,0
TA204,20220218,20220218,133226000,13:32:27,5398,150902,242821,4027574380,0,0,0
TA204,20220218,20220218,133226500,13:32:27,5398,150902,242821,4027574380,0,0,0
TA204,20220218,20220218,133227000,13:32:27,5398,150902,242821,4027574380,0,0,0
TA204,20220218,20220218,133227500,13:32:32,5396,150933,242844,4028401770,31,23,827390
TA204,20220218,20220218,133228000,13:32:32,5396,150933,242844,4028401770,0,0,0
TA204,20220218,20220218,133228500,13:32:32,5396,150954,242829,4028962260,21,-15,560490
TA204,20220218,20220218,133229000,13:32:33,5396,150957,242827,4029042330,3,-2,80070
TA204,20220218,20220218,133232000,13:32:34,5396,150957,242827,4029042330,0,0,0
TA204,20220218,20220218,133232500,13:32:35,5396,150957,242827,4029042330,0,0,0
TA204,20220218,20220218,133234500,13:32:35,5396,150957,242827,4029042330,0,0,0
TA204,20220218,20220218,133235000,13:32:36,5400,151038,242837,4031204220,81,10,2161890
TA204,20220218,20220218,133235500,13:32:36,5400,151038,242837,4031204220,0,0,0
TA204,20220218,20220218,133236000,13:32:37,5400,151104,242809,4032965760,66,-28,1761540
TA204,20220218,20220218,133236500,13:32:37,5398,151148,242809,4034140120,44,0,1174360
TA204,20220218,20220218,133237000,13:32:37,5402,151203,242828,4035608070,55,19,1467950
TA204,20220218,20220218,133237500,13:32:38,5402,151256,242848,4037022640,53,20,1414570
TA204,20220218,20220218,133238000,13:32:38,5402,151264,242841,4037236160,8,-7,213520
TA204,20220218,20220218,133238500,13:32:39,5400,151312,242811,4038517280,48,-30,1281120
TA204,20220218,20220218,133239000,13:32:39,5400,151356,242791,4039691640,44,-20,1174360
TA204,20220218,20220218,133239500,13:32:40,5400,151477,242722,4042921130,121,-69,3229490
TA204,20220218,20220218,133240000,13:32:40,5400,151482,242722,4043054580,5,0,133450
TA204,20220218,20220218,133240500,13:32:41,5400,151505,242708,4043668450,23,-14,613870
TA204,20220218,20220218,133241000,13:32:41,5400,151505,242708,4043668450,0,0,0
TA204,20220218,20220218,133241500,13:32:42,5398,151506,242708,4043695140,1,0,26690
TA204,20220218,20220218,133242000,13:32:42,5398,151513,242702,4043881970,7,-6,186830
TA204,20220218,20220218,133242500,13:32:42,5400,151697,242609,4048792930,184,-93,4910960
TA204,20220218,20220218,133243000,13:32:43,5400,151702,242605,4048926380,5,-4,133450
TA204,20220218,20220218,133243500,13:32:44,5400,151850,242545,4052876500,148,-60,3950120
TA204,20220218,20220218,133244000,13:32:44,5400,151892,242555,4053997480,42,10,1120980
TA204,20220218,20220218,133244500,13:32:45,5398,151969,242507,4056052610,77,-48,2055130
TA204,20220218,20220218,133245000,13:32:45,5396,152137,242426,4060536530,168,-81,4483920
TA204,20220218,20220218,133245500,13:32:45,5396,152137,242426,4060536530,0,0,0
TA204,20220218,20220218,133246000,13:32:47,5396,152138,242426,4060563220,1,0,26690
TA204,20220218,20220218,133246500,13:32:47,5396,152138,242426,4060563220,0,0,0
TA204,20220218,20220218,133247000,13:32:47,5396,152143,242426,4060696670,5,0,133450
TA204,20220218,20220218,133247500,13:32:48,5394,152351,242436,4066248190,208,10,5551520
TA204,20220218,20220218,133248000,13:32:48,5394,152352,242437,4066274880,1,1,26690
TA204,20220218,20220218,133248500,13:32:49,5394,152370,242436,4066755300,18,-1,480420
TA204,20220218,20220218,133249000,13:32:49,5394,152395,242436,4067422550,25,0,667250
TA204,20220218,20220218,133249500,13:32:50,5394,152417,242436,4068009730,22,0,587180
TA204,20220218,20220218,133250000,13:32:52,5394,152419,242438,4068063110,2,2,53380
TA204,20220218,20220218,133250500,13:32:52,5394,152435,242453,4068490150,16,15,427040
TA204,20220218,20220218,133251000,13:32:52,5394,152436,242453,4068516840,1,0,26690
TA204,20220218,20220218,133251500,13:32:53,5394,152438,242453,4068570220,2,0,53380
TA204,20220218,20220218,133252500,13:32:53,5392,152447,242452,4068810430,9,-1,240210
TA204,20220218,20220218,133253000,13:32:53,5396,152470,242455,4069424300,23,3,613870
TA204,20220218,20220218,133253500,13:32:54,5396,152504,242445,4070331760,34,-10,907460
TA204,20220218,20220218,133254000,13:32:54,5396,152510,242445,4070491900,6,0,160140
TA204,20220218,20220218,133254500,13:32:55,5396,152510,242445,4070491900,0,0,0
TA204,20220218,20220218,133255000,13:32:55,5396,152510,242445,4070491900,0,0,0
TA204,20220218,20220218,133255500,13:32:56,5396,152510,242445,4070491900,0,0,0
TA204,20220218,20220218,133256000,13:32:56,5396,152510,242445,4070491900,0,0,0
TA204,20220218,20220218,133256500,13:32:58,5396,152510,242445,4070491900,0,0,0
TA204,20220218,20220218,133257000,13:32:59,5396,152510,242445,4070491900,0,0,0
TA204,20220218,20220218,133257500,13:33:00,5396,152514,242443,4070598660,4,-2,106760
TA204,20220218,20220218,133258000,13:33:00,5396,152514,242443,4070598660,0,0,0
TA204,20220218,20220218,133259500,13:33:01,5396,152514,242443,4070598660,0,0,0
TA204,20220218,20220218,133300000,13:33:01,5396,152755,242374,4077030950,241,-69,6432290
TA204,20220218,20220218,133300500,13:33:02,5394,152816,242323,4078659040,61,-51,1628090
TA204,20220218,20220218,133301000,13:33:02,5396,153061,242251,4085198090,245,-72,6539050
TA204,20220218,20220218,133301500,13:33:02,5396,153061,242251,4085198090,0,0,0
TA204,20220218,20220218,133302000,13:33:03,5396,153083,242231,4085785270,22,-20,587180
TA204,20220218,20220218,133302500,13:33:03,5396,153093,242231,4086052170,10,0,266900
TA204,20220218,20220218,133303000,13:33:04,5396,153093,242231,4086052170,0,0,0
TA204,20220218,20220218,133303500,13:33:04,5394,153111,242213,4086532590,18,-18,480420
TA204,20220218,20220218,133304000,13:33:04,5394,153214,242178,4089281660,103,-35,2749070
TA204,20220218,20220218,133304500,13:33:05,5394,153222,242172,4089495180,8,-6,213520
TA204,20220218,20220218,133305000,13:33:05,5394,153222,242172,4089495180,0,0,0
TA204,20220218,20220218,133305500,13:33:05,5392,153244,242154,4090082360,22,-18,587180
TA204,20220218,20220218,133306000,13:33:06,5392,153260,242156,4090509400,16,2,427040
TA204,20220218,20220218,133306500,13:33:06,5392,153265,242151,4090642850,5,-5,133450
TA204,20220218,20220218,133307000,13:33:07,5392,153265,242151,4090642850,0,0,0
TA204,20220218,20220218,133307500,13:33:08,5392,153265,242151,4090642850,0,0,0
TA204,20220218,20220218,133308000,13:33:08,5392,153265,242151,4090642850,0,0,0
TA204,20220218,20220218,133308500,13:33:09,5390,153317,242172,4092030730,52,21,1387880
TA204,20220218,20220218,133309000,13:33:10,5390,153348,242152,4092858120,31,-20,827390
TA204,20220218,20220218,133309500,13:33:11,5390,153350,242150,4092911500,2,-2,53380
TA204,20220218,20220218,133310000,13:33:11,5390,153354,242147,4093018260,4,-3,106760
TA204,20220218,20220218,133311000,13:33:13,5388,153476,242181,4096274440,122,34,3256180
TA204,20220218,20220218,133311500,13:33:14,5388,153482,242181,4096434580,6,0,160140
TA204,20220218,20220218,133312000,13:33:14,5388,153484,242180,4096487960,2,-1,53380
TA204,20220218,20220218,133313500,13:33:14,5388,153533,242156,4097795770,49,-24,1307810
TA204,20220218,20220218,133314000,13:33:17,5388,153534,242155,4097822460,1,-1,26690
TA204,20220218,20220218,133314500,13:33:17,5388,153534,242155,4097822460,0,0,0
TA204,20220218,20220218,133315000,13:33:18,5388,153534,242155,4097822460,0,0,0
TA204,20220218,20220218,133315500,13:33:18,5388,153595,242124,4099450550,61,-31,1628090
TA204,20220218,20220218,133317000,13:33:18,5388,153598,242127,4099530620,3,3,80070
TA204,20220218,20220218,133317500,13:33:19,5390,153671,242156,4101478990,73,29,1948370
TA204,20220218,20220218,133318500,13:33:19,5390,153690,242165,4101986100,19,9,507110
TA204,20220218,20220218,133319000,13:33:20,5390,153692,242166,4102039480,2,1,53380
TA204,20220218,20220218,133319500,13:33:21,5390,153692,242166,4102039480,0,0,0
TA204,20220218,20220218,133320000,13:33:21,5390,153694,242166,4102092860,2,0,53380
TA204,20220218,20220218,133320500,13:33:21,5390,153698,242166,4102199620,4,0,106760
TA204,20220218,20220218,133321000,13:33:22,5390,153699,242166,4102226310,1,0,26690
TA204,20220218,20220218,133322000,13:33:22,5390,153699,242166,4102226310,0,0,0
TA204,20220218,20220218,133322500,13:33:22,5390,153700,242166,4102253000,1,0,26690
TA204,20220218,20220218,133323000,13:33:23,5388,153999,242226,4110233310,299,60,7980310
TA204,20220218,20220218,133323500,13:33:24,5388,154004,242221,4110366760,5,-5,133450
TA204,20220218,20220218,133324000,13:33:24,5388,154017,242208,4110713730,13,-13,346970
TA204,20220218,20220218,133324500,13:33:25,5390,154020,242206,4110793800,3,-2,80070
TA204,20220218,20220218,133325000,13:33:26,5390,154020,242206,4110793800,0,0,0
TA204,20220218,20220218,133325500,13:33:27,5390,154020,242206,4110793800,0,0,0
TA204,20220218,20220218,133326000,13:33:28,5390,154020,242206,4110793800,0,0,0
TA204,20220218,20220218,133326500,13:33:29,5388,154032,242200,4111114080,12,-6,320280
TA204,20220218,20220218,133327000,13:33:29,5388,154035,242199,4111194150,3,-1,80070
TA204,20220218,20220218,133328500,13:33:30,5388,154035,242199,4111194150,0,0,0
TA204,20220218,20220218,133329500,13:33:30,5388,154035,242199,4111194150,0,0,0
TA204,20220218,20220218,133330000,13:33:30,5386,154150,242213,4114263500,115,14,3069350
TA204,20220218,20220218,133330500,13:33:32,5386,154150,242213,4114263500,0,0,0
TA204,20220218,20220218,133331000,13:33:32,5386,154150,242213,4114263500,0,0,0
TA204,20220218,20220218,133331500,13:33:32,5386,154150,242213,4114263500,0,0,0
TA204,20220218,20220218,133332000,13:33:32,5386,154151,242213,4114290190,1,0,26690
TA204,20220218,20220218,133333000,13:33:33,5386,154151,242213,4114290190,0,0,0
TA204,20220218,20220218,133333500,13:33:34,5386,154152,242213,4114316880,1,0,26690
TA204,20220218,20220218,133335500,13:33:35,5386,154152,242213,4114316880,0,0,0
TA204,20220218,20220218,133336000,13:33:36,5386,154176,242197,4114957440,24,-16,640560
TA204,20220218,20220218,133336500,13:33:36,5386,154176,242197,4114957440,0,0,0
TA204,20220218,20220218,133337000,13:33:37,5386,154176,242197,4114957440,0,0,0
TA204,20220218,20220218,133337500,13:33:37,5386,154176,242197,4114957440,0,0,0
TA204,20220218,20220218,133338000,13:33:38,5386,154176,242197,4114957440,0,0,0
TA204,20220218,20220218,133338500,13:33:39,5386,154176,242197,4114957440,0,0,0
TA204,20220218,20220218,133339000,13:33:39,5388,154197,242189,4115517930,21,-8,560490
TA204,20220218,20220218,133339500,13:33:40,5388,154198,242188,4115544620,1,-1,26690
TA204,20220218,20220218,133340000,13:33:40,5388,154198,242188,4115544620,0,0,0
TA204,20220218,20220218,133340500,13:33:41,5388,154198,242188,4115544620,0,0,0
TA204,20220218,20220218,133341000,13:33:41,5388,154198,242188,4115544620,0,0,0
TA204,20220218,20220218,133341500,13:33:42,5388,154198,242188,4115544620,0,0,0
TA204,20220218,20220218,133342000,13:33:42,5388,154198,242188,4115544620,0,0,0
TA204,20220218,20220218,133342500,13:33:42,5388,154198,242188,4115544620,0,0,0
TA204,20220218,20220218,133343000,13:33:43,5390,154199,242187,4115571310,1,-1,26690
TA204,20220218,20220218,133343500,13:33:44,5390,154200,242186,4115598000,1,-1,26690
TA204,20220218,20220218,133344000,13:33:45,5390,154200,242186,4115598000,0,0,0
TA204,20220218,20220218,133344500,13:33:45,5390,154200,242186,4115598000,0,0,0
TA204,20220218,20220218,133345000,13:33:45,5390,154203,242183,4115678070,3,-3,80070
TA204,20220218,20220218,133345500,13:33:47,5390,154203,242183,4115678070,0,0,0
TA204,20220218,20220218,133346000,13:33:48,5390,154203,242183,4115678070,0,0,0
TA204,20220218,20220218,133346500,13:33:48,5390,154203,242183,4115678070,0,0,0
TA204,20220218,20220218,133347000,13:33:49,5390,154203,242183,4115678070,0,0,0
TA204,20220218,20220218,133347500,13:33:49,5390,154203,242183,4115678070,0,0,0
TA204,20220218,20220218,133348000,13:33:49,5390,154203,242183,4115678070,0,0,0
TA204,20220218,20220218,133348500,13:33:49,5390,154203,242183,4115678070,0,0,0
TA204,20220218,20220218,133349000,13:33:50,5390,154203,242183,4115678070,0,0,0
TA204,20220218,20220218,133349500,13:33:50,5390,154203,242183,4115678070,0,0,0
TA204,20220218,20220218,133350000,13:33:50,5390,154203,242183,4115678070,0,0,0
TA204,20220218,20220218,133350500,13:33:50,5390,154203,242183,4115678070,0,0,0
TA204,20220218,20220218,133351000,13:33:51,5390,154203,242183,4115678070,0,0,0
TA204,20220218,20220218,133351500,13:33:52,5388,154204,242184,4115704760,1,1,26690
TA204,20220218,20220218,133352000,13:33:52,5388,154205,242184,4115731450,1,0,26690
TA204,20220218,20220218,133352500,13:33:52,5388,154205,242184,4115731450,0,0,0
TA204,20220218,20220218,133353000,13:33:53,5388,154235,242214,4116532150,30,30,800700
TA204,20220218,20220218,133353500,13:33:53,5388,154240,242216,4116665600,5,2,133450
TA204,20220218,20220218,133354000,13:33:54,5388,154247,242216,4116852430,7,0,186830
TA204,20220218,20220218,133354500,13:33:55,5388,154389,242107,4120642410,142,-109,3789980
TA204,20220218,20220218,133355000,13:33:56,5388,154389,242107,4120642410,0,0,0
TA204,20220218,20220218,133355500,13:33:56,5388,154389,242107,4120642410,0,0,0
TA204,20220218,20220218,133356000,13:33:56,5388,154389,242107,4120642410,0,0,0
TA204,20220218,20220218,133356500,13:33:57,5388,154389,242107,4120642410,0,0,0
TA204,20220218,20220218,133357000,13:33:58,5388,154389,242107,4120642410,0,0,0
TA204,20220218,20220218,133357500,13:33:58,5388,154389,242107,4120642410,0,0,0
TA204,20220218,20220218,133358000,13:33:58,5388,154389,242107,4120642410,0,0,0
TA204,20220218,20220218,133358500,13:33:59,5386,154395,242110,4120802550,6,3,160140
TA204,20220218,20220218,133359000,13:33:59,5388,154405,242100,4121069450,10,-10,266900
TA204,20220218,20220218,133359500,13:34:00,5388,154405,242100,4121069450,0,0,0
TA204,20220218,20220218,133400000,13:34:00,5388,154405,242100,4121069450,0,0,0
TA204,20220218,20220218,133400500,13:34:01,5388,154428,242087,4121683320,23,-13,613870
TA204,20220218,20220218,133401000,13:34:01,5392,154540,242041,4124672600,112,-46,2989280
TA204,20220218,20220218,133401500,13:34:02,5390,154556,242051,4125099640,16,10,427040
TA204,20220218,20220218,133402000,13:34:10,5390,154556,242051,4125099640,0,0,0
TA204,20220218,20220218,133402500,13:34:10,5390,154556,242051,4125099640,0,0,0
TA204,20220218,20220218,133403000,13:34:10,5390,154556,242051,4125099640,0,0,0
TA204,20220218,20220218,133410000,13:34:11,5390,154581,242029,4125766890,25,-22,667250
TA204,20220218,20220218,133410500,13:34:12,5390,154581,242029,4125766890,0,0,0
TA204,20220218,20220218,133411000,13:34:12,5390,154581,242029,4125766890,0,0,0
TA204,20220218,20220218,133411500,13:34:12,5390,154581,242029,4125766890,0,0,0
TA204,20220218,20220218,133412000,13:34:12,5390,154587,242029,4125927030,6,0,160140
TA204,20220218,20220218,133413500,13:34:14,5390,154588,242028,4125953720,1,-1,26690
TA204,20220218,20220218,133414000,13:34:14,5390,154590,242026,4126007100,2,-2,53380
TA204,20220218,20220218,133414500,13:34:15,5390,154598,242022,4126220620,8,-4,213520
TA204,20220218,20220218,133415000,13:34:15,5392,154627,241993,4126994630,29,-29,774010
TA204,20220218,20220218,133415500,13:34:16,5394,154634,241993,4127181460,7,0,186830
TA204,20220218,20220218,133416000,13:34:16,5394,154639,241993,4127314910,5,0,133450
TA204,20220218,20220218,133416500,13:34:17,5394,154652,241993,4127661880,13,0,346970
TA204,20220218,20220218,133417000,13:34:17,5394,154653,241993,4127688570,1,0,26690
TA204,20220218,20220218,133417500,13:34:17,5394,154653,241993,4127688570,0,0,0
TA204,20220218,20220218,133418000,13:34:18,5394,154654,241993,4127715260,1,0,26690
TA204,20220218,20220218,133418500,13:34:19,5394,154655,241993,4127741950,1,0,26690
TA204,20220218,20220218,133419000,13:34:19,5394,154660,241990,4127875400,5,-3,133450
TA204,20220218,20220218,133419500,13:34:20,5394,154662,241990,4127928780,2,0,53380
TA204,20220218,20220218,133420000,13:34:20,5394,154662,241990,4127928780,0,0,0
TA204,20220218,20220218,133420500,13:34:21,5394,154665,241990,4128008850,3,0,80070
TA204,20220218,20220218,133421000,13:34:23,5394,154667,241988,4128062230,2,-2,53380
TA204,20220218,20220218,133421500,13:34:24,5394,154669,241986,4128115610,2,-2,53380
TA204,20220218,20220218,133423000,13:34:24,5394,154669,241986,4128115610,0,0,0
TA204,20220218,20220218,133423500,13:34:24,5394,154669,241986,4128115610,0,0,0
TA204,20220218,20220218,133424000,13:34:24,5394,154669,241986,4128115610,0,0,0
TA204,20220218,20220218,133424500,13:34:24,5392,154758,242011,4130491020,89,25,2375410
TA204,20220218,20220218,133425000,13:34:25,5392,154758,242011,4130491020,0,0,0
TA204,20220218,20220218,133425500,13:34:26,5392,154760,242011,4130544400,2,0,53380
TA204,20220218,20220218,133426000,13:34:26,5392,154767,242010,4130731230,7,-1,186830
TA204,20220218,20220218,133426500,13:34:26,5392,154772,242005,4130864680,5,-5,133450
TA204,20220218,20220218,133427500,13:34:28,5392,154775,242002,4130944750,3,-3,80070
TA204,20220218,20220218,133428000,13:34:28,5392,154785,241994,4131211650,10,-8,266900
TA204,20220218,20220218,133428500,13:34:29,5392,154803,241982,4131692070,18,-12,480420
TA204,20220218,20220218,133429000,13:34:29,5392,154806,241979,4131772140,3,-3,80070
TA204,20220218,20220218,133429500,13:34:29,5392,154807,241978,4131798830,1,-1,26690
TA204,20220218,20220218,133430000,13:34:30,5392,154807,241978,4131798830,0,0,0
TA204,20220218,20220218,133430500,13:34:30,5392,154807,241978,4131798830,0,0,0
TA204,20220218,20220218,133431000,13:34:31,5392,154807,241978,4131798830,0,0,0
TA204,20220218,20220218,133431500,13:34:31,5392,154808,241978,4131825520,1,0,26690
TA204,20220218,20220218,133432000,13:34:32,5392,154808,241978,4131825520,0,0,0
TA204,20220218,20220218,133432500,13:34:32,5392,154808,241978,4131825520,0,0,0
TA204,20220218,20220218,133433000,13:34:33,5392,154808,241978,4131825520,0,0,0
TA204,20220218,20220218,133433500,13:34:34,5392,154808,241978,4131825520,0,0,0
TA204,20220218,20220218,133434500,13:34:35,5392,154808,241978,4131825520,0,0,0
TA204,20220218,20220218,133435000,13:34:35,5392,154808,241978,4131825520,0,0,0
TA204,20220218,20220218,133435500,13:34:36,5392,154808,241978,4131825520,0,0,0
TA204,20220218,20220218,133436000,13:34:36,5390,154852,241987,4132999880,44,9,1174360
TA204,20220218,20220218,133436500,13:34:36,5390,154852,241987,4132999880,0,0,0
TA204,20220218,20220218,133437000,13:34:37,5390,154861,241981,4133240090,9,-6,240210
TA204,20220218,20220218,133437500,13:34:38,5390,154861,241981,4133240090,0,0,0
TA204,20220218,20220218,133438000,13:34:38,5390,154861,241981,4133240090,0,0,0
TA204,20220218,20220218,133438500,13:34:39,5390,154861,241981,4133240090,0,0,0
TA204,20220218,20220218,133439000,13:34:39,5390,154861,241981,4133240090,0,0,0
TA204,20220218,20220218,133439500,13:34:40,5390,154861,241981,4133240090,0,0,0
TA204,20220218,20220218,133440500,13:34:41,5390,154861,241981,4133240090,0,0,0
TA204,20220218,20220218,133441000,13:34:41,5392,154893,241967,4134094170,32,-14,854080
TA204,20220218,20220218,133441500,13:34:43,5392,154895,241968,4134147550,2,1,53380
TA204,20220218,20220218,133442000,13:34:44,5392,154895,241968,4134147550,0,0,0
TA204,20220218,20220218,133442500,13:34:44,5392,154895,241968,4134147550,0,0,0
TA204,20220218,20220218,133443000,13:34:45,5392,154898,241968,4134227620,3,0,80070
TA204,20220218,20220218,133443500,13:34:45,5392,154898,241968,4134227620,0,0,0
TA204,20220218,20220218,133444500,13:34:46,5392,154898,241968,4134227620,0,0,0
TA204,20220218,20220218,133445000,13:34:46,5392,154898,241968,4134227620,0,0,0
TA204,20220218,20220218,133445500,13:34:46,5392,154898,241968,4134227620,0,0,0
TA204,20220218,20220218,133446000,13:34:46,5392,154898,241968,4134227620,0,0,0
TA204,20220218,20220218,133446500,13:34:47,5392,154898,241968,4134227620,0,0,0
TA204,20220218,20220218,133447000,13:34:47,5392,154898,241968,4134227620,0,0,0
TA204,20220218,20220218,133447500,13:34:47,5394,154899,241968,4134254310,1,0,26690
TA204,20220218,20220218,133448000,13:34:48,5394,154900,241968,4134281000,1,0,26690
TA204,20220218,20220218,133448500,13:34:49,5394,154900,241968,4134281000,0,0,0
TA204,20220218,20220218,133449000,13:34:49,5394,154900,241968,4134281000,0,0,0
TA204,20220218,20220218,133449500,13:34:49,5394,154900,241968,4134281000,0,0,0
TA204,20220218,20220218,133450000,13:34:51,5394,154900,241968,4134281000,0,0,0
TA204,20220218,20220218,133450500,13:34:51,5394,154901,241968,4134307690,1,0,26690
TA204,20220218,20220218,133451000,13:34:51,5394,154901,241968,4134307690,0,0,0
TA204,20220218,20220218,133451500,13:34:52,5394,154901,241968,4134307690,0,0,0
TA204,20220218,20220218,133452000,13:34:52,5394,154920,241984,4134814800,19,16,507110
TA204,20220218,20220218,133452500,13:34:53,5396,154922,241986,4134868180,2,2,53380
TA204,20220218,20220218,133453000,13:34:53,5396,154922,241986,4134868180,0,0,0
TA204,20220218,20220218,133453500,13:34:55,5392,154946,242000,4135508740,24,14,640560
TA204,20220218,20220218,133454000,13:34:56,5392,154948,241999,4135562120,2,-1,53380
TA204,20220218,20220218,133454500,13:34:56,5392,154948,241999,4135562120,0,0,0
TA204,20220218,20220218,133455500,13:34:56,5392,154948,241999,4135562120,0,0,0
TA204,20220218,20220218,133456000,13:34:57,5392,154951,242001,4135642190,3,2,80070
TA204,20220218,20220218,133456500,13:34:57,5394,154952,242002,4135668880,1,1,26690
TA204,20220218,20220218,133457000,13:34:57,5394,154952,242002,4135668880,0,0,0
TA204,20220218,20220218,133458000,13:34:58,5394,154952,242002,4135668880,0,0,0
TA204,20220218,20220218,133458500,13:34:59,5394,154952,242002,4135668880,0,0,0
TA204,20220218,20220218,133459000,13:34:59,5394,154952,242002,4135668880,0,0,0
TA204,20220218,20220218,133459500,13:35:00,5394,154952,242002,4135668880,0,0,0
TA204,20220218,20220218,133500000,13:35:00,5394,154952,242002,4135668880,0,0,0
TA204,20220218,20220218,133500500,13:35:04,5394,154952,242002,4135668880,0,0,0
TA204,20220218,20220218,133501000,13:35:04,5394,154952,242002,4135668880,0,0,0
TA204,20220218,20220218,133501500,13:35:06,5394,154952,242002,4135668880,0,0,0
TA204,20220218,20220218,133502000,13:35:10,5394,154952,242002,4135668880,0,0,0
TA204,20220218,20220218,133504500,13:35:10,5394,154952,242002,4135668880,0,0,0
TA204,20220218,20220218,133510000,13:35:10,5392,155000,242001,4136950000,48,-1,1281120
TA204,20220218,20220218,133510500,13:35:11,5392,155002,242001,4137003380,2,0,53380
TA204,20220218,20220218,133511000,13:35:11,5392,155002,242001,4137003380,0,0,0
TA204,20220218,20220218,133511500,13:35:12,5392,155004,242003,4137056760,2,2,53380
TA204,20220218,20220218,133512000,13:35:13,5392,155004,242003,4137056760,0,0,0
TA204,20220218,20220218,133512500,13:35:13,5392,155006,242004,4137110140,2,1,53380
TA204,20220218,20220218,133513000,13:35:13,5392,155006,242004,4137110140,0,0,0
TA204,20220218,20220218,133513500,13:35:14,5392,155006,242004,4137110140,0,0,0
TA204,20220218,20220218,133514000,13:35:14,5392,155006,242004,4137110140,0,0,0
TA204,20220218,20220218,133514500,13:35:15,5392,155006,242004,4137110140,0,0,0
TA204,20220218,20220218,133515000,13:35:15,5392,155011,242002,4137243590,5,-2,133450
TA204,20220218,20220218,133515500,13:35:16,5392,155011,242002,4137243590,0,0,0
TA204,20220218,20220218,133516000,13:35:16,5392,155011,242002,4137243590,0,0,0
TA204,20220218,20220218,133516500,13:35:17,5392,155018,241996,4137430420,7,-6,186830
TA204,20220218,20220218,133517000,13:35:17,5392,155018,241996,4137430420,0,0,0
TA204,20220218,20220218,133517500,13:35:18,5392,155018,241996,4137430420,0,0,0
TA204,20220218,20220218,133518000,13:35:19,5392,155018,241996,4137430420,0,0,0
TA204,20220218,20220218,133518500,13:35:19,5392,155022,241999,4137537180,4,3,106760
TA204,20220218,20220218,133519000,13:35:19,5392,155048,242006,4138231120,26,7,693940
TA204,20220218,20220218,133519500,13:35:20,5390,155050,242007,4138284500,2,1,53380
TA204,20220218,20220218,133520000,13:35:20,5390,155050,242007,4138284500,0,0,0
TA204,20220218,20220218,133520500,13:35:21,5390,155050,242007,4138284500,0,0,0
TA204,20220218,20220218,133521000,13:35:22,5390,155050,242007,4138284500,0,0,0
TA204,20220218,20220218,133521500,13:35:22,5392,155051,242008,4138311190,1,1,26690
TA204,20220218,20220218,133522000,13:35:22,5392,155051,242008,4138311190,0,0,0
TA204,20220218,20220218,133522500,13:35:23,5392,155051,242008,4138311190,0,0,0
TA204,20220218,20220218,133523000,13:35:23,5392,155051,242008,4138311190,0,0,0
TA204,20220218,20220218,133523500,13:35:23,5392,155051,242008,4138311190,0,0,0
TA204,20220218,20220218,133524000,13:35:25,5392,155051,242008,4138311190,0,0,0
TA204,20220218,20220218,133524500,13:35:25,5394,155185,241995,4143439500,134,-13,5128310
TA204,20220218,20220218,133525000,13:35:25,5394,155231,242019,4144667700,46,24,1228200
TA204,20220218,20220218,133525500,13:35:26,5394,155233,242021,4144721100,2,2,53400
TA204,20220218,20220218,133526000,13:35:26,5394,155233,242021,4144721100,0,0,0
TA204,20220218,20220218,133526500,13:35:27,5394,155233,242021,4144721100,0,0,0
TA204,20220218,20220218,133527000,13:35:27,5394,155233,242021,4144721100,0,0,0
TA204,20220218,20220218,133527500,13:35:31,5392,155270,242002,4145709000,37,-19,987900
TA204,20220218,20220218,133528000,13:35:32,5392,155270,242002,4145709000,0,0,0
TA204,20220218,20220218,133531000,13:35:32,5392,155277,242005,4145895900,7,3,186900
TA204,20220218,20220218,133531500,13:35:41,5392,155278,242006,4145922600,1,1,26700
TA204,20220218,20220218,133532000,13:35:42,5392,155278,242006,4145922600,0,0,0
TA204,20220218,20220218,133540500,13:35:43,5390,155620,242104,4155054000,342,98,9131400
TA204,20220218,20220218,133542000,13:35:43,5392,155666,242078,4156282200,46,-26,1228200
TA204,20220218,20220218,133542500,13:35:44,5392,155666,242078,4156282200,0,0,0
TA204,20220218,20220218,133543500,13:35:44,5392,155666,242078,4156282200,0,0,0
TA204,20220218,20220218,133544000,13:35:45,5392,155666,242078,4156282200,0,0,0
TA204,20220218,20220218,133544500,13:35:45,5392,155670,242081,4156389000,4,3,106800
TA204,20220218,20220218,133545000,13:35:46,5392,155670,242081,4156389000,0,0,0
TA204,20220218,20220218,133545500,13:35:46,5392,155670,242081,4156389000,0,0,0
TA204,20220218,20220218,133546000,13:35:46,5392,155670,242081,4156389000,0,0,0
TA204,20220218,20220218,133546500,13:35:46,5392,155670,242081,4156389000,0,0,0
TA204,20220218,20220218,133547000,13:35:47,5392,155670,242081,4156389000,0,0,0
TA204,20220218,20220218,133547500,13:35:48,5392,155670,242081,4156389000,0,0,0
TA204,20220218,20220218,133548000,13:35:48,5392,155670,242081,4156389000,0,0,0
TA204,20220218,20220218,133548500,13:35:49,5392,155670,242081,4156389000,0,0,0
TA204,20220218,20220218,133549000,13:35:49,5392,155670,242081,4156389000,0,0,0
TA204,20220218,20220218,133549500,13:35:49,5392,155670,242081,4156389000,0,0,0
TA204,20220218,20220218,133550000,13:35:50,5392,155670,242081,4156389000,0,0,0
TA204,20220218,20220218,133550500,13:35:51,5390,155750,242096,4158525000,80,15,2136000
TA204,20220218,20220218,133551000,13:35:51,5390,155759,242096,4158765300,9,0,240300
TA204,20220218,20220218,133551500,13:35:52,5390,155770,242089,4159059000,11,-7,293700
TA204,20220218,20220218,133552000,13:35:52,5390,155770,242089,4159059000,0,0,0
TA204,20220218,20220218,133552500,13:35:53,5390,155770,242089,4159059000,0,0,0
TA204,20220218,20220218,133553000,13:35:53,5390,155770,242089,4159059000,0,0,0
TA204,20220218,20220218,133553500,13:35:55,5390,155770,242089,4159059000,0,0,0
TA204,20220218,20220218,133554000,13:35:55,5390,155770,242089,4159059000,0,0,0
TA204,20220218,20220218,133555000,13:35:56,5390,155798,242102,4159806600,28,13,747600
TA204,20220218,20220218,133555500,13:35:56,5390,155798,242102,4159806600,0,0,0
TA204,20220218,20220218,133556000,13:35:56,5390,155798,242102,4159806600,0,0,0
TA204,20220218,20220218,133556500,13:35:57,5390,155798,242102,4159806600,0,0,0
TA204,20220218,20220218,133557000,13:35:59,5390,155798,242102,4159806600,0,0,0
TA204,20220218,20220218,133557500,13:36:01,5390,155798,242102,4159806600,0,0,0
TA204,20220218,20220218,133558000,13:36:01,5390,155798,242102,4159806600,0,0,0
TA204,20220218,20220218,133559500,13:36:03,5388,155910,242124,4162797000,112,22,2990400
TA204,20220218,20220218,133601500,13:36:03,5390,155939,242114,4163571300,29,-10,774300
TA204,20220218,20220218,133602500,13:36:03,5388,156020,242129,4165734000,81,15,2162700
TA204,20220218,20220218,133603000,13:36:05,5388,156020,242129,4165734000,0,0,0
TA204,20220218,20220218,133603500,13:36:05,5388,156020,242129,4165734000,0,0,0
TA204,20220218,20220218,133604000,13:36:06,5388,156020,242129,4165734000,0,0,0
TA204,20220218,20220218,133605000,13:36:06,5388,156020,242129,4165734000,0,0,0
TA204,20220218,20220218,133605500,13:36:07,5388,156020,242129,4165734000,0,0,0
TA204,20220218,20220218,133606500,13:36:07,5388,156020,242129,4165734000,0,0,0
TA204,20220218,20220218,133607000,13:36:08,5388,156020,242129,4165734000,0,0,0
