TA206,20220218,20220218,112003000,11:20:09,5370,93153,404850,2488116630,93153,10053,2488116630
TA206,20220218,20220218,112004500,11:20:09,5370,93153,404850,2488116630,0,0,0
TA206,20220218,20220218,112005000,11:20:10,5370,93153,404850,2488116630,0,0,0
TA206,20220218,20220218,112006000,11:20:10,5370,93153,404850,2488116630,0,0,0
TA206,20220218,20220218,112006500,11:20:10,5370,93153,404850,2488116630,0,0,0
TA206,20220218,20220218,112007000,11:20:10,5370,93153,404850,2488116630,0,0,0
TA206,20220218,20220218,112007500,11:20:10,5370,93153,404850,2488116630,0,0,0
TA206,20220218,20220218,112008000,11:20:10,5370,93153,404850,2488116630,0,0,0
TA206,20220218,20220218,112008500,11:20:10,5370,93153,404850,2488116630,0,0,0
TA206,20220218,20220218,112009000,11:20:10,5370,93153,404850,2488116630,0,0,0
TA206,20220218,20220218,112009500,11:20:10,5370,93153,404850,2488116630,0,0,0
TA206,20220218,20220218,112010000,11:20:10,5370,93153,404850,2488116630,0,0,0
TA206,20220218,20220218,112010500,11:20:10,5370,93153,404850,2488116630,0,0,0
TA206,20220218,20220218,112011000,11:20:11,5370,93153,404850,2488116630,0,0,0
TA206,20220218,20220218,112011500,11:20:12,5370,93153,404850,2488116630,0,0,0
TA206,20220218,20220218,112012000,11:20:12,5370,93153,404850,2488116630,0,0,0
TA206,20220218,20220218,112013000,11:20:13,5370,93153,404850,2488116630,0,0,0
TA206,20220218,20220218,112013500,11:20:13,5370,93153,404850,2488116630,0,0,0
TA206,20220218,20220218,112014000,11:20:14,5370,93153,404850,2488116630,0,0,0
TA206,20220218,20220218,112014500,11:20:14,5370,93153,404850,2488116630,0,0,0
TA206,20220218,20220218,112015000,11:20:15,5370,93153,404850,2488116630,0,0,0
TA206,20220218,20220218,112016000,11:20:16,5370,93153,404850,2488116630,0,0,0
TA206,20220218,20220218,112016500,11:20:16,5368,93206,404889,2489532260,53,39,1415630
TA206,20220218,20220218,112017000,11:20:17,5368,93206,404889,2489532260,0,0,0
TA206,20220218,20220218,112017500,11:20:17,5368,93206,404889,2489532260,0,0,0
TA206,20220218,20220218,112018000,11:20:18,5368,93216,404889,2489799360,10,0,267100
TA206,20220218,20220218,112018500,11:20:18,5368,93221,404886,2489932910,5,-3,133550
TA206,20220218,20220218,112019000,11:20:19,5368,93221,404886,2489932910,0,0,0
TA206,20220218,20220218,112019500,11:20:20,5368,93221,404886,2489932910,0,0,0
TA206,20220218,20220218,112020000,11:20:20,5368,93221,404886,2489932910,0,0,0
TA206,20220218,20220218,112020500,11:20:21,5368,93221,404886,2489932910,0,0,0
TA206,20220218,20220218,112021000,11:20:21,5368,93223,404884,2489986330,2,-2,53420
TA206,20220218,20220218,112021500,11:20:21,5368,93224,404883,2490013040,1,-1,26710
TA206,20220218,20220218,112022000,11:20:22,5368,93224,404883,2490013040,0,0,0
TA206,20220218,20220218,112022500,11:20:23,5368,93224,404883,2490013040,0,0,0
TA206,20220218,20220218,112023000,11:20:23,5368,93224,404883,2490013040,0,0,0
TA206,20220218,20220218,112023500,11:20:23,5368,93224,404883,2490013040,0,0,0
TA206,20220218,20220218,112024000,11:20:24,5368,93224,404883,2490013040,0,0,0
TA206,20220218,20220218,112024500,11:20:24,5368,93230,404884,2490173300,6,1,160260
TA206,20220218,20220218,112025000,11:20:25,5368,93230,404884,2490173300,0,0,0
TA206,20220218,20220218,112026000,11:20:26,5368,93230,404884,2490173300,0,0,0
TA206,20220218,20220218,112026500,11:20:26,5368,93230,404884,2490173300,0,0,0
TA206,20220218,20220218,112027000,11:20:27,5368,93230,404884,2490173300,0,0,0
TA206,20220218,20220218,112027500,11:20:28,5368,93230,404884,2490173300,0,0,0
TA206,20220218,20220218,112028000,11:20:28,5368,93230,404884,2490173300,0,0,0
TA206,20220218,20220218,112029000,11:20:29,5368,93230,404884,2490173300,0,0,0
TA206,20220218,20220218,112029500,11:20:30,5368,93230,404884,2490173300,0,0,0
TA206,20220218,20220218,112030000,11:20:31,5368,93230,404884,2490173300,0,0,0
TA206,20220218,20220218,112030500,11:20:31,5366,93232,404886,2490226720,2,2,53420
TA206,20220218,20220218,112031000,11:20:32,5366,93234,404886,2490280140,2,0,53420
TA206,20220218,20220218,112031500,11:20:32,5366,93236,404886,2490333560,2,0,53420
TA206,20220218,20220218,112032000,11:20:32,5366,93236,404886,2490333560,0,0,0
TA206,20220218,20220218,112032500,11:20:32,5366,93236,404886,2490333560,0,0,0
TA206,20220218,20220218,112033000,11:20:33,5366,93236,404886,2490333560,0,0,0
TA206,20220218,20220218,112033500,11:20:33,5366,93236,404886,2490333560,0,0,0
TA206,20220218,20220218,112034000,11:20:34,5366,93236,404886,2490333560,0,0,0
TA206,20220218,20220218,112034500,11:20:35,5366,93236,404886,2490333560,0,0,0
TA206,20220218,20220218,112035000,11:20:35,5368,93237,404886,2490360270,1,0,26710
TA206,20220218,20220218,112035500,11:20:35,5368,93237,404886,2490360270,0,0,0
TA206,20220218,20220218,112037000,11:20:37,5368,93237,404886,2490360270,0,0,0
TA206,20220218,20220218,112037500,11:20:38,5368,93242,404886,2490493820,5,0,133550
TA206,20220218,20220218,112038000,11:20:38,5368,93244,404886,2490547240,2,0,53420
TA206,20220218,20220218,112038500,11:20:39,5368,93244,404886,2490547240,0,0,0
TA206,20220218,20220218,112039000,11:20:39,5368,93244,404886,2490547240,0,0,0
TA206,20220218,20220218,112041500,11:20:41,5368,93245,404886,2490573950,1,0,26710
TA206,20220218,20220218,112042500,11:20:42,5368,93246,404886,2490600660,1,0,26710
TA206,20220218,20220218,112045000,11:20:45,5368,93246,404886,2490600660,0,0,0
TA206,20220218,20220218,112045500,11:20:46,5368,93246,404886,2490600660,0,0,0
TA206,20220218,20220218,112046000,11:20:46,5368,93246,404886,2490600660,0,0,0
TA206,20220218,20220218,112046500,11:20:46,5368,93246,404886,2490600660,0,0,0
TA206,20220218,20220218,112047000,11:20:47,5368,93246,404886,2490600660,0,0,0
TA206,20220218,20220218,112047500,11:20:48,5368,93246,404886,2490600660,0,0,0
TA206,20220218,20220218,112048000,11:20:48,5368,93246,404886,2490600660,0,0,0
TA206,20220218,20220218,112049000,11:20:50,5368,93246,404886,2490600660,0,0,0
TA206,20220218,20220218,112050500,11:20:50,5368,93246,404886,2490600660,0,0,0
TA206,20220218,20220218,112051000,11:20:51,5368,93246,404886,2490600660,0,0,0
TA206,20220218,20220218,112051500,11:20:52,5368,93256,404880,2490867760,10,-6,267100
TA206,20220218,20220218,112052000,11:20:53,5368,93256,404880,2490867760,0,0,0
TA206,20220218,20220218,112052500,11:20:53,5368,93256,404880,2490867760,0,0,0
TA206,20220218,20220218,112053000,11:20:53,5368,93256,404880,2490867760,0,0,0
TA206,20220218,20220218,112053500,11:20:53,5368,93256,404880,2490867760,0,0,0
TA206,20220218,20220218,112054000,11:20:54,5368,93256,404880,2490867760,0,0,0
TA206,20220218,20220218,112054500,11:20:55,5368,93256,404880,2490867760,0,0,0
TA206,20220218,20220218,112055000,11:20:55,5368,93256,404880,2490867760,0,0,0
TA206,20220218,20220218,112055500,11:20:56,5368,93256,404880,2490867760,0,0,0
TA206,20220218,20220218,112056000,11:20:56,5368,93256,404880,2490867760,0,0,0
TA206,20220218,20220218,112056500,11:20:57,5368,93256,404880,2490867760,0,0,0
TA206,20220218,20220218,112057000,11:20:58,5368,93256,404880,2490867760,0,0,0
TA206,20220218,20220218,112057500,11:20:58,5368,93256,404880,2490867760,0,0,0
TA206,20220218,20220218,112058500,11:20:59,5368,93256,404880,2490867760,0,0,0
TA206,20220218,20220218,112059000,11:20:59,5368,93256,404880,2490867760,0,0,0
TA206,20220218,20220218,112059500,11:21:00,5368,93256,404880,2490867760,0,0,0
TA206,20220218,20220218,112100000,11:21:00,5368,93256,404880,2490867760,0,0,0
TA206,20220218,20220218,112100500,11:21:01,5368,93256,404880,2490867760,0,0,0
TA206,20220218,20220218,112101000,11:21:01,5368,93256,404880,2490867760,0,0,0
TA206,20220218,20220218,112101500,11:21:02,5368,93256,404880,2490867760,0,0,0
TA206,20220218,20220218,112102000,11:21:03,5368,93256,404880,2490867760,0,0,0
TA206,20220218,20220218,112103500,11:21:04,5368,93256,404880,2490867760,0,0,0
TA206,20220218,20220218,112104500,11:21:05,5368,93257,404880,2490894470,1,0,26710
TA206,20220218,20220218,112105000,11:21:06,5368,93257,404880,2490894470,0,0,0
TA206,20220218,20220218,112105500,11:21:07,5368,93258,404880,2490921180,1,0,26710
TA206,20220218,20220218,112106500,11:21:08,5368,93260,404880,2490974600,2,0,53420
TA206,20220218,20220218,112107500,11:21:10,5368,93260,404880,2490974600,0,0,0
TA206,20220218,20220218,112110000,11:21:10,5368,93260,404880,2490974600,0,0,0
TA206,20220218,20220218,112110500,11:21:11,5368,93260,404880,2490974600,0,0,0
TA206,20220218,20220218,112111000,11:21:11,5368,93261,404880,2491001310,1,0,26710
TA206,20220218,20220218,112111500,11:21:12,5368,93261,404880,2491001310,0,0,0
TA206,20220218,20220218,112112000,11:21:12,5368,93261,404880,2491001310,0,0,0
TA206,20220218,20220218,112112500,11:21:13,5368,93262,404880,2491028020,1,0,26710
TA206,20220218,20220218,112113000,11:21:13,5368,93266,404880,2491134860,4,0,106840
TA206,20220218,20220218,112115500,11:21:15,5368,93266,404880,2491134860,0,0,0
TA206,20220218,20220218,112116000,11:21:16,5368,93266,404880,2491134860,0,0,0
TA206,20220218,20220218,112116500,11:21:17,5368,93274,404879,2491348540,8,-1,213680
TA206,20220218,20220218,112117000,11:21:17,5368,93274,404879,2491348540,0,0,0
TA206,20220218,20220218,112117500,11:21:18,5366,93275,404880,2491375250,1,1,26710
TA206,20220218,20220218,112118000,11:21:18,5366,93275,404880,2491375250,0,0,0
TA206,20220218,20220218,112118500,11:21:18,5366,93275,404880,2491375250,0,0,0
TA206,20220218,20220218,112119000,11:21:19,5366,93275,404880,2491375250,0,0,0
TA206,20220218,20220218,112120500,11:21:22,5366,93275,404880,2491375250,0,0,0
TA206,20220218,20220218,112121000,11:21:22,5366,93275,404880,2491375250,0,0,0
TA206,20220218,20220218,112121500,11:21:22,5366,93275,404880,2491375250,0,0,0
TA206,20220218,20220218,112122000,11:21:22,5366,93275,404880,2491375250,0,0,0
TA206,20220218,20220218,112122500,11:21:22,5366,93275,404880,2491375250,0,0,0
TA206,20220218,20220218,112123000,11:21:23,5366,93275,404880,2491375250,0,0,0
TA206,20220218,20220218,112123500,11:21:23,5366,93275,404880,2491375250,0,0,0
TA206,20220218,20220218,112124000,11:21:24,5366,93275,404880,2491375250,0,0,0
TA206,20220218,20220218,112125000,11:22:29,5366,93275,404880,2491375250,0,0,0
TA206,20220218,20220218,112125500,11:23:32,5366,93275,404880,2491375250,0,0,0
TA206,20220218,20220218,112126000,11:23:33,5366,93275,404880,2491375250,0,0,0
TA206,20220218,20220218,112332500,11:23:33,5366,93275,404880,2491375250,0,0,0
TA206,20220218,20220218,112333000,11:23:33,5366,93275,404880,2491375250,0,0,0
TA206,20220218,20220218,112333500,11:23:33,5366,93275,404880,2491375250,0,0,0
TA206,20220218,20220218,112334000,11:23:34,5366,93275,404880,2491375250,0,0,0
TA206,20220218,20220218,112334500,11:23:34,5366,93275,404880,2491375250,0,0,0
TA206,20220218,20220218,112335000,11:23:35,5366,93275,404880,2491375250,0,0,0
TA206,20220218,20220218,112335500,11:23:35,5366,93275,404880,2491375250,0,0,0
TA206,20220218,20220218,112336000,11:23:37,5366,93275,404880,2491375250,0,0,0
TA206,20220218,20220218,112336500,11:23:38,5366,93275,404880,2491375250,0,0,0
TA206,20220218,20220218,112337500,11:23:38,5366,93275,404880,2491375250,0,0,0
TA206,20220218,20220218,112338000,11:23:38,5366,93275,404880,2491375250,0,0,0
TA206,20220218,20220218,112339000,11:23:39,5366,93275,404880,2491375250,0,0,0
TA206,20220218,20220218,112339500,11:23:39,5366,93275,404880,2491375250,0,0,0
TA206,20220218,20220218,112340000,11:23:40,5366,93275,404880,2491375250,0,0,0
TA206,20220218,20220218,112341000,11:23:41,5366,93275,404880,2491375250,0,0,0
TA206,20220218,20220218,112342000,11:23:42,5366,93275,404880,2491375250,0,0,0
TA206,20220218,20220218,112342500,11:23:43,5366,93275,404880,2491375250,0,0,0
TA206,20220218,20220218,112343000,11:23:43,5366,93275,404880,2491375250,0,0,0
TA206,20220218,20220218,112344000,11:23:48,5366,93275,404880,2491375250,0,0,0
TA206,20220218,20220218,112345000,11:23:48,5366,93275,404880,2491375250,0,0,0
TA206,20220218,20220218,112347000,11:23:48,5366,93275,404880,2491375250,0,0,0
TA206,20220218,20220218,112349000,11:23:49,5366,93275,404880,2491375250,0,0,0
TA206,20220218,20220218,112350000,11:23:50,5366,93275,404880,2491375250,0,0,0
TA206,20220218,20220218,112350500,11:23:50,5366,93275,404880,2491375250,0,0,0
TA206,20220218,20220218,112351500,11:23:51,5366,93275,404880,2491375250,0,0,0
TA206,20220218,20220218,112352000,11:23:52,5366,93275,404880,2491375250,0,0,0
TA206,20220218,20220218,112352500,11:23:52,5370,94055,405041,2512209050,780,161,20833800
TA206,20220218,20220218,112353000,11:23:53,5370,94061,405045,2512369310,6,4,160260
TA206,20220218,20220218,112353500,11:23:53,5370,94061,405045,2512369310,0,0,0
TA206,20220218,20220218,112354000,11:23:54,5370,94061,405045,2512369310,0,0,0
TA206,20220218,20220218,112354500,11:23:55,5370,94061,405045,2512369310,0,0,0
TA206,20220218,20220218,112355000,11:23:55,5370,94061,405045,2512369310,0,0,0
TA206,20220218,20220218,112356000,11:23:56,5370,94061,405045,2512369310,0,0,0
TA206,20220218,20220218,112356500,11:23:56,5370,94061,405045,2512369310,0,0,0
TA206,20220218,20220218,112357500,11:23:57,5370,94061,405045,2512369310,0,0,0
TA206,20220218,20220218,112358000,11:23:58,5370,94061,405045,2512369310,0,0,0
TA206,20220218,20220218,112358500,11:23:58,5370,94061,405045,2512369310,0,0,0
TA206,20220218,20220218,112359000,11:23:59,5370,94061,405045,2512369310,0,0,0
TA206,20220218,20220218,112359500,11:23:59,5370,94061,405045,2512369310,0,0,0
TA206,20220218,20220218,112400000,11:24:00,5370,94061,405045,2512369310,0,0,0
TA206,20220218,20220218,112400500,11:24:00,5370,94061,405045,2512369310,0,0,0
TA206,20220218,20220218,112401000,11:24:01,5370,94061,405045,2512369310,0,0,0
TA206,20220218,20220218,112401500,11:24:01,5370,94061,405045,2512369310,0,0,0
TA206,20220218,20220218,112402000,11:24:02,5370,94061,405045,2512369310,0,0,0
TA206,20220218,20220218,112402500,11:24:02,5370,94061,405045,2512369310,0,0,0
TA206,20220218,20220218,112403000,11:24:03,5370,94061,405045,2512369310,0,0,0
TA206,20220218,20220218,112403500,11:24:04,5370,94061,405045,2512369310,0,0,0
TA206,20220218,20220218,112404500,11:24:04,5370,94061,405045,2512369310,0,0,0
TA206,20220218,20220218,112405000,11:24:05,5370,94061,405045,2512369310,0,0,0
TA206,20220218,20220218,112405500,11:24:05,5370,94061,405045,2512369310,0,0,0
TA206,20220218,20220218,112406000,11:24:06,5370,94061,405045,2512369310,0,0,0
TA206,20220218,20220218,112407000,11:24:07,5370,94061,405045,2512369310,0,0,0
TA206,20220218,20220218,112407500,11:24:08,5370,94061,405045,2512369310,0,0,0
TA206,20220218,20220218,112408000,11:24:08,5370,94061,405045,2512369310,0,0,0
TA206,20220218,20220218,112408500,11:24:08,5370,94061,405045,2512369310,0,0,0
TA206,20220218,20220218,112409000,11:24:11,5370,94061,405045,2512369310,0,0,0
TA206,20220218,20220218,112410500,11:24:12,5370,94061,405045,2512369310,0,0,0
TA206,20220218,20220218,112411500,11:24:12,5370,94061,405045,2512369310,0,0,0
TA206,20220218,20220218,112412000,11:24:12,5370,94061,405045,2512369310,0,0,0
TA206,20220218,20220218,112412500,11:24:13,5368,94078,405058,2512823380,17,13,454070
TA206,20220218,20220218,112413000,11:24:14,5368,94083,405060,2512956930,5,2,133550
TA206,20220218,20220218,112413500,11:24:14,5368,94084,405059,2512983640,1,-1,26710
TA206,20220218,20220218,112414000,11:24:14,5368,94084,405059,2512983640,0,0,0
TA206,20220218,20220218,112415000,11:24:15,5368,94084,405059,2512983640,0,0,0
TA206,20220218,20220218,112416000,11:24:16,5368,94084,405059,2512983640,0,0,0
TA206,20220218,20220218,112416500,11:24:17,5368,94084,405059,2512983640,0,0,0
TA206,20220218,20220218,112417000,11:24:17,5368,94084,405059,2512983640,0,0,0
TA206,20220218,20220218,112417500,11:24:18,5368,94084,405059,2512983640,0,0,0
TA206,20220218,20220218,112418000,11:24:18,5368,94084,405059,2512983640,0,0,0
TA206,20220218,20220218,112418500,11:24:19,5368,94084,405059,2512983640,0,0,0
TA206,20220218,20220218,112419000,11:24:19,5368,94084,405059,2512983640,0,0,0
TA206,20220218,20220218,112420000,11:24:20,5368,94084,405059,2512983640,0,0,0
TA206,20220218,20220218,112420500,11:24:20,5368,94084,405059,2512983640,0,0,0
TA206,20220218,20220218,112421500,11:24:22,5368,94084,405059,2512983640,0,0,0
TA206,20220218,20220218,112423500,11:24:24,5368,94084,405059,2512983640,0,0,0
TA206,20220218,20220218,112424000,11:24:24,5368,94084,405059,2512983640,0,0,0
TA206,20220218,20220218,112424500,11:24:24,5368,94084,405059,2512983640,0,0,0
TA206,20220218,20220218,112425000,11:24:25,5368,94084,405059,2512983640,0,0,0
TA206,20220218,20220218,112425500,11:24:25,5368,94084,405059,2512983640,0,0,0
TA206,20220218,20220218,112426500,11:24:26,5368,94084,405059,2512983640,0,0,0
TA206,20220218,20220218,112427500,11:24:28,5368,94084,405059,2512983640,0,0,0
TA206,20220218,20220218,112428500,11:24:28,5368,94084,405059,2512983640,0,0,0
TA206,20220218,20220218,112429000,11:24:29,5366,94111,405067,2513704810,27,8,721170
TA206,20220218,20220218,112429500,11:24:30,5366,94114,405066,2513784940,3,-1,80130
TA206,20220218,20220218,112430000,11:24:30,5366,94115,405066,2513811650,1,0,26710
TA206,20220218,20220218,112430500,11:24:30,5366,94115,405066,2513811650,0,0,0
TA206,20220218,20220218,112431000,11:24:31,5366,94115,405066,2513811650,0,0,0
TA206,20220218,20220218,112431500,11:24:31,5366,94119,405062,2513918490,4,-4,106840
TA206,20220218,20220218,112432000,11:24:32,5366,94119,405062,2513918490,0,0,0
TA206,20220218,20220218,112432500,11:24:33,5366,94119,405062,2513918490,0,0,0
TA206,20220218,20220218,112433000,11:24:33,5366,94119,405062,2513918490,0,0,0
TA206,20220218,20220218,112433500,11:24:33,5366,94119,405062,2513918490,0,0,0
TA206,20220218,20220218,112434000,11:24:34,5366,94119,405062,2513918490,0,0,0
TA206,20220218,20220218,112434500,11:24:34,5366,94119,405062,2513918490,0,0,0
TA206,20220218,20220218,112435000,11:24:35,5366,94119,405062,2513918490,0,0,0
TA206,20220218,20220218,112435500,11:24:35,5366,94119,405062,2513918490,0,0,0
TA206,20220218,20220218,112436000,11:24:36,5366,94119,405062,2513918490,0,0,0
TA206,20220218,20220218,112436500,11:24:36,5366,94119,405062,2513918490,0,0,0
TA206,20220218,20220218,112437000,11:24:37,5366,94119,405062,2513918490,0,0,0
TA206,20220218,20220218,112437500,11:24:39,5366,94119,405062,2513918490,0,0,0
TA206,20220218,20220218,112438000,11:24:39,5366,94119,405062,2513918490,0,0,0
TA206,20220218,20220218,112438500,11:24:39,5366,94119,405062,2513918490,0,0,0
TA206,20220218,20220218,112439000,11:24:40,5366,94119,405062,2513918490,0,0,0
TA206,20220218,20220218,112440000,11:24:40,5366,94119,405062,2513918490,0,0,0
TA206,20220218,20220218,112440500,11:24:40,5366,94119,405062,2513918490,0,0,0
TA206,20220218,20220218,112441000,11:24:41,5366,94119,405062,2513918490,0,0,0
TA206,20220218,20220218,112442000,11:24:42,5366,94119,405062,2513918490,0,0,0
TA206,20220218,20220218,112442500,11:24:42,5366,94119,405062,2513918490,0,0,0
TA206,20220218,20220218,112443000,11:24:43,5366,94119,405062,2513918490,0,0,0
TA206,20220218,20220218,112443500,11:24:43,5366,94119,405062,2513918490,0,0,0
TA206,20220218,20220218,112444000,11:24:44,5366,94119,405062,2513918490,0,0,0
TA206,20220218,20220218,112445000,11:24:45,5366,94119,405062,2513918490,0,0,0
TA206,20220218,20220218,112445500,11:24:45,5366,94119,405062,2513918490,0,0,0
TA206,20220218,20220218,112446000,11:24:46,5366,94119,405062,2513918490,0,0,0
TA206,20220218,20220218,112446500,11:24:46,5366,94119,405062,2513918490,0,0,0
TA206,20220218,20220218,112447000,11:24:47,5366,94119,405062,2513918490,0,0,0
TA206,20220218,20220218,112447500,11:24:47,5366,94119,405062,2513918490,0,0,0
TA206,20220218,20220218,112448000,11:24:48,5366,94119,405062,2513918490,0,0,0
TA206,20220218,20220218,112448500,11:24:49,5366,94119,405062,2513918490,0,0,0
TA206,20220218,20220218,112449000,11:24:49,5366,94119,405062,2513918490,0,0,0
TA206,20220218,20220218,112449500,11:24:49,5366,94119,405062,2513918490,0,0,0
TA206,20220218,20220218,112450500,11:24:50,5366,94119,405062,2513918490,0,0,0
TA206,20220218,20220218,112451000,11:24:51,5366,94120,405062,2513945200,1,0,26710
TA206,20220218,20220218,112451500,11:24:52,5366,94122,405062,2513998620,2,0,53420
TA206,20220218,20220218,112452000,11:24:52,5366,94123,405062,2514025330,1,0,26710
TA206,20220218,20220218,112452500,11:24:52,5366,94123,405062,2514025330,0,0,0
TA206,20220218,20220218,112453500,11:24:53,5366,94123,405062,2514025330,0,0,0
TA206,20220218,20220218,112454000,11:24:54,5366,94124,405062,2514052040,1,0,26710
TA206,20220218,20220218,112455000,11:24:55,5366,94124,405062,2514052040,0,0,0
TA206,20220218,20220218,112455500,11:24:56,5366,94124,405062,2514052040,0,0,0
TA206,20220218,20220218,112456000,11:24:56,5366,94124,405062,2514052040,0,0,0
TA206,20220218,20220218,112456500,11:24:56,5366,94124,405062,2514052040,0,0,0
TA206,20220218,20220218,112458500,11:24:58,5366,94124,405062,2514052040,0,0,0
TA206,20220218,20220218,112459000,11:24:59,5366,94125,405062,2514078750,1,0,26710
TA206,20220218,20220218,112459500,11:24:59,5366,94125,405062,2514078750,0,0,0
TA206,20220218,20220218,112500000,11:25:01,5366,94136,405062,2514372560,11,0,293810
TA206,20220218,20220218,112500500,11:25:01,5366,94148,405074,2514693080,12,12,320520
TA206,20220218,20220218,112501000,11:25:02,5366,94148,405074,2514693080,0,0,0
TA206,20220218,20220218,112501500,11:25:05,5366,94148,405074,2514693080,0,0,0
TA206,20220218,20220218,112502000,11:25:05,5366,94148,405074,2514693080,0,0,0
TA206,20220218,20220218,112502500,11:25:06,5366,94148,405074,2514693080,0,0,0
TA206,20220218,20220218,112504500,11:25:06,5366,94148,405074,2514693080,0,0,0
TA206,20220218,20220218,112505500,11:25:06,5366,94148,405074,2514693080,0,0,0
TA206,20220218,20220218,112506000,11:25:07,5366,94148,405074,2514693080,0,0,0
TA206,20220218,20220218,112506500,11:25:07,5366,94148,405074,2514693080,0,0,0
TA206,20220218,20220218,112507500,11:25:07,5366,94148,405074,2514693080,0,0,0
TA206,20220218,20220218,112508000,11:25:08,5366,94148,405074,2514693080,0,0,0
TA206,20220218,20220218,112508500,11:25:09,5366,94148,405074,2514693080,0,0,0
TA206,20220218,20220218,112509000,11:25:09,5366,94148,405074,2514693080,0,0,0
TA206,20220218,20220218,112509500,11:25:09,5366,94148,405074,2514693080,0,0,0
TA206,20220218,20220218,112510000,11:25:10,5366,94148,405074,2514693080,0,0,0
TA206,20220218,20220218,112510500,11:25:10,5366,94148,405074,2514693080,0,0,0
TA206,20220218,20220218,112511000,11:25:11,5366,94148,405074,2514693080,0,0,0
TA206,20220218,20220218,112511500,11:25:11,5366,94148,405074,2514693080,0,0,0
TA206,20220218,20220218,112513000,11:25:13,5366,94148,405074,2514693080,0,0,0
TA206,20220218,20220218,112513500,11:25:15,5366,94148,405074,2514693080,0,0,0
TA206,20220218,20220218,112514000,11:25:15,5366,94148,405074,2514693080,0,0,0
TA206,20220218,20220218,112515000,11:25:16,5366,94148,405074,2514693080,0,0,0
TA206,20220218,20220218,112515500,11:25:16,5368,94149,405074,2514719790,1,0,26710
TA206,20220218,20220218,112516500,11:25:16,5368,94153,405076,2514826630,4,2,106840
TA206,20220218,20220218,112517000,11:25:18,5368,94153,405076,2514826630,0,0,0
TA206,20220218,20220218,112517500,11:25:18,5368,94153,405076,2514826630,0,0,0
TA206,20220218,20220218,112518000,11:25:19,5368,94153,405076,2514826630,0,0,0
TA206,20220218,20220218,112518500,11:25:19,5368,94153,405076,2514826630,0,0,0
TA206,20220218,20220218,112519000,11:25:19,5368,94153,405076,2514826630,0,0,0
TA206,20220218,20220218,112519500,11:25:19,5368,94153,405076,2514826630,0,0,0
TA206,20220218,20220218,112520000,11:25:21,5368,94153,405076,2514826630,0,0,0
TA206,20220218,20220218,112520500,11:25:21,5368,94153,405076,2514826630,0,0,0
TA206,20220218,20220218,112521000,11:25:21,5368,94153,405076,2514826630,0,0,0
TA206,20220218,20220218,112521500,11:25:22,5368,94157,405076,2514933470,4,0,106840
TA206,20220218,20220218,112522000,11:25:22,5368,94157,405076,2514933470,0,0,0
TA206,20220218,20220218,112522500,11:25:22,5368,94157,405076,2514933470,0,0,0
TA206,20220218,20220218,112523000,11:25:23,5368,94157,405076,2514933470,0,0,0
TA206,20220218,20220218,112523500,11:25:24,5368,94157,405076,2514933470,0,0,0
TA206,20220218,20220218,112524000,11:25:25,5368,94157,405076,2514933470,0,0,0
TA206,20220218,20220218,112524500,11:25:25,5368,94157,405076,2514933470,0,0,0
TA206,20220218,20220218,112525000,11:25:25,5368,94157,405076,2514933470,0,0,0
TA206,20220218,20220218,112525500,11:25:26,5368,94157,405076,2514933470,0,0,0
TA206,20220218,20220218,112526000,11:25:26,5368,94157,405076,2514933470,0,0,0
TA206,20220218,20220218,112526500,11:25:27,5368,94157,405076,2514933470,0,0,0
TA206,20220218,20220218,112527000,11:25:27,5368,94157,405076,2514933470,0,0,0
TA206,20220218,20220218,112527500,11:25:28,5368,94157,405076,2514933470,0,0,0
TA206,20220218,20220218,112528000,11:25:28,5368,94157,405076,2514933470,0,0,0
TA206,20220218,20220218,112528500,11:25:28,5368,94157,405076,2514933470,0,0,0
TA206,20220218,20220218,112529000,11:25:29,5366,94162,405081,2515067020,5,5,133550
TA206,20220218,20220218,112529500,11:25:30,5366,94162,405081,2515067020,0,0,0
TA206,20220218,20220218,112530000,11:25:30,5366,94162,405081,2515067020,0,0,0
TA206,20220218,20220218,112530500,11:25:31,5366,94162,405081,2515067020,0,0,0
TA206,20220218,20220218,112531000,11:25:31,5366,94162,405081,2515067020,0,0,0
TA206,20220218,20220218,112531500,11:25:32,5366,94162,405081,2515067020,0,0,0
TA206,20220218,20220218,112532000,11:25:32,5366,94162,405081,2515067020,0,0,0
TA206,20220218,20220218,112532500,11:25:33,5366,94162,405081,2515067020,0,0,0
TA206,20220218,20220218,112533000,11:25:33,5366,94162,405081,2515067020,0,0,0
TA206,20220218,20220218,112533500,11:25:33,5366,94162,405081,2515067020,0,0,0
TA206,20220218,20220218,112534000,11:25:34,5366,94162,405081,2515067020,0,0,0
TA206,20220218,20220218,112534500,11:25:35,5366,94162,405081,2515067020,0,0,0
TA206,20220218,20220218,112535000,11:25:37,5366,94162,405081,2515067020,0,0,0
TA206,20220218,20220218,112535500,11:25:37,5366,94162,405081,2515067020,0,0,0
TA206,20220218,20220218,112536000,11:25:37,5366,94162,405081,2515067020,0,0,0
TA206,20220218,20220218,112537000,11:25:38,5366,94162,405081,2515067020,0,0,0
TA206,20220218,20220218,112537500,11:25:38,5366,94162,405081,2515067020,0,0,0
TA206,20220218,20220218,112538000,11:25:38,5366,94162,405081,2515067020,0,0,0
TA206,20220218,20220218,112538500,11:25:39,5366,94162,405081,2515067020,0,0,0
TA206,20220218,20220218,112539000,11:25:39,5366,94162,405081,2515067020,0,0,0
TA206,20220218,20220218,112539500,11:25:40,5366,94162,405081,2515067020,0,0,0
TA206,20220218,20220218,112540000,11:25:40,5366,94162,405081,2515067020,0,0,0
TA206,20220218,20220218,112540500,11:25:41,5366,94162,405081,2515067020,0,0,0
TA206,20220218,20220218,112541000,11:25:41,5366,94162,405081,2515067020,0,0,0
TA206,20220218,20220218,112541500,11:25:41,5366,94162,405081,2515067020,0,0,0
TA206,20220218,20220218,112542000,11:25:42,5366,94162,405081,2515067020,0,0,0
TA206,20220218,20220218,112542500,11:25:43,5366,94162,405081,2515067020,0,0,0
TA206,20220218,20220218,112543000,11:25:43,5366,94162,405081,2515067020,0,0,0
TA206,20220218,20220218,112543500,11:25:43,5366,94162,405081,2515067020,0,0,0
TA206,20220218,20220218,112544000,11:25:44,5366,94162,405081,2515067020,0,0,0
TA206,20220218,20220218,112544500,11:25:44,5366,94162,405081,2515067020,0,0,0
TA206,20220218,20220218,112545000,11:25:45,5366,94162,405081,2515067020,0,0,0
TA206,20220218,20220218,112545500,11:25:46,5366,94162,405081,2515067020,0,0,0
TA206,20220218,20220218,112546000,11:25:47,5366,94162,405081,2515067020,0,0,0
TA206,20220218,20220218,112546500,11:25:48,5366,94162,405081,2515067020,0,0,0
TA206,20220218,20220218,112547000,11:25:48,5366,94162,405081,2515067020,0,0,0
TA206,20220218,20220218,112547500,11:25:48,5366,94162,405081,2515067020,0,0,0
TA206,20220218,20220218,112548000,11:25:48,5366,94162,405081,2515067020,0,0,0
TA206,20220218,20220218,112550000,11:25:50,5366,94162,405081,2515067020,0,0,0
TA206,20220218,20220218,112550500,11:25:51,5366,94162,405081,2515067020,0,0,0
TA206,20220218,20220218,112551000,11:25:51,5366,94162,405081,2515067020,0,0,0
TA206,20220218,20220218,112551500,11:25:51,5366,94162,405081,2515067020,0,0,0
TA206,20220218,20220218,112552000,11:25:52,5366,94162,405081,2515067020,0,0,0
TA206,20220218,20220218,112552500,11:25:52,5366,94162,405081,2515067020,0,0,0
TA206,20220218,20220218,112553000,11:25:53,5366,94162,405081,2515067020,0,0,0
TA206,20220218,20220218,112554000,11:25:54,5366,94162,405081,2515067020,0,0,0
TA206,20220218,20220218,112555000,11:25:55,5366,94162,405081,2515067020,0,0,0
TA206,20220218,20220218,112555500,11:25:56,5366,94162,405081,2515067020,0,0,0
TA206,20220218,20220218,112556000,11:25:57,5366,94162,405081,2515067020,0,0,0
TA206,20220218,20220218,112556500,11:25:57,5366,94162,405081,2515067020,0,0,0
TA206,20220218,20220218,112557000,11:25:57,5366,94162,405081,2515067020,0,0,0
TA206,20220218,20220218,112557500,11:25:57,5366,94162,405081,2515067020,0,0,0
TA206,20220218,20220218,112558500,11:25:59,5366,94162,405081,2515067020,0,0,0
TA206,20220218,20220218,112559000,11:26:00,5366,94162,405081,2515067020,0,0,0
TA206,20220218,20220218,112559500,11:26:00,5366,94162,405081,2515067020,0,0,0
TA206,20220218,20220218,112600000,11:26:00,5366,94162,405081,2515067020,0,0,0
TA206,20220218,20220218,112600500,11:26:01,5366,94162,405081,2515067020,0,0,0
TA206,20220218,20220218,112601000,11:26:01,5366,94162,405081,2515067020,0,0,0
TA206,20220218,20220218,112601500,11:26:02,5366,94162,405081,2515067020,0,0,0
TA206,20220218,20220218,112602000,11:26:03,5366,94162,405081,2515067020,0,0,0
TA206,20220218,20220218,112602500,11:26:03,5366,94162,405081,2515067020,0,0,0
TA206,20220218,20220218,112603000,11:26:03,5366,94162,405081,2515067020,0,0,0
TA206,20220218,20220218,112603500,11:26:04,5366,94162,405081,2515067020,0,0,0
TA206,20220218,20220218,112604000,11:26:05,5366,94162,405081,2515067020,0,0,0
TA206,20220218,20220218,112604500,11:26:05,5366,94162,405081,2515067020,0,0,0
TA206,20220218,20220218,112605000,11:26:05,5366,94162,405081,2515067020,0,0,0
TA206,20220218,20220218,112605500,11:26:06,5366,94162,405081,2515067020,0,0,0
TA206,20220218,20220218,112606000,11:26:06,5366,94162,405081,2515067020,0,0,0
TA206,20220218,20220218,112606500,11:26:09,5366,94162,405081,2515067020,0,0,0
TA206,20220218,20220218,112607000,11:26:09,5366,94162,405081,2515067020,0,0,0
TA206,20220218,20220218,112607500,11:26:09,5366,94162,405081,2515067020,0,0,0
TA206,20220218,20220218,112609000,11:26:10,5366,94162,405081,2515067020,0,0,0
TA206,20220218,20220218,112609500,11:26:10,5366,94162,405081,2515067020,0,0,0
TA206,20220218,20220218,112610000,11:26:10,5366,94162,405081,2515067020,0,0,0
TA206,20220218,20220218,112610500,11:26:11,5366,94162,405081,2515067020,0,0,0
TA206,20220218,20220218,112611000,11:26:11,5366,94162,405081,2515067020,0,0,0
TA206,20220218,20220218,112611500,11:26:13,5366,94162,405081,2515067020,0,0,0
TA206,20220218,20220218,112612000,11:26:14,5366,94162,405081,2515067020,0,0,0
TA206,20220218,20220218,112612500,11:26:15,5366,94162,405081,2515067020,0,0,0
TA206,20220218,20220218,112613000,11:26:15,5366,94162,405081,2515067020,0,0,0
TA206,20220218,20220218,112614000,11:26:15,5366,94162,405081,2515067020,0,0,0
TA206,20220218,20220218,112614500,11:26:16,5366,94162,405081,2515067020,0,0,0
TA206,20220218,20220218,112615000,11:26:16,5366,94162,405081,2515067020,0,0,0
TA206,20220218,20220218,112615500,11:26:16,5366,94162,405081,2515067020,0,0,0
TA206,20220218,20220218,112616000,11:26:16,5366,94162,405081,2515067020,0,0,0
TA206,20220218,20220218,112616500,11:26:17,5366,94162,405081,2515067020,0,0,0
TA206,20220218,20220218,112617000,11:26:17,5368,94163,405081,2515093730,1,0,26710
TA206,20220218,20220218,112617500,11:26:17,5368,94163,405081,2515093730,0,0,0
TA206,20220218,20220218,112618000,11:26:18,5368,94163,405081,2515093730,0,0,0
TA206,20220218,20220218,112618500,11:26:19,5368,94163,405081,2515093730,0,0,0
TA206,20220218,20220218,112619000,11:26:19,5368,94164,405080,2515120440,1,-1,26710
TA206,20220218,20220218,112619500,11:26:20,5368,94164,405080,2515120440,0,0,0
TA206,20220218,20220218,112620000,11:26:20,5368,94164,405080,2515120440,0,0,0
TA206,20220218,20220218,112620500,11:26:20,5368,94164,405080,2515120440,0,0,0
TA206,20220218,20220218,112621000,11:26:21,5368,94164,405080,2515120440,0,0,0
TA206,20220218,20220218,112621500,11:26:21,5368,94165,405080,2515147150,1,0,26710
TA206,20220218,20220218,112622500,11:26:23,5368,94165,405080,2515147150,0,0,0
TA206,20220218,20220218,112623000,11:26:23,5368,94165,405080,2515147150,0,0,0
TA206,20220218,20220218,112623500,11:26:23,5368,94165,405080,2515147150,0,0,0
TA206,20220218,20220218,112624000,11:26:24,5368,94165,405080,2515147150,0,0,0
TA206,20220218,20220218,112624500,11:26:24,5368,94165,405080,2515147150,0,0,0
TA206,20220218,20220218,112625000,11:26:25,5368,94165,405080,2515147150,0,0,0
TA206,20220218,20220218,112625500,11:26:25,5368,94165,405080,2515147150,0,0,0
TA206,20220218,20220218,112626000,11:26:26,5368,94165,405080,2515147150,0,0,0
TA206,20220218,20220218,112626500,11:26:27,5368,94165,405080,2515147150,0,0,0
TA206,20220218,20220218,112627000,11:26:27,5368,94165,405080,2515147150,0,0,0
TA206,20220218,20220218,112627500,11:26:27,5368,94165,405080,2515147150,0,0,0
TA206,20220218,20220218,112628000,11:26:28,5368,94165,405080,2515147150,0,0,0
TA206,20220218,20220218,112628500,11:26:28,5368,94165,405080,2515147150,0,0,0
TA206,20220218,20220218,112629000,11:26:29,5368,94165,405080,2515147150,0,0,0
TA206,20220218,20220218,112629500,11:26:30,5368,94165,405080,2515147150,0,0,0
TA206,20220218,20220218,112630500,11:26:31,5368,94165,405080,2515147150,0,0,0
TA206,20220218,20220218,112631000,11:26:31,5368,94165,405080,2515147150,0,0,0
TA206,20220218,20220218,112631500,11:26:32,5368,94165,405080,2515147150,0,0,0
TA206,20220218,20220218,112632000,11:26:32,5368,94165,405080,2515147150,0,0,0
TA206,20220218,20220218,112632500,11:26:32,5368,94165,405080,2515147150,0,0,0
TA206,20220218,20220218,112633500,11:26:34,5368,94165,405080,2515147150,0,0,0
TA206,20220218,20220218,112634500,11:26:37,5368,94165,405080,2515147150,0,0,0
TA206,20220218,20220218,112635500,11:26:38,5368,94165,405080,2515147150,0,0,0
TA206,20220218,20220218,112636500,11:26:38,5368,94165,405080,2515147150,0,0,0
TA206,20220218,20220218,112653500,11:27:10,5364,94255,405099,2517551050,90,19,2403900
TA206,20220218,20220218,112710000,11:27:12,5364,94255,405099,2517551050,0,0,0
TA206,20220218,20220218,112710500,11:27:12,5364,94255,405099,2517551050,0,0,0
TA206,20220218,20220218,112712000,11:27:12,5364,94255,405099,2517551050,0,0,0
TA206,20220218,20220218,112712500,11:27:13,5364,94255,405099,2517551050,0,0,0
TA206,20220218,20220218,112713000,11:27:14,5364,94255,405099,2517551050,0,0,0
TA206,20220218,20220218,112713500,11:27:14,5368,94281,405110,2518245510,26,11,694460
TA206,20220218,20220218,112714000,11:27:15,5366,94282,405111,2518272220,1,1,26710
TA206,20220218,20220218,112714500,11:27:15,5366,94282,405111,2518272220,0,0,0
TA206,20220218,20220218,112715000,11:27:16,5366,94282,405111,2518272220,0,0,0
TA206,20220218,20220218,112716000,11:27:17,5366,94282,405111,2518272220,0,0,0
TA206,20220218,20220218,112716500,11:27:17,5366,94282,405111,2518272220,0,0,0
TA206,20220218,20220218,112717000,11:27:17,5366,94282,405111,2518272220,0,0,0
TA206,20220218,20220218,112717500,11:27:17,5366,94282,405111,2518272220,0,0,0
TA206,20220218,20220218,112718000,11:27:18,5366,94282,405111,2518272220,0,0,0
TA206,20220218,20220218,112719500,11:27:20,5366,94282,405111,2518272220,0,0,0
TA206,20220218,20220218,112720000,11:27:20,5366,94282,405111,2518272220,0,0,0
TA206,20220218,20220218,112720500,11:27:21,5366,94282,405111,2518272220,0,0,0
TA206,20220218,20220218,112721000,11:27:21,5366,94282,405111,2518272220,0,0,0
TA206,20220218,20220218,112721500,11:27:22,5366,94282,405111,2518272220,0,0,0
TA206,20220218,20220218,112722000,11:27:22,5366,94282,405111,2518272220,0,0,0
TA206,20220218,20220218,112722500,11:27:26,5366,94282,405111,2518272220,0,0,0
TA206,20220218,20220218,112723000,11:27:27,5366,94282,405111,2518272220,0,0,0
TA206,20220218,20220218,112724000,11:27:27,5366,94282,405111,2518272220,0,0,0
TA206,20220218,20220218,112726500,11:27:27,5366,94282,405111,2518272220,0,0,0
TA206,20220218,20220218,112727000,11:27:27,5366,94282,405111,2518272220,0,0,0
TA206,20220218,20220218,112727500,11:27:27,5366,94282,405111,2518272220,0,0,0
TA206,20220218,20220218,112728000,11:27:28,5366,94282,405111,2518272220,0,0,0
TA206,20220218,20220218,112729000,11:27:29,5366,94282,405111,2518272220,0,0,0
TA206,20220218,20220218,112729500,11:27:30,5366,94282,405111,2518272220,0,0,0
TA206,20220218,20220218,112730000,11:27:30,5366,94282,405111,2518272220,0,0,0
TA206,20220218,20220218,112730500,11:27:31,5366,94282,405111,2518272220,0,0,0
TA206,20220218,20220218,112731000,11:27:32,5368,94287,405112,2518405770,5,1,133550
TA206,20220218,20220218,112731500,11:27:35,5366,94288,405113,2518432480,1,1,26710
TA206,20220218,20220218,112732000,11:27:36,5368,94289,405113,2518459190,1,0,26710
TA206,20220218,20220218,112735500,11:27:36,5368,94289,405113,2518459190,0,0,0
TA206,20220218,20220218,112736000,11:27:37,5368,94289,405113,2518459190,0,0,0
TA206,20220218,20220218,112736500,11:27:38,5368,94289,405113,2518459190,0,0,0
TA206,20220218,20220218,112737000,11:27:38,5368,94289,405113,2518459190,0,0,0
TA206,20220218,20220218,112737500,11:27:38,5368,94289,405113,2518459190,0,0,0
TA206,20220218,20220218,112738000,11:27:39,5368,94289,405113,2518459190,0,0,0
TA206,20220218,20220218,112738500,11:27:39,5368,94289,405113,2518459190,0,0,0
TA206,20220218,20220218,112739000,11:27:39,5368,94289,405113,2518459190,0,0,0
TA206,20220218,20220218,112739500,11:27:40,5368,94289,405113,2518459190,0,0,0
TA206,20220218,20220218,112740000,11:27:40,5368,94289,405113,2518459190,0,0,0
TA206,20220218,20220218,112740500,11:27:40,5368,94289,405113,2518459190,0,0,0
TA206,20220218,20220218,112741000,11:27:41,5368,94289,405113,2518459190,0,0,0
TA206,20220218,20220218,112741500,11:27:42,5368,94289,405113,2518459190,0,0,0
TA206,20220218,20220218,112742000,11:27:42,5368,94289,405113,2518459190,0,0,0
TA206,20220218,20220218,112742500,11:27:43,5368,94289,405113,2518459190,0,0,0
TA206,20220218,20220218,112743500,11:27:43,5368,94289,405113,2518459190,0,0,0
TA206,20220218,20220218,112744000,11:27:44,5368,94289,405113,2518459190,0,0,0
TA206,20220218,20220218,112744500,11:27:45,5368,94289,405113,2518459190,0,0,0
TA206,20220218,20220218,112745000,11:27:46,5368,94289,405113,2518459190,0,0,0
TA206,20220218,20220218,112745500,11:27:46,5368,94289,405113,2518459190,0,0,0
TA206,20220218,20220218,112747500,11:27:48,5366,94297,405114,2518672870,8,1,213680
TA206,20220218,20220218,112748000,11:27:53,5366,94300,405114,2518753000,3,0,80130
TA206,20220218,20220218,112748500,11:27:54,5366,94302,405112,2518806420,2,-2,53420
TA206,20220218,20220218,112749000,11:27:54,5366,94303,405111,2518833130,1,-1,26710
TA206,20220218,20220218,112749500,11:27:54,5366,94304,405110,2518859840,1,-1,26710
TA206,20220218,20220218,112754000,11:27:54,5366,94304,405110,2518859840,0,0,0
TA206,20220218,20220218,112754500,11:27:55,5366,94304,405110,2518859840,0,0,0
TA206,20220218,20220218,112755000,11:27:55,5366,94304,405110,2518859840,0,0,0
TA206,20220218,20220218,112755500,11:27:55,5366,94304,405110,2518859840,0,0,0
TA206,20220218,20220218,112756000,11:27:56,5366,94304,405110,2518859840,0,0,0
TA206,20220218,20220218,112756500,11:27:56,5368,94305,405110,2518886550,1,0,26710
TA206,20220218,20220218,112757000,11:27:57,5368,94305,405110,2518886550,0,0,0
TA206,20220218,20220218,112757500,11:27:57,5368,94307,405112,2518939970,2,2,53420
TA206,20220218,20220218,112758000,11:27:58,5368,94307,405112,2518939970,0,0,0
TA206,20220218,20220218,112758500,11:27:59,5368,94307,405112,2518939970,0,0,0
TA206,20220218,20220218,112759000,11:27:59,5368,94309,405113,2518993390,2,1,53420
TA206,20220218,20220218,112759500,11:27:59,5368,94309,405113,2518993390,0,0,0
TA206,20220218,20220218,112800000,11:28:01,5368,94309,405113,2518993390,0,0,0
TA206,20220218,20220218,112800500,11:28:01,5368,94309,405113,2518993390,0,0,0
TA206,20220218,20220218,112801000,11:28:01,5368,94309,405113,2518993390,0,0,0
TA206,20220218,20220218,112801500,11:28:02,5368,94309,405113,2518993390,0,0,0
TA206,20220218,20220218,112802000,11:28:03,5368,94309,405113,2518993390,0,0,0
TA206,20220218,20220218,112802500,11:28:03,5368,94309,405113,2518993390,0,0,0
TA206,20220218,20220218,112803000,11:28:04,5368,94309,405113,2518993390,0,0,0
TA206,20220218,20220218,112803500,11:28:04,5368,94309,405113,2518993390,0,0,0
TA206,20220218,20220218,112804000,11:28:05,5370,94311,405114,2519046810,2,1,53420
TA206,20220218,20220218,112804500,11:28:05,5370,94311,405114,2519046810,0,0,0
TA206,20220218,20220218,112805000,11:28:06,5370,94311,405114,2519046810,0,0,0
TA206,20220218,20220218,112805500,11:28:06,5370,94312,405115,2519073520,1,1,26710
TA206,20220218,20220218,112806000,11:28:10,5370,94312,405115,2519073520,0,0,0
TA206,20220218,20220218,112806500,11:28:10,5370,94312,405115,2519073520,0,0,0
TA206,20220218,20220218,112810000,11:28:11,5370,94322,405125,2519340620,10,10,267100
TA206,20220218,20220218,112810500,11:28:12,5370,94322,405125,2519340620,0,0,0
TA206,20220218,20220218,112811000,11:28:12,5370,94322,405125,2519340620,0,0,0
TA206,20220218,20220218,112811500,11:28:12,5370,94322,405125,2519340620,0,0,0
TA206,20220218,20220218,112812000,11:28:13,5370,94322,405125,2519340620,0,0,0
TA206,20220218,20220218,112812500,11:28:13,5370,94323,405126,2519367330,1,1,26710
TA206,20220218,20220218,112813000,11:28:13,5370,94323,405126,2519367330,0,0,0
TA206,20220218,20220218,112813500,11:28:14,5370,94323,405126,2519367330,0,0,0
TA206,20220218,20220218,112814000,11:28:14,5370,94323,405126,2519367330,0,0,0
TA206,20220218,20220218,112814500,11:28:14,5370,94323,405126,2519367330,0,0,0
TA206,20220218,20220218,112815000,11:28:15,5370,94323,405126,2519367330,0,0,0
TA206,20220218,20220218,112816000,11:28:16,5370,94323,405126,2519367330,0,0,0
TA206,20220218,20220218,112816500,11:28:16,5370,94323,405126,2519367330,0,0,0
TA206,20220218,20220218,112817000,11:28:17,5370,94323,405126,2519367330,0,0,0
TA206,20220218,20220218,112817500,11:28:17,5370,94323,405126,2519367330,0,0,0
TA206,20220218,20220218,112818000,11:28:18,5370,94323,405126,2519367330,0,0,0
TA206,20220218,20220218,112818500,11:28:18,5370,94323,405126,2519367330,0,0,0
TA206,20220218,20220218,112819500,11:28:20,5370,94323,405126,2519367330,0,0,0
TA206,20220218,20220218,112820000,11:28:20,5370,94323,405126,2519367330,0,0,0
TA206,20220218,20220218,112820500,11:28:20,5370,94323,405126,2519367330,0,0,0
TA206,20220218,20220218,112821000,11:28:21,5370,94323,405126,2519367330,0,0,0
TA206,20220218,20220218,112821500,11:28:22,5370,94323,405126,2519367330,0,0,0
TA206,20220218,20220218,112822000,11:28:22,5370,94323,405126,2519367330,0,0,0
TA206,20220218,20220218,112822500,11:28:22,5370,94323,405126,2519367330,0,0,0
TA206,20220218,20220218,112823000,11:28:23,5370,94323,405126,2519367330,0,0,0
TA206,20220218,20220218,112823500,11:28:23,5370,94323,405126,2519367330,0,0,0
TA206,20220218,20220218,112824000,11:28:24,5370,94323,405126,2519367330,0,0,0
TA206,20220218,20220218,112824500,11:28:24,5370,94323,405126,2519367330,0,0,0
TA206,20220218,20220218,112825000,11:28:25,5370,94323,405126,2519367330,0,0,0
TA206,20220218,20220218,112825500,11:28:25,5370,94323,405126,2519367330,0,0,0
TA206,20220218,20220218,112826000,11:28:26,5370,94323,405126,2519367330,0,0,0
TA206,20220218,20220218,112826500,11:28:27,5370,94323,405126,2519367330,0,0,0
TA206,20220218,20220218,112827000,11:28:27,5370,94323,405126,2519367330,0,0,0
TA206,20220218,20220218,112827500,11:28:27,5370,94326,405126,2519447460,3,0,80130
TA206,20220218,20220218,112828000,11:28:28,5370,94326,405126,2519447460,0,0,0
TA206,20220218,20220218,112828500,11:28:28,5370,94326,405126,2519447460,0,0,0
TA206,20220218,20220218,112829000,11:28:29,5370,94330,405126,2519554300,4,0,106840
TA206,20220218,20220218,112829500,11:28:29,5370,94333,405126,2519634430,3,0,80130
TA206,20220218,20220218,112830000,11:28:30,5370,94333,405126,2519634430,0,0,0
TA206,20220218,20220218,112830500,11:28:31,5370,94333,405126,2519634430,0,0,0
TA206,20220218,20220218,112831000,11:28:31,5370,94333,405126,2519634430,0,0,0
TA206,20220218,20220218,112831500,11:28:32,5370,94333,405126,2519634430,0,0,0
TA206,20220218,20220218,112832000,11:28:32,5370,94333,405126,2519634430,0,0,0
TA206,20220218,20220218,112832500,11:28:33,5370,94333,405126,2519634430,0,0,0
TA206,20220218,20220218,112833000,11:28:33,5370,94334,405125,2519661140,1,-1,26710
TA206,20220218,20220218,112833500,11:28:34,5370,94334,405125,2519661140,0,0,0
TA206,20220218,20220218,112834000,11:28:34,5370,94334,405125,2519661140,0,0,0
TA206,20220218,20220218,112834500,11:28:34,5370,94335,405125,2519687850,1,0,26710
TA206,20220218,20220218,112835000,11:28:35,5370,94335,405125,2519687850,0,0,0
TA206,20220218,20220218,112835500,11:28:37,5370,94340,405125,2519821400,5,0,133550
TA206,20220218,20220218,112836000,11:28:37,5370,94340,405125,2519821400,0,0,0
TA206,20220218,20220218,112836500,11:28:37,5370,94341,405125,2519848110,1,0,26710
TA206,20220218,20220218,112837000,11:28:37,5370,94341,405125,2519848110,0,0,0
TA206,20220218,20220218,112837500,11:28:38,5370,94341,405125,2519848110,0,0,0
TA206,20220218,20220218,112838000,11:28:38,5370,94341,405125,2519848110,0,0,0
TA206,20220218,20220218,112838500,11:28:38,5370,94341,405125,2519848110,0,0,0
TA206,20220218,20220218,112839000,11:28:40,5370,94341,405125,2519848110,0,0,0
TA206,20220218,20220218,112839500,11:28:40,5370,94341,405125,2519848110,0,0,0
TA206,20220218,20220218,112840000,11:28:40,5370,94341,405125,2519848110,0,0,0
TA206,20220218,20220218,112840500,11:28:40,5370,94341,405125,2519848110,0,0,0
TA206,20220218,20220218,112841500,11:28:42,5372,94457,405076,2522946470,116,-49,3098360
TA206,20220218,20220218,112842000,11:28:42,5372,94457,405076,2522946470,0,0,0
TA206,20220218,20220218,112842500,11:28:42,5374,94472,405076,2523347120,15,0,400650
TA206,20220218,20220218,112843000,11:28:43,5374,94472,405076,2523347120,0,0,0
TA206,20220218,20220218,112843500,11:28:44,5374,94472,405076,2523347120,0,0,0
TA206,20220218,20220218,112844000,11:28:44,5376,94509,405087,2524335390,37,11,988270
TA206,20220218,20220218,112844500,11:28:45,5376,94553,405107,2525510630,44,20,1175240
TA206,20220218,20220218,112845000,11:28:45,5376,94553,405107,2525510630,0,0,0
TA206,20220218,20220218,112845500,11:28:45,5376,94553,405107,2525510630,0,0,0
TA206,20220218,20220218,112846000,11:28:46,5376,94553,405107,2525510630,0,0,0
TA206,20220218,20220218,112846500,11:28:46,5376,94588,405127,2526445480,35,20,934850
TA206,20220218,20220218,112847000,11:28:47,5376,94588,405127,2526445480,0,0,0
TA206,20220218,20220218,112847500,11:28:48,5378,94592,405131,2526552320,4,4,106840
TA206,20220218,20220218,112848000,11:28:48,5378,94610,405131,2527033100,18,0,480780
TA206,20220218,20220218,112848500,11:28:48,5378,94612,405133,2527086520,2,2,53420
TA206,20220218,20220218,112849000,11:28:49,5378,94612,405133,2527086520,0,0,0
TA206,20220218,20220218,112849500,11:28:50,5378,94621,405139,2527326910,9,6,240390
TA206,20220218,20220218,112850000,11:28:50,5378,94621,405139,2527326910,0,0,0
TA206,20220218,20220218,112850500,11:28:51,5378,94623,405139,2527380330,2,0,53420
TA206,20220218,20220218,112851000,11:28:51,5378,94624,405139,2527407040,1,0,26710
TA206,20220218,20220218,112851500,11:28:51,5378,94624,405139,2527407040,0,0,0
TA206,20220218,20220218,112852000,11:28:53,5378,94624,405139,2527407040,0,0,0
TA206,20220218,20220218,112852500,11:28:54,5380,94675,405135,2528769250,51,-4,1362210
TA206,20220218,20220218,112853000,11:28:54,5382,94685,405131,2529036350,10,-4,267100
TA206,20220218,20220218,112853500,11:28:54,5382,94686,405131,2529063060,1,0,26710
TA206,20220218,20220218,112854000,11:28:54,5382,94690,405131,2529169900,4,0,106840
TA206,20220218,20220218,112854500,11:28:54,5382,94765,405131,2531173150,75,0,2003250
TA206,20220218,20220218,112855000,11:28:55,5382,94771,405131,2531333410,6,0,160260
TA206,20220218,20220218,112855500,11:28:56,5382,94771,405131,2531333410,0,0,0
TA206,20220218,20220218,112856000,11:28:56,5382,94771,405131,2531333410,0,0,0
TA206,20220218,20220218,112856500,11:28:56,5382,94775,405135,2531440250,4,4,106840
TA206,20220218,20220218,112857000,11:28:57,5382,94776,405136,2531466960,1,1,26710
TA206,20220218,20220218,112857500,11:28:58,5382,94776,405136,2531466960,0,0,0
TA206,20220218,20220218,112858000,11:28:58,5382,94776,405136,2531466960,0,0,0
TA206,20220218,20220218,112858500,11:28:59,5382,94776,405136,2531466960,0,0,0
TA206,20220218,20220218,112859000,11:28:59,5382,94777,405136,2531493670,1,0,26710
TA206,20220218,20220218,112859500,11:29:00,5382,94777,405136,2531493670,0,0,0
TA206,20220218,20220218,112900000,11:29:00,5382,94777,405136,2531493670,0,0,0
TA206,20220218,20220218,112900500,11:29:01,5382,94777,405136,2531493670,0,0,0
TA206,20220218,20220218,112901000,11:29:01,5378,94778,405136,2531520380,1,0,26710
TA206,20220218,20220218,112901500,11:29:02,5378,94778,405136,2531520380,0,0,0
TA206,20220218,20220218,112902000,11:29:02,5378,94778,405136,2531520380,0,0,0
TA206,20220218,20220218,112902500,11:29:03,5380,94779,405136,2531547090,1,0,26710
TA206,20220218,20220218,112903000,11:29:03,5380,94779,405136,2531547090,0,0,0
TA206,20220218,20220218,112903500,11:29:04,5380,94779,405136,2531547090,0,0,0
TA206,20220218,20220218,112904000,11:29:04,5380,94779,405136,2531547090,0,0,0
TA206,20220218,20220218,112904500,11:29:04,5380,94779,405136,2531547090,0,0,0
TA206,20220218,20220218,112905000,11:29:05,5380,94779,405136,2531547090,0,0,0
TA206,20220218,20220218,112905500,11:29:06,5380,94779,405136,2531547090,0,0,0
TA206,20220218,20220218,112906000,11:29:06,5380,94779,405136,2531547090,0,0,0
TA206,20220218,20220218,112906500,11:29:06,5380,94779,405136,2531547090,0,0,0
TA206,20220218,20220218,112907000,11:29:07,5380,94779,405136,2531547090,0,0,0
TA206,20220218,20220218,112907500,11:29:08,5380,94795,405152,2531974450,16,16,427360
TA206,20220218,20220218,112908000,11:29:08,5380,94795,405152,2531974450,0,0,0
TA206,20220218,20220218,112908500,11:29:08,5380,94795,405152,2531974450,0,0,0
TA206,20220218,20220218,112909000,11:29:09,5380,94795,405152,2531974450,0,0,0
TA206,20220218,20220218,112909500,11:29:09,5380,94795,405152,2531974450,0,0,0
TA206,20220218,20220218,112910000,11:29:10,5380,94799,405156,2532081290,4,4,106840
TA206,20220218,20220218,112910500,11:29:10,5380,94799,405156,2532081290,0,0,0
TA206,20220218,20220218,112911000,11:29:11,5380,94799,405156,2532081290,0,0,0
TA206,20220218,20220218,112911500,11:29:12,5380,94799,405156,2532081290,0,0,0
TA206,20220218,20220218,112912000,11:29:12,5378,94800,405156,2532108000,1,0,26710
TA206,20220218,20220218,112912500,11:29:12,5378,94800,405156,2532108000,0,0,0
TA206,20220218,20220218,112913000,11:29:13,5378,94800,405156,2532108000,0,0,0
TA206,20220218,20220218,112913500,11:29:14,5378,94800,405156,2532108000,0,0,0
TA206,20220218,20220218,112914000,11:29:14,5378,94800,405156,2532108000,0,0,0
TA206,20220218,20220218,112914500,11:29:15,5380,94804,405160,2532214840,4,4,106840
TA206,20220218,20220218,112915000,11:29:15,5380,94804,405160,2532214840,0,0,0
TA206,20220218,20220218,112915500,11:29:16,5380,94804,405160,2532214840,0,0,0
TA206,20220218,20220218,112916000,11:29:16,5380,94804,405160,2532214840,0,0,0
TA206,20220218,20220218,112916500,11:29:20,5380,94834,405150,2533016140,30,-10,801300
TA206,20220218,20220218,112917000,11:29:20,5380,94834,405150,2533016140,0,0,0
TA206,20220218,20220218,112917500,11:29:21,5380,94834,405150,2533016140,0,0,0
TA206,20220218,20220218,112918000,11:29:21,5380,94834,405150,2533016140,0,0,0
TA206,20220218,20220218,112920500,11:29:21,5380,94834,405150,2533016140,0,0,0
TA206,20220218,20220218,112921000,11:29:22,5380,94834,405150,2533016140,0,0,0
TA206,20220218,20220218,112921500,11:29:24,5380,94834,405150,2533016140,0,0,0
TA206,20220218,20220218,112922000,11:29:24,5382,94840,405156,2533176400,6,6,160260
TA206,20220218,20220218,112922500,11:29:24,5382,94844,405156,2533283240,4,0,106840
TA206,20220218,20220218,112923000,11:29:24,5382,94844,405156,2533283240,0,0,0
TA206,20220218,20220218,112924000,11:29:24,5382,94851,405154,2533470210,7,-2,186970
TA206,20220218,20220218,112924500,11:29:24,5382,94851,405154,2533470210,0,0,0
TA206,20220218,20220218,112925000,11:29:25,5382,94851,405154,2533470210,0,0,0
TA206,20220218,20220218,112925500,11:29:25,5382,94851,405154,2533470210,0,0,0
TA206,20220218,20220218,112926000,11:29:26,5382,94851,405154,2533470210,0,0,0
TA206,20220218,20220218,112926500,11:29:26,5382,94851,405154,2533470210,0,0,0
TA206,20220218,20220218,112927000,11:29:27,5382,94872,405133,2534031120,21,-21,560910
TA206,20220218,20220218,112927500,11:29:28,5382,94872,405133,2534031120,0,0,0
TA206,20220218,20220218,112928000,11:29:28,5382,94872,405133,2534031120,0,0,0
TA206,20220218,20220218,112928500,11:29:29,5382,94872,405133,2534031120,0,0,0
TA206,20220218,20220218,112929000,11:29:29,5382,94872,405133,2534031120,0,0,0
TA206,20220218,20220218,112929500,11:29:30,5382,94873,405133,2534057830,1,0,26710
TA206,20220218,20220218,112930000,11:29:30,5382,94873,405133,2534057830,0,0,0
TA206,20220218,20220218,112930500,11:29:31,5382,94874,405133,2534084540,1,0,26710
TA206,20220218,20220218,112931000,11:29:32,5382,94874,405133,2534084540,0,0,0
TA206,20220218,20220218,112931500,11:29:32,5384,94939,405157,2535820690,65,24,1736150
TA206,20220218,20220218,112932000,11:29:36,5384,94939,405157,2535820690,0,0,0
TA206,20220218,20220218,112932500,11:29:36,5384,94947,405164,2536034370,8,7,213680
TA206,20220218,20220218,112933000,11:29:37,5384,94947,405164,2536034370,0,0,0
TA206,20220218,20220218,112933500,11:29:38,5384,94947,405164,2536034370,0,0,0
TA206,20220218,20220218,112936500,11:29:38,5384,94947,405164,2536034370,0,0,0
TA206,20220218,20220218,112937500,11:29:38,5384,94947,405164,2536034370,0,0,0
TA206,20220218,20220218,112938000,11:29:38,5384,94947,405164,2536034370,0,0,0
TA206,20220218,20220218,112938500,11:29:39,5384,94947,405164,2536034370,0,0,0
TA206,20220218,20220218,112939000,11:29:39,5384,94947,405164,2536034370,0,0,0
TA206,20220218,20220218,112939500,11:29:40,5384,94947,405164,2536034370,0,0,0
TA206,20220218,20220218,112940000,11:29:40,5384,94947,405164,2536034370,0,0,0
TA206,20220218,20220218,112940500,11:29:40,5386,94963,405174,2536461730,16,10,427360
TA206,20220218,20220218,112941000,11:29:41,5386,94963,405174,2536461730,0,0,0
TA206,20220218,20220218,112941500,11:29:42,5384,94964,405175,2536488440,1,1,26710
TA206,20220218,20220218,112942000,11:29:43,5384,94964,405175,2536488440,0,0,0
TA206,20220218,20220218,112942500,11:29:44,5384,94964,405175,2536488440,0,0,0
TA206,20220218,20220218,112943000,11:29:45,5384,94964,405175,2536488440,0,0,0
TA206,20220218,20220218,112943500,11:29:45,5384,94964,405175,2536488440,0,0,0
TA206,20220218,20220218,112944000,11:29:45,5384,94964,405175,2536488440,0,0,0
TA206,20220218,20220218,112944500,11:29:45,5384,94964,405175,2536488440,0,0,0
TA206,20220218,20220218,112945000,11:29:46,5386,94973,405184,2536728830,9,9,240390
TA206,20220218,20220218,112945500,11:29:46,5386,94973,405184,2536728830,0,0,0
TA206,20220218,20220218,112946000,11:29:46,5386,94973,405184,2536728830,0,0,0
TA206,20220218,20220218,112947000,11:29:47,5386,94973,405184,2536728830,0,0,0
TA206,20220218,20220218,112947500,11:29:48,5386,94973,405184,2536728830,0,0,0
TA206,20220218,20220218,112948000,11:29:49,5386,94975,405184,2536782250,2,0,53420
TA206,20220218,20220218,112948500,11:29:49,5386,94975,405184,2536782250,0,0,0
TA206,20220218,20220218,112949000,11:29:50,5386,94975,405184,2536782250,0,0,0
TA206,20220218,20220218,112949500,11:29:50,5386,94975,405184,2536782250,0,0,0
TA206,20220218,20220218,112950000,11:29:51,5386,94975,405184,2536782250,0,0,0
TA206,20220218,20220218,112950500,11:29:51,5386,94975,405184,2536782250,0,0,0
TA206,20220218,20220218,112951500,11:29:52,5386,94975,405184,2536782250,0,0,0
TA206,20220218,20220218,112952000,11:29:52,5384,94990,405199,2537182900,15,15,400650
TA206,20220218,20220218,112952500,11:29:53,5384,94990,405199,2537182900,0,0,0
TA206,20220218,20220218,112953000,11:29:54,5384,94990,405199,2537182900,0,0,0
TA206,20220218,20220218,112953500,11:29:54,5384,94990,405199,2537182900,0,0,0
TA206,20220218,20220218,112954000,11:29:54,5386,95004,405199,2537556840,14,0,373940
TA206,20220218,20220218,112954500,11:29:54,5386,95004,405199,2537556840,0,0,0
TA206,20220218,20220218,112955000,11:29:55,5386,95004,405199,2537556840,0,0,0
TA206,20220218,20220218,112955500,11:29:56,5386,95004,405199,2537556840,0,0,0
TA206,20220218,20220218,112956000,11:30:00,5386,95004,405199,2537556840,0,0,0
TA206,20220218,20220218,112956500,11:30:00,5386,95004,405199,2537556840,0,0,0
TA206,20220218,20220218,112957000,11:30:00,5386,95004,405199,2537556840,0,0,0
TA206,20220218,20220218,112957500,11:30:02,5386,95004,405199,2537556840,0,0,0
TA206,20220218,20220218,112959500,11:30:02,5386,95004,405199,2537556840,0,0,0
TA206,20220218,20220218,113000000,11:30:03,5386,95004,405199,2537556840,0,0,0
TA206,20220218,20220218,113000500,11:30:03,5386,95004,405199,2537556840,0,0,0
TA206,20220218,20220218,133000500,13:30:00,5386,95004,405199,2537556840,0,0,0
TA206,20220218,20220218,133001000,13:30:01,5384,95005,405200,2537583550,1,1,26710
TA206,20220218,20220218,133001500,13:30:02,5384,95005,405200,2537583550,0,0,0
TA206,20220218,20220218,133002000,13:30:08,5384,95005,405200,2537583550,0,0,0
TA206,20220218,20220218,133002500,13:30:10,5384,95005,405200,2537583550,0,0,0
TA206,20220218,20220218,133008000,13:30:10,5378,95056,405225,2538945760,51,25,1362210
TA206,20220218,20220218,133009500,13:30:10,5372,95078,405236,2539533380,22,11,587620
TA206,20220218,20220218,133010000,13:30:11,5372,95078,405236,2539533380,0,0,0
TA206,20220218,20220218,133010500,13:30:12,5372,95078,405236,2539533380,0,0,0
TA206,20220218,20220218,133011000,13:30:13,5372,95078,405236,2539533380,0,0,0
TA206,20220218,20220218,133012500,13:30:13,5374,95086,405237,2539747060,8,1,213680
TA206,20220218,20220218,133013000,13:30:14,5374,95095,405237,2539987450,9,0,240390
TA206,20220218,20220218,133013500,13:30:14,5374,95095,405237,2539987450,0,0,0
TA206,20220218,20220218,133014000,13:30:16,5374,95095,405237,2539987450,0,0,0
TA206,20220218,20220218,133014500,13:30:16,5374,95095,405237,2539987450,0,0,0
TA206,20220218,20220218,133015000,13:30:17,5372,95104,405246,2540227840,9,9,240390
TA206,20220218,20220218,133016500,13:30:18,5372,95104,405246,2540227840,0,0,0
TA206,20220218,20220218,133017000,13:30:18,5368,95110,405252,2540388100,6,6,160260
TA206,20220218,20220218,133017500,13:30:18,5368,95116,405255,2540548360,6,3,160260
TA206,20220218,20220218,133018000,13:30:19,5370,95236,405255,2543753560,120,0,3205200
TA206,20220218,20220218,133018500,13:30:20,5368,95241,405255,2543887110,5,0,133550
TA206,20220218,20220218,133019000,13:30:20,5370,95245,405256,2543993950,4,1,106840
TA206,20220218,20220218,133019500,13:30:21,5370,95245,405256,2543993950,0,0,0
TA206,20220218,20220218,133020000,13:30:21,5370,95245,405256,2543993950,0,0,0
TA206,20220218,20220218,133020500,13:30:21,5372,95258,405245,2544341180,13,-11,347230
TA206,20220218,20220218,133021000,13:30:21,5372,95258,405245,2544341180,0,0,0
TA206,20220218,20220218,133021500,13:30:22,5372,95258,405245,2544341180,0,0,0
TA206,20220218,20220218,133022000,13:30:38,5372,95258,405245,2544341180,0,0,0
TA206,20220218,20220218,133022500,13:30:38,5370,95260,405245,2544394600,2,0,53420
TA206,20220218,20220218,133023000,13:30:40,5370,95260,405245,2544394600,0,0,0
TA206,20220218,20220218,133038000,13:30:40,5370,95260,405245,2544394600,0,0,0
TA206,20220218,20220218,133040500,13:30:42,5370,95260,405245,2544394600,0,0,0
TA206,20220218,20220218,133042500,13:30:44,5370,95260,405245,2544394600,0,0,0
TA206,20220218,20220218,133043000,13:30:44,5376,95323,405293,2546077330,63,48,1682730
TA206,20220218,20220218,133043500,13:30:45,5376,95323,405293,2546077330,0,0,0
TA206,20220218,20220218,133044000,13:30:46,5376,95323,405293,2546077330,0,0,0
TA206,20220218,20220218,133044500,13:30:46,5376,95326,405293,2546157460,3,0,80130
TA206,20220218,20220218,133045000,13:30:46,5376,95328,405293,2546210880,2,0,53420
TA206,20220218,20220218,133045500,13:30:47,5376,95328,405293,2546210880,0,0,0
TA206,20220218,20220218,133046000,13:30:47,5376,95328,405293,2546210880,0,0,0
TA206,20220218,20220218,133046500,13:30:47,5376,95328,405293,2546210880,0,0,0
TA206,20220218,20220218,133047000,13:30:48,5376,95328,405293,2546210880,0,0,0
TA206,20220218,20220218,133047500,13:30:48,5376,95329,405293,2546237590,1,0,26710
TA206,20220218,20220218,133048000,13:30:49,5378,95331,405294,2546291010,2,1,53420
TA206,20220218,20220218,133048500,13:30:49,5378,95333,405295,2546344430,2,1,53420
TA206,20220218,20220218,133049000,13:30:50,5378,95339,405294,2546504690,6,-1,160260
TA206,20220218,20220218,133049500,13:30:50,5380,95340,405293,2546531400,1,-1,26710
TA206,20220218,20220218,133050000,13:30:51,5378,95350,405295,2546798500,10,2,267100
TA206,20220218,20220218,133050500,13:30:51,5378,95356,405295,2546958760,6,0,160260
TA206,20220218,20220218,133051000,13:30:52,5378,95368,405295,2547279280,12,0,320520
TA206,20220218,20220218,133051500,13:30:52,5378,95369,405296,2547305990,1,1,26710
TA206,20220218,20220218,133052000,13:30:53,5378,95369,405296,2547305990,0,0,0
TA206,20220218,20220218,133052500,13:30:53,5378,95369,405296,2547305990,0,0,0
TA206,20220218,20220218,133053000,13:30:54,5378,95369,405296,2547305990,0,0,0
TA206,20220218,20220218,133053500,13:30:54,5380,95371,405298,2547359410,2,2,53420
TA206,20220218,20220218,133054000,13:30:55,5380,95373,405298,2547412830,2,0,53420
TA206,20220218,20220218,133054500,13:30:55,5382,95375,405300,2547466250,2,2,53420
TA206,20220218,20220218,133055000,13:30:56,5380,95376,405300,2547492960,1,0,26710
TA206,20220218,20220218,133055500,13:30:56,5380,95378,405300,2547546380,2,0,53420
TA206,20220218,20220218,133056000,13:30:57,5380,95378,405300,2547546380,0,0,0
TA206,20220218,20220218,133056500,13:30:57,5382,95380,405298,2547599800,2,-2,53420
TA206,20220218,20220218,133057000,13:30:58,5382,95380,405298,2547599800,0,0,0
TA206,20220218,20220218,133057500,13:30:58,5382,95380,405298,2547599800,0,0,0
TA206,20220218,20220218,133058000,13:30:58,5382,95380,405298,2547599800,0,0,0
TA206,20220218,20220218,133058500,13:30:59,5382,95380,405298,2547599800,0,0,0
TA206,20220218,20220218,133059500,13:30:59,5380,95381,405298,2547626510,1,0,26710
TA206,20220218,20220218,133100000,13:31:00,5380,95381,405298,2547626510,0,0,0
TA206,20220218,20220218,133100500,13:31:01,5380,95382,405299,2547653220,1,1,26710
TA206,20220218,20220218,133101000,13:31:01,5382,95407,405277,2548320970,25,-22,667750
TA206,20220218,20220218,133101500,13:31:01,5382,95407,405277,2548320970,0,0,0
TA206,20220218,20220218,133102000,13:31:02,5382,95407,405277,2548320970,0,0,0
TA206,20220218,20220218,133102500,13:31:02,5382,95407,405277,2548320970,0,0,0
TA206,20220218,20220218,133103000,13:31:03,5382,95407,405277,2548320970,0,0,0
TA206,20220218,20220218,133103500,13:31:05,5382,95407,405277,2548320970,0,0,0
TA206,20220218,20220218,133104000,13:31:06,5382,95407,405277,2548320970,0,0,0
TA206,20220218,20220218,133104500,13:31:07,5384,95408,405278,2548347680,1,1,26710
TA206,20220218,20220218,133105500,13:31:07,5384,95411,405281,2548427810,3,3,80130
TA206,20220218,20220218,133106000,13:31:08,5384,95411,405281,2548427810,0,0,0
TA206,20220218,20220218,133107000,13:31:08,5384,95411,405281,2548427810,0,0,0
TA206,20220218,20220218,133107500,13:31:09,5384,95411,405281,2548427810,0,0,0
TA206,20220218,20220218,133108500,13:31:09,5384,95411,405281,2548427810,0,0,0
TA206,20220218,20220218,133109000,13:31:09,5384,95420,405290,2548668200,9,9,240390
TA206,20220218,20220218,133109500,13:31:10,5384,95420,405290,2548668200,0,0,0
TA206,20220218,20220218,133110000,13:31:11,5384,95420,405290,2548668200,0,0,0
TA206,20220218,20220218,133110500,13:31:11,5384,95420,405290,2548668200,0,0,0
TA206,20220218,20220218,133111000,13:31:11,5384,95420,405290,2548668200,0,0,0
TA206,20220218,20220218,133111500,13:31:12,5384,95420,405290,2548668200,0,0,0
TA206,20220218,20220218,133112000,13:31:13,5384,95420,405290,2548668200,0,0,0
TA206,20220218,20220218,133112500,13:31:13,5384,95420,405290,2548668200,0,0,0
TA206,20220218,20220218,133113000,13:31:14,5384,95420,405290,2548668200,0,0,0
TA206,20220218,20220218,133114000,13:31:15,5384,95420,405290,2548668200,0,0,0
TA206,20220218,20220218,133114500,13:31:15,5384,95421,405290,2548694910,1,0,26710
TA206,20220218,20220218,133115000,13:31:15,5384,95430,405297,2548935300,9,7,240390
TA206,20220218,20220218,133115500,13:31:16,5384,95430,405297,2548935300,0,0,0
TA206,20220218,20220218,133116000,13:31:16,5386,95511,405352,2551098810,81,55,2163510
TA206,20220218,20220218,133116500,13:31:17,5386,95511,405352,2551098810,0,0,0
TA206,20220218,20220218,133117000,13:31:18,5386,95511,405352,2551098810,0,0,0
TA206,20220218,20220218,133117500,13:31:18,5386,95511,405352,2551098810,0,0,0
TA206,20220218,20220218,133118000,13:31:19,5386,95512,405352,2551125520,1,0,26710
TA206,20220218,20220218,133118500,13:31:19,5388,95518,405352,2551285780,6,0,160260
TA206,20220218,20220218,133120000,13:31:20,5388,95518,405352,2551285780,0,0,0
TA206,20220218,20220218,133121000,13:31:21,5388,95518,405352,2551285780,0,0,0
TA206,20220218,20220218,133121500,13:31:22,5386,95520,405350,2551339200,2,-2,53420
TA206,20220218,20220218,133122000,13:31:23,5388,95524,405350,2551446040,4,0,106840
TA206,20220218,20220218,133122500,13:31:25,5388,95527,405350,2551526170,3,0,80130
TA206,20220218,20220218,133123000,13:31:25,5388,95530,405348,2551606300,3,-2,80130
TA206,20220218,20220218,133123500,13:31:25,5388,95530,405348,2551606300,0,0,0
TA206,20220218,20220218,133124500,13:31:25,5388,95530,405348,2551606300,0,0,0
TA206,20220218,20220218,133156000,13:31:56,5388,95530,405348,2551606300,0,0,0
TA206,20220218,20220218,133158500,13:31:58,5388,95530,405348,2551606300,0,0,0
TA206,20220218,20220218,133159000,13:31:59,5388,95530,405348,2551606300,0,0,0
TA206,20220218,20220218,133159500,13:32:00,5388,95530,405348,2551606300,0,0,0
TA206,20220218,20220218,133200000,13:32:01,5390,95739,405352,2557188690,209,4,5582390
TA206,20220218,20220218,133200500,13:32:01,5390,95739,405352,2557188690,0,0,0
TA206,20220218,20220218,133201000,13:32:01,5390,95739,405352,2557188690,0,0,0
TA206,20220218,20220218,133201500,13:32:01,5390,95751,405350,2557509210,12,-2,320520
TA206,20220218,20220218,133202000,13:32:03,5390,95751,405350,2557509210,0,0,0
TA206,20220218,20220218,133202500,13:32:04,5390,95752,405350,2557535920,1,0,26710
TA206,20220218,20220218,133203000,13:32:05,5390,95753,405350,2557562630,1,0,26710
TA206,20220218,20220218,133203500,13:32:05,5390,95753,405350,2557562630,0,0,0
TA206,20220218,20220218,133204000,13:32:05,5390,95753,405350,2557562630,0,0,0
TA206,20220218,20220218,133205000,13:32:05,5390,95760,405351,2557749600,7,1,186970
TA206,20220218,20220218,133205500,13:32:06,5390,95762,405351,2557803020,2,0,53420
TA206,20220218,20220218,133206000,13:32:07,5392,95891,405299,2561248610,129,-52,3445590
TA206,20220218,20220218,133206500,13:32:07,5392,95891,405299,2561248610,0,0,0
TA206,20220218,20220218,133207000,13:32:07,5392,95891,405299,2561248610,0,0,0
TA206,20220218,20220218,133207500,13:32:07,5392,95891,405299,2561248610,0,0,0
TA206,20220218,20220218,133208000,13:32:09,5392,95891,405299,2561248610,0,0,0
TA206,20220218,20220218,133208500,13:32:10,5392,95891,405299,2561248610,0,0,0
TA206,20220218,20220218,133209000,13:32:10,5392,95923,405297,2562103330,32,-2,854720
TA206,20220218,20220218,133209500,13:32:10,5392,95924,405296,2562130040,1,-1,26710
TA206,20220218,20220218,133210000,13:32:11,5392,95924,405296,2562130040,0,0,0
TA206,20220218,20220218,133210500,13:32:14,5392,95924,405296,2562130040,0,0,0
TA206,20220218,20220218,133211000,13:32:14,5392,95924,405296,2562130040,0,0,0
TA206,20220218,20220218,133213000,13:32:15,5394,95940,405312,2562557400,16,16,427360
TA206,20220218,20220218,133214000,13:32:15,5394,95943,405312,2562637530,3,0,80130
TA206,20220218,20220218,133214500,13:32:16,5394,95943,405312,2562637530,0,0,0
TA206,20220218,20220218,133215000,13:32:16,5394,95944,405312,2562664240,1,0,26710
TA206,20220218,20220218,133215500,13:32:16,5394,95944,405312,2562664240,0,0,0
TA206,20220218,20220218,133216500,13:32:17,5394,95944,405312,2562664240,0,0,0
TA206,20220218,20220218,133217000,13:32:18,5394,95944,405312,2562664240,0,0,0
TA206,20220218,20220218,133217500,13:32:18,5394,95944,405312,2562664240,0,0,0
TA206,20220218,20220218,133218000,13:32:18,5394,95944,405312,2562664240,0,0,0
TA206,20220218,20220218,133218500,13:32:19,5394,95944,405312,2562664240,0,0,0
TA206,20220218,20220218,133219000,13:32:20,5396,95963,405327,2563171730,19,15,507490
TA206,20220218,20220218,133219500,13:32:20,5396,95963,405327,2563171730,0,0,0
TA206,20220218,20220218,133220000,13:32:20,5396,95963,405327,2563171730,0,0,0
TA206,20220218,20220218,133220500,13:32:21,5396,95963,405327,2563171730,0,0,0
TA206,20220218,20220218,133221500,13:32:22,5398,95995,405327,2564026450,32,0,854720
TA206,20220218,20220218,133222000,13:32:22,5398,96084,405271,2566403640,89,-56,2377190
TA206,20220218,20220218,133222500,13:32:24,5398,96118,405257,2567311780,34,-14,908140
TA206,20220218,20220218,133223000,13:32:24,5398,96118,405257,2567311780,0,0,0
TA206,20220218,20220218,133223500,13:32:24,5398,96118,405257,2567311780,0,0,0
TA206,20220218,20220218,133224000,13:32:24,5398,96118,405257,2567311780,0,0,0
TA206,20220218,20220218,133224500,13:32:25,5398,96118,405257,2567311780,0,0,0
TA206,20220218,20220218,133225000,13:32:25,5398,96118,405257,2567311780,0,0,0
TA206,20220218,20220218,133225500,13:32:26,5398,96118,405257,2567311780,0,0,0
TA206,20220218,20220218,133226000,13:32:27,5398,96118,405257,2567311780,0,0,0
TA206,20220218,20220218,133226500,13:32:27,5398,96118,405257,2567311780,0,0,0
TA206,20220218,20220218,133227000,13:32:27,5398,96118,405257,2567311780,0,0,0
TA206,20220218,20220218,133227500,13:32:32,5398,96118,405257,2567311780,0,0,0
TA206,20220218,20220218,133228000,13:32:32,5398,96128,405266,2567578880,10,9,267100
TA206,20220218,20220218,133228500,13:32:32,5398,96152,405256,2568219920,24,-10,641040
TA206,20220218,20220218,133229000,13:32:33,5398,96158,405262,2568380180,6,6,160260
TA206,20220218,20220218,133232000,13:32:34,5398,96158,405262,2568380180,0,0,0
TA206,20220218,20220218,133232500,13:32:35,5398,96158,405262,2568380180,0,0,0
TA206,20220218,20220218,133234500,13:32:35,5398,96158,405262,2568380180,0,0,0
TA206,20220218,20220218,133235000,13:32:36,5402,96283,405235,2571718930,125,-27,3338750
TA206,20220218,20220218,133235500,13:32:36,5402,96325,405265,2572840750,42,30,1121820
TA206,20220218,20220218,133236000,13:32:37,5402,96496,405348,2577408160,171,83,4567410
TA206,20220218,20220218,133236500,13:32:37,5402,96496,405348,2577408160,0,0,0
TA206,20220218,20220218,133237000,13:32:37,5404,96528,405370,2578262880,32,22,854720
TA206,20220218,20220218,133237500,13:32:38,5404,96546,405370,2578743660,18,0,480780
TA206,20220218,20220218,133238000,13:32:38,5402,96563,405387,2579197730,17,17,454070
TA206,20220218,20220218,133238500,13:32:39,5402,96610,405400,2580453100,47,13,1255370
TA206,20220218,20220218,133239000,13:32:39,5402,96873,405607,2588446560,263,207,7993460
TA206,20220218,20220218,133239500,13:32:40,5402,96876,405610,2588526720,3,3,80160
TA206,20220218,20220218,133240000,13:32:40,5402,96879,405610,2588606880,3,0,80160
TA206,20220218,20220218,133240500,13:32:41,5402,96879,405610,2588606880,0,0,0
TA206,20220218,20220218,133241000,13:32:41,5402,96879,405610,2588606880,0,0,0
TA206,20220218,20220218,133241500,13:32:42,5400,96881,405611,2588660320,2,1,53440
TA206,20220218,20220218,133242000,13:32:42,5400,96881,405611,2588660320,0,0,0
TA206,20220218,20220218,133242500,13:32:42,5402,97010,405627,2592107200,129,16,3446880
TA206,20220218,20220218,133243000,13:32:43,5400,97016,405630,2592267520,6,3,160320
TA206,20220218,20220218,133243500,13:32:44,5402,97107,405685,2594699040,91,55,2431520
TA206,20220218,20220218,133244000,13:32:44,5400,97157,405717,2596035040,50,32,1336000
TA206,20220218,20220218,133244500,13:32:45,5400,97235,405677,2598119200,78,-40,2084160
TA206,20220218,20220218,133245000,13:32:45,5398,97408,405757,2602741760,173,80,4622560
TA206,20220218,20220218,133245500,13:32:45,5398,97408,405757,2602741760,0,0,0
TA206,20220218,20220218,133246000,13:32:47,5398,97419,405763,2603035680,11,6,293920
TA206,20220218,20220218,133246500,13:32:47,5398,97421,405765,2603089120,2,2,53440
TA206,20220218,20220218,133247000,13:32:47,5398,97422,405766,2603115840,1,1,26720
TA206,20220218,20220218,133247500,13:32:48,5396,97428,405760,2603276160,6,-6,160320
TA206,20220218,20220218,133248000,13:32:48,5396,97428,405760,2603276160,0,0,0
TA206,20220218,20220218,133248500,13:32:49,5396,97428,405760,2603276160,0,0,0
TA206,20220218,20220218,133249000,13:32:49,5396,97428,405760,2603276160,0,0,0
TA206,20220218,20220218,133249500,13:32:50,5396,97428,405760,2603276160,0,0,0
TA206,20220218,20220218,133250000,13:32:52,5396,97433,405757,2603409760,5,-3,133600
TA206,20220218,20220218,133250500,13:32:52,5396,97435,405755,2603463200,2,-2,53440
TA206,20220218,20220218,133251000,13:32:52,5396,97436,405756,2603489920,1,1,26720
TA206,20220218,20220218,133251500,13:32:53,5396,97437,405757,2603516640,1,1,26720
TA206,20220218,20220218,133252500,13:32:53,5396,97437,405757,2603516640,0,0,0
TA206,20220218,20220218,133253000,13:32:53,5396,97437,405757,2603516640,0,0,0
TA206,20220218,20220218,133253500,13:32:54,5396,97437,405757,2603516640,0,0,0
TA206,20220218,20220218,133254000,13:32:54,5396,97437,405757,2603516640,0,0,0
TA206,20220218,20220218,133254500,13:32:55,5398,97449,405769,2603837280,12,12,320640
TA206,20220218,20220218,133255000,13:32:55,5398,97449,405769,2603837280,0,0,0
TA206,20220218,20220218,133255500,13:32:56,5398,97451,405771,2603890720,2,2,53440
TA206,20220218,20220218,133256000,13:32:56,5398,97452,405772,2603917440,1,1,26720
TA206,20220218,20220218,133256500,13:32:58,5398,97463,405783,2604211360,11,11,293920
TA206,20220218,20220218,133257500,13:33:00,5398,97464,405784,2604238080,1,1,26720
TA206,20220218,20220218,133258000,13:33:00,5398,97467,405787,2604318240,3,3,80160
TA206,20220218,20220218,133259500,13:33:01,5398,97467,405787,2604318240,0,0,0
TA206,20220218,20220218,133300000,13:33:01,5398,97479,405797,2604638880,12,10,320640
TA206,20220218,20220218,133300500,13:33:02,5398,97479,405797,2604638880,0,0,0
TA206,20220218,20220218,133301000,13:33:02,5398,97479,405797,2604638880,0,0,0
TA206,20220218,20220218,133301500,13:33:02,5398,97479,405797,2604638880,0,0,0
TA206,20220218,20220218,133302000,13:33:03,5400,97486,405804,2604825920,7,7,187040
TA206,20220218,20220218,133302500,13:33:03,5400,97501,405819,2605226720,15,15,400800
TA206,20220218,20220218,133303000,13:33:04,5400,97501,405819,2605226720,0,0,0
TA206,20220218,20220218,133303500,13:33:04,5400,97501,405819,2605226720,0,0,0
TA206,20220218,20220218,133304000,13:33:04,5400,97501,405819,2605226720,0,0,0
TA206,20220218,20220218,133304500,13:33:05,5396,97581,405849,2607364320,80,30,2137600
TA206,20220218,20220218,133305000,13:33:05,5396,97597,405849,2607791840,16,0,427520
TA206,20220218,20220218,133305500,13:33:05,5396,97597,405849,2607791840,0,0,0
TA206,20220218,20220218,133306000,13:33:06,5394,97599,405851,2607845280,2,2,53440
TA206,20220218,20220218,133306500,13:33:06,5394,97599,405851,2607845280,0,0,0
TA206,20220218,20220218,133307000,13:33:07,5394,97606,405851,2608032320,7,0,187040
TA206,20220218,20220218,133307500,13:33:08,5394,97610,405849,2608139200,4,-2,106880
TA206,20220218,20220218,133308000,13:33:08,5394,97610,405849,2608139200,0,0,0
TA206,20220218,20220218,133308500,13:33:09,5394,97610,405849,2608139200,0,0,0
TA206,20220218,20220218,133309000,13:33:10,5394,97624,405849,2608513280,14,0,374080
TA206,20220218,20220218,133309500,13:33:11,5394,97624,405849,2608513280,0,0,0
TA206,20220218,20220218,133310000,13:33:11,5394,97624,405849,2608513280,0,0,0
TA206,20220218,20220218,133311000,13:33:13,5390,97667,405860,2609662240,43,11,1148960
TA206,20220218,20220218,133311500,13:33:14,5390,97667,405860,2609662240,0,0,0
TA206,20220218,20220218,133312000,13:33:14,5392,97669,405858,2609715680,2,-2,53440
TA206,20220218,20220218,133313500,13:33:14,5390,97693,405863,2610356960,24,5,641280
TA206,20220218,20220218,133314000,13:33:17,5390,97693,405863,2610356960,0,0,0
TA206,20220218,20220218,133314500,13:33:17,5390,97693,405863,2610356960,0,0,0
TA206,20220218,20220218,133315000,13:33:18,5390,97693,405863,2610356960,0,0,0
TA206,20220218,20220218,133315500,13:33:18,5390,97693,405863,2610356960,0,0,0
TA206,20220218,20220218,133317000,13:33:18,5390,97709,405867,2610784480,16,4,427520
TA206,20220218,20220218,133318000,13:33:19,5390,97709,405867,2610784480,0,0,0
TA206,20220218,20220218,133318500,13:33:19,5394,97710,405868,2610811200,1,1,26720
TA206,20220218,20220218,133319000,13:33:20,5394,97710,405868,2610811200,0,0,0
TA206,20220218,20220218,133319500,13:33:21,5394,97710,405868,2610811200,0,0,0
TA206,20220218,20220218,133320000,13:33:21,5394,97710,405868,2610811200,0,0,0
TA206,20220218,20220218,133320500,13:33:21,5394,97714,405872,2610918080,4,4,106880
TA206,20220218,20220218,133321000,13:33:22,5394,97714,405872,2610918080,0,0,0
TA206,20220218,20220218,133321500,13:33:22,5394,97714,405872,2610918080,0,0,0
TA206,20220218,20220218,133322000,13:33:22,5394,97714,405872,2610918080,0,0,0
TA206,20220218,20220218,133322500,13:33:22,5394,97714,405872,2610918080,0,0,0
TA206,20220218,20220218,133323000,13:33:23,5392,97794,405922,2613055680,80,50,2137600
TA206,20220218,20220218,133323500,13:33:24,5392,97794,405922,2613055680,0,0,0
TA206,20220218,20220218,133324000,13:33:24,5392,97795,405923,2613082400,1,1,26720
TA206,20220218,20220218,133324500,13:33:25,5392,97805,405933,2613349600,10,10,267200
TA206,20220218,20220218,133325000,13:33:26,5392,97815,405943,2613616800,10,10,267200
TA206,20220218,20220218,133325500,13:33:27,5392,97816,405944,2613643520,1,1,26720
TA206,20220218,20220218,133326000,13:33:28,5392,97816,405944,2613643520,0,0,0
TA206,20220218,20220218,133326500,13:33:29,5392,97816,405944,2613643520,0,0,0
TA206,20220218,20220218,133327000,13:33:29,5392,97820,405948,2613750400,4,4,106880
TA206,20220218,20220218,133328500,13:33:30,5392,97820,405948,2613750400,0,0,0
TA206,20220218,20220218,133329500,13:33:30,5392,97820,405948,2613750400,0,0,0
TA206,20220218,20220218,133330000,13:33:30,5390,97874,405936,2615193280,54,-12,1442880
TA206,20220218,20220218,133330500,13:33:32,5390,97874,405936,2615193280,0,0,0
TA206,20220218,20220218,133331000,13:33:32,5388,97894,405956,2615727680,20,20,534400
TA206,20220218,20220218,133331500,13:33:32,5388,97894,405956,2615727680,0,0,0
TA206,20220218,20220218,133332000,13:33:32,5388,97894,405956,2615727680,0,0,0
TA206,20220218,20220218,133332500,13:33:33,5388,97894,405956,2615727680,0,0,0
TA206,20220218,20220218,133333000,13:33:33,5388,97894,405956,2615727680,0,0,0
TA206,20220218,20220218,133333500,13:33:34,5388,97894,405956,2615727680,0,0,0
TA206,20220218,20220218,133334000,13:33:34,5388,97894,405956,2615727680,0,0,0
TA206,20220218,20220218,133334500,13:33:35,5388,97894,405956,2615727680,0,0,0
TA206,20220218,20220218,133335000,13:33:35,5388,97894,405956,2615727680,0,0,0
TA206,20220218,20220218,133335500,13:33:35,5390,97925,405949,2616556000,31,-7,828320
TA206,20220218,20220218,133336000,13:33:36,5390,97931,405949,2616716320,6,0,160320
TA206,20220218,20220218,133336500,13:33:36,5390,97931,405949,2616716320,0,0,0
TA206,20220218,20220218,133337000,13:33:37,5390,97931,405949,2616716320,0,0,0
TA206,20220218,20220218,133337500,13:33:37,5390,97931,405949,2616716320,0,0,0
TA206,20220218,20220218,133338000,13:33:38,5390,97931,405949,2616716320,0,0,0
TA206,20220218,20220218,133338500,13:33:39,5390,97931,405949,2616716320,0,0,0
TA206,20220218,20220218,133339000,13:33:39,5392,97943,405949,2617036960,12,0,320640
TA206,20220218,20220218,133339500,13:33:40,5392,97954,405949,2617330880,11,0,293920
TA206,20220218,20220218,133340000,13:33:40,5392,97954,405949,2617330880,0,0,0
TA206,20220218,20220218,133340500,13:33:41,5392,97954,405949,2617330880,0,0,0
TA206,20220218,20220218,133341000,13:33:41,5392,97954,405949,2617330880,0,0,0
TA206,20220218,20220218,133341500,13:33:42,5392,97954,405949,2617330880,0,0,0
TA206,20220218,20220218,133342000,13:33:42,5392,97954,405949,2617330880,0,0,0
TA206,20220218,20220218,133342500,13:33:42,5392,97954,405949,2617330880,0,0,0
TA206,20220218,20220218,133343000,13:33:43,5392,97954,405949,2617330880,0,0,0
TA206,20220218,20220218,133343500,13:33:44,5392,97954,405949,2617330880,0,0,0
TA206,20220218,20220218,133344000,13:33:45,5392,97956,405949,2617384320,2,0,53440
TA206,20220218,20220218,133344500,13:33:45,5392,97956,405949,2617384320,0,0,0
TA206,20220218,20220218,133345000,13:33:45,5392,97957,405949,2617411040,1,0,26720
TA206,20220218,20220218,133345500,13:33:47,5392,97957,405949,2617411040,0,0,0
TA206,20220218,20220218,133346000,13:33:48,5392,97958,405949,2617437760,1,0,26720
TA206,20220218,20220218,133346500,13:33:48,5392,97958,405949,2617437760,0,0,0
TA206,20220218,20220218,133347000,13:33:49,5392,97958,405949,2617437760,0,0,0
TA206,20220218,20220218,133347500,13:33:49,5392,97958,405949,2617437760,0,0,0
TA206,20220218,20220218,133348000,13:33:49,5392,98016,405949,2618987520,58,0,1549760
TA206,20220218,20220218,133348500,13:33:49,5392,98016,405949,2618987520,0,0,0
TA206,20220218,20220218,133349000,13:33:50,5392,98016,405949,2618987520,0,0,0
TA206,20220218,20220218,133349500,13:33:50,5392,98016,405949,2618987520,0,0,0
TA206,20220218,20220218,133350000,13:33:50,5392,98018,405949,2619040960,2,0,53440
TA206,20220218,20220218,133350500,13:33:50,5392,98019,405949,2619067680,1,0,26720
TA206,20220218,20220218,133351000,13:33:51,5392,98021,405949,2619121120,2,0,53440
TA206,20220218,20220218,133351500,13:33:52,5392,98032,405938,2619415040,11,-11,293920
TA206,20220218,20220218,133352000,13:33:52,5392,98032,405938,2619415040,0,0,0
TA206,20220218,20220218,133352500,13:33:52,5392,98032,405938,2619415040,0,0,0
TA206,20220218,20220218,133353000,13:33:53,5392,98033,405938,2619441760,1,0,26720
TA206,20220218,20220218,133353500,13:33:53,5392,98033,405938,2619441760,0,0,0
TA206,20220218,20220218,133354000,13:33:54,5392,98033,405938,2619441760,0,0,0
TA206,20220218,20220218,133354500,13:33:55,5392,98033,405938,2619441760,0,0,0
TA206,20220218,20220218,133355000,13:33:56,5392,98033,405938,2619441760,0,0,0
TA206,20220218,20220218,133355500,13:33:56,5390,98034,405938,2619468480,1,0,26720
TA206,20220218,20220218,133356000,13:33:56,5390,98038,405938,2619575360,4,0,106880
TA206,20220218,20220218,133356500,13:33:57,5390,98041,405938,2619655520,3,0,80160
TA206,20220218,20220218,133357000,13:33:58,5390,98044,405938,2619735680,3,0,80160
TA206,20220218,20220218,133357500,13:33:58,5390,98044,405938,2619735680,0,0,0
TA206,20220218,20220218,133358000,13:33:58,5390,98044,405938,2619735680,0,0,0
TA206,20220218,20220218,133358500,13:33:59,5390,98044,405938,2619735680,0,0,0
TA206,20220218,20220218,133359000,13:33:59,5392,98047,405937,2619815840,3,-1,80160
TA206,20220218,20220218,133359500,13:34:00,5392,98047,405937,2619815840,0,0,0
TA206,20220218,20220218,133400000,13:34:00,5392,98047,405937,2619815840,0,0,0
TA206,20220218,20220218,133400500,13:34:01,5392,98047,405937,2619815840,0,0,0
TA206,20220218,20220218,133401000,13:34:01,5394,98098,405906,2621178560,51,-31,1362720
TA206,20220218,20220218,133401500,13:34:02,5394,98108,405916,2621445760,10,10,267200
TA206,20220218,20220218,133402000,13:34:10,5394,98108,405916,2621445760,0,0,0
TA206,20220218,20220218,133402500,13:34:10,5394,98108,405916,2621445760,0,0,0
TA206,20220218,20220218,133403000,13:34:10,5394,98112,405916,2621552640,4,0,106880
TA206,20220218,20220218,133410000,13:34:11,5394,98112,405916,2621552640,0,0,0
TA206,20220218,20220218,133410500,13:34:12,5394,98112,405916,2621552640,0,0,0
TA206,20220218,20220218,133411000,13:34:12,5394,98112,405916,2621552640,0,0,0
TA206,20220218,20220218,133411500,13:34:12,5394,98128,405926,2621980160,16,10,427520
TA206,20220218,20220218,133412000,13:34:12,5394,98128,405926,2621980160,0,0,0
TA206,20220218,20220218,133412500,13:34:13,5394,98128,405926,2621980160,0,0,0
TA206,20220218,20220218,133413000,13:34:13,5394,98128,405926,2621980160,0,0,0
TA206,20220218,20220218,133413500,13:34:14,5394,98128,405926,2621980160,0,0,0
TA206,20220218,20220218,133414000,13:34:14,5394,98128,405926,2621980160,0,0,0
TA206,20220218,20220218,133414500,13:34:15,5394,98128,405926,2621980160,0,0,0
TA206,20220218,20220218,133415000,13:34:15,5396,98212,405986,2624224640,84,60,2244480
TA206,20220218,20220218,133415500,13:34:16,5398,98251,405948,2625266720,39,-38,1042080
TA206,20220218,20220218,133416000,13:34:16,5398,98253,405947,2625320160,2,-1,53440
TA206,20220218,20220218,133416500,13:34:17,5398,98258,405945,2625453760,5,-2,133600
TA206,20220218,20220218,133417000,13:34:17,5398,98258,405945,2625453760,0,0,0
TA206,20220218,20220218,133417500,13:34:17,5398,98258,405945,2625453760,0,0,0
TA206,20220218,20220218,133418000,13:34:18,5398,98258,405945,2625453760,0,0,0
TA206,20220218,20220218,133418500,13:34:19,5398,98258,405945,2625453760,0,0,0
TA206,20220218,20220218,133419000,13:34:19,5398,98258,405945,2625453760,0,0,0
TA206,20220218,20220218,133419500,13:34:20,5398,98258,405945,2625453760,0,0,0
TA206,20220218,20220218,133420000,13:34:20,5398,98258,405945,2625453760,0,0,0
TA206,20220218,20220218,133420500,13:34:21,5398,98258,405945,2625453760,0,0,0
TA206,20220218,20220218,133421000,13:34:23,5398,98258,405945,2625453760,0,0,0
TA206,20220218,20220218,133421500,13:34:24,5398,98258,405945,2625453760,0,0,0
TA206,20220218,20220218,133422500,13:34:24,5398,98258,405945,2625453760,0,0,0
TA206,20220218,20220218,133423500,13:34:24,5398,98258,405945,2625453760,0,0,0
TA206,20220218,20220218,133424000,13:34:24,5398,98258,405945,2625453760,0,0,0
TA206,20220218,20220218,133424500,13:34:24,5396,98320,405972,2627110400,62,27,1656640
TA206,20220218,20220218,133425000,13:34:25,5396,98320,405972,2627110400,0,0,0
TA206,20220218,20220218,133425500,13:34:26,5396,98320,405972,2627110400,0,0,0
TA206,20220218,20220218,133426000,13:34:26,5396,98320,405972,2627110400,0,0,0
TA206,20220218,20220218,133426500,13:34:26,5396,98320,405972,2627110400,0,0,0
TA206,20220218,20220218,133427000,13:34:27,5396,98320,405972,2627110400,0,0,0
TA206,20220218,20220218,133428000,13:34:28,5396,98324,405972,2627217280,4,0,106880
TA206,20220218,20220218,133428500,13:34:29,5396,98334,405976,2627484480,10,4,267200
TA206,20220218,20220218,133429000,13:34:29,5396,98334,405976,2627484480,0,0,0
TA206,20220218,20220218,133429500,13:34:29,5396,98343,405985,2627724960,9,9,240480
TA206,20220218,20220218,133430000,13:34:30,5396,98348,405985,2627858560,5,0,133600
TA206,20220218,20220218,133430500,13:34:30,5396,98354,405984,2628018880,6,-1,160320
TA206,20220218,20220218,133431000,13:34:31,5396,98354,405984,2628018880,0,0,0
TA206,20220218,20220218,133431500,13:34:31,5396,98354,405984,2628018880,0,0,0
TA206,20220218,20220218,133432000,13:34:32,5396,98354,405984,2628018880,0,0,0
TA206,20220218,20220218,133432500,13:34:32,5396,98354,405984,2628018880,0,0,0
TA206,20220218,20220218,133433000,13:34:33,5396,98354,405984,2628018880,0,0,0
TA206,20220218,20220218,133433500,13:34:34,5396,98354,405984,2628018880,0,0,0
TA206,20220218,20220218,133434500,13:34:35,5396,98354,405984,2628018880,0,0,0
TA206,20220218,20220218,133435000,13:34:35,5396,98354,405984,2628018880,0,0,0
TA206,20220218,20220218,133436000,13:34:36,5396,98354,405984,2628018880,0,0,0
TA206,20220218,20220218,133436500,13:34:36,5396,98354,405984,2628018880,0,0,0
TA206,20220218,20220218,133437000,13:34:37,5394,98364,405994,2628286080,10,10,267200
TA206,20220218,20220218,133437500,13:34:38,5394,98364,405994,2628286080,0,0,0
TA206,20220218,20220218,133438000,13:34:38,5394,98364,405994,2628286080,0,0,0
TA206,20220218,20220218,133438500,13:34:39,5394,98364,405994,2628286080,0,0,0
TA206,20220218,20220218,133439000,13:34:39,5394,98364,405994,2628286080,0,0,0
TA206,20220218,20220218,133439500,13:34:40,5394,98367,405994,2628366240,3,0,80160
TA206,20220218,20220218,133440500,13:34:41,5394,98369,405994,2628419680,2,0,53440
TA206,20220218,20220218,133441000,13:34:41,5394,98369,405994,2628419680,0,0,0
TA206,20220218,20220218,133441500,13:34:43,5394,98369,405994,2628419680,0,0,0
TA206,20220218,20220218,133442000,13:34:44,5394,98369,405994,2628419680,0,0,0
TA206,20220218,20220218,133442500,13:34:44,5396,98374,405999,2628553280,5,5,133600
TA206,20220218,20220218,133443000,13:34:45,5396,98388,405996,2628927360,14,-3,374080
TA206,20220218,20220218,133443500,13:34:45,5396,98388,405996,2628927360,0,0,0
TA206,20220218,20220218,133444500,13:34:46,5396,98388,405996,2628927360,0,0,0
TA206,20220218,20220218,133445000,13:34:46,5396,98388,405996,2628927360,0,0,0
TA206,20220218,20220218,133445500,13:34:46,5396,98388,405996,2628927360,0,0,0
TA206,20220218,20220218,133446000,13:34:46,5396,98388,405996,2628927360,0,0,0
TA206,20220218,20220218,133446500,13:34:47,5396,98388,405996,2628927360,0,0,0
TA206,20220218,20220218,133447000,13:34:47,5396,98388,405996,2628927360,0,0,0
TA206,20220218,20220218,133447500,13:34:47,5396,98388,405996,2628927360,0,0,0
TA206,20220218,20220218,133448000,13:34:48,5396,98388,405996,2628927360,0,0,0
TA206,20220218,20220218,133448500,13:34:49,5396,98388,405996,2628927360,0,0,0
TA206,20220218,20220218,133449000,13:34:49,5396,98388,405996,2628927360,0,0,0
TA206,20220218,20220218,133449500,13:34:49,5396,98388,405996,2628927360,0,0,0
TA206,20220218,20220218,133450000,13:34:51,5396,98388,405996,2628927360,0,0,0
TA206,20220218,20220218,133450500,13:34:51,5396,98388,405996,2628927360,0,0,0
TA206,20220218,20220218,133451000,13:34:51,5396,98388,405996,2628927360,0,0,0
TA206,20220218,20220218,133451500,13:34:52,5396,98388,405996,2628927360,0,0,0
TA206,20220218,20220218,133452000,13:34:52,5396,98388,405996,2628927360,0,0,0
TA206,20220218,20220218,133452500,13:34:53,5396,98388,405996,2628927360,0,0,0
TA206,20220218,20220218,133453000,13:34:53,5396,98388,405996,2628927360,0,0,0
TA206,20220218,20220218,133453500,13:34:55,5396,98398,405996,2629194560,10,0,267200
TA206,20220218,20220218,133454000,13:34:56,5396,98398,405996,2629194560,0,0,0
TA206,20220218,20220218,133454500,13:34:56,5396,98400,405994,2629248000,2,-2,53440
TA206,20220218,20220218,133455500,13:34:56,5396,98400,405994,2629248000,0,0,0
TA206,20220218,20220218,133456000,13:34:57,5396,98400,405994,2629248000,0,0,0
TA206,20220218,20220218,133456500,13:34:57,5396,98400,405994,2629248000,0,0,0
TA206,20220218,20220218,133457000,13:34:57,5396,98400,405994,2629248000,0,0,0
TA206,20220218,20220218,133458000,13:34:58,5396,98400,405994,2629248000,0,0,0
TA206,20220218,20220218,133458500,13:34:59,5396,98400,405994,2629248000,0,0,0
TA206,20220218,20220218,133459000,13:34:59,5396,98400,405994,2629248000,0,0,0
TA206,20220218,20220218,133459500,13:35:00,5396,98400,405994,2629248000,0,0,0
TA206,20220218,20220218,133500000,13:35:00,5396,98400,405994,2629248000,0,0,0
TA206,20220218,20220218,133500500,13:35:04,5396,98400,405994,2629248000,0,0,0
TA206,20220218,20220218,133501000,13:35:04,5396,98400,405994,2629248000,0,0,0
TA206,20220218,20220218,133501500,13:35:06,5394,98401,405994,2629274720,1,0,26720
TA206,20220218,20220218,133502000,13:35:10,5394,98401,405994,2629274720,0,0,0
TA206,20220218,20220218,133504500,13:35:10,5394,98401,405994,2629274720,0,0,0
TA206,20220218,20220218,133510000,13:35:10,5394,98401,405994,2629274720,0,0,0
TA206,20220218,20220218,133510500,13:35:11,5394,98401,405994,2629274720,0,0,0
TA206,20220218,20220218,133511000,13:35:11,5394,98401,405994,2629274720,0,0,0
TA206,20220218,20220218,133511500,13:35:12,5394,98401,405994,2629274720,0,0,0
TA206,20220218,20220218,133512000,13:35:13,5394,98401,405994,2629274720,0,0,0
TA206,20220218,20220218,133512500,13:35:13,5394,98401,405994,2629274720,0,0,0
TA206,20220218,20220218,133513000,13:35:13,5394,98401,405994,2629274720,0,0,0
TA206,20220218,20220218,133513500,13:35:14,5394,98401,405994,2629274720,0,0,0
TA206,20220218,20220218,133514000,13:35:14,5394,98401,405994,2629274720,0,0,0
TA206,20220218,20220218,133514500,13:35:15,5394,98403,405993,2629328160,2,-1,53440
TA206,20220218,20220218,133515000,13:35:15,5394,98413,405994,2629595360,10,1,267200
TA206,20220218,20220218,133515500,13:35:16,5394,98413,405994,2629595360,0,0,0
TA206,20220218,20220218,133516000,13:35:16,5394,98414,405995,2629622080,1,1,26720
TA206,20220218,20220218,133516500,13:35:17,5394,98414,405995,2629622080,0,0,0
TA206,20220218,20220218,133517000,13:35:17,5394,98414,405995,2629622080,0,0,0
TA206,20220218,20220218,133517500,13:35:18,5396,98415,405995,2629648800,1,0,26720
TA206,20220218,20220218,133518000,13:35:19,5396,98419,405997,2629755680,4,2,106880
TA206,20220218,20220218,133518500,13:35:19,5396,98419,405997,2629755680,0,0,0
TA206,20220218,20220218,133519000,13:35:19,5396,98419,405997,2629755680,0,0,0
TA206,20220218,20220218,133519500,13:35:20,5396,98419,405997,2629755680,0,0,0
TA206,20220218,20220218,133520000,13:35:20,5396,98419,405997,2629755680,0,0,0
TA206,20220218,20220218,133520500,13:35:21,5396,98419,405997,2629755680,0,0,0
TA206,20220218,20220218,133521000,13:35:22,5396,98419,405997,2629755680,0,0,0
TA206,20220218,20220218,133521500,13:35:22,5396,98419,405997,2629755680,0,0,0
TA206,20220218,20220218,133522000,13:35:22,5396,98419,405997,2629755680,0,0,0
TA206,20220218,20220218,133522500,13:35:23,5396,98419,405997,2629755680,0,0,0
TA206,20220218,20220218,133523000,13:35:23,5396,98419,405997,2629755680,0,0,0
TA206,20220218,20220218,133523500,13:35:23,5396,98419,405997,2629755680,0,0,0
TA206,20220218,20220218,133524000,13:35:25,5396,98419,405997,2629755680,0,0,0
TA206,20220218,20220218,133524500,13:35:25,5398,98428,405989,2629996160,9,-8,240480
TA206,20220218,20220218,133525000,13:35:25,5398,98428,405989,2629996160,0,0,0
TA206,20220218,20220218,133525500,13:35:26,5398,98430,405989,2630049600,2,0,53440
TA206,20220218,20220218,133526000,13:35:26,5398,98430,405989,2630049600,0,0,0
TA206,20220218,20220218,133526500,13:35:27,5398,98430,405989,2630049600,0,0,0
TA206,20220218,20220218,133527000,13:35:27,5398,98430,405989,2630049600,0,0,0
TA206,20220218,20220218,133527500,13:35:31,5398,98430,405989,2630049600,0,0,0
TA206,20220218,20220218,133528000,13:35:32,5398,98430,405989,2630049600,0,0,0
TA206,20220218,20220218,133531000,13:35:32,5398,98430,405989,2630049600,0,0,0
TA206,20220218,20220218,133531500,13:35:41,5398,98430,405989,2630049600,0,0,0
TA206,20220218,20220218,133532000,13:35:42,5394,98432,405991,2630103040,2,2,53440
TA206,20220218,20220218,133540500,13:35:43,5394,98484,405985,2631492480,52,-6,1389440
TA206,20220218,20220218,133542000,13:35:43,5394,98484,405985,2631492480,0,0,0
TA206,20220218,20220218,133542500,13:35:44,5394,98484,405985,2631492480,0,0,0
TA206,20220218,20220218,133543500,13:35:44,5394,98484,405985,2631492480,0,0,0
TA206,20220218,20220218,133544000,13:35:45,5394,98484,405985,2631492480,0,0,0
TA206,20220218,20220218,133544500,13:35:45,5394,98484,405985,2631492480,0,0,0
TA206,20220218,20220218,133545000,13:35:46,5394,98484,405985,2631492480,0,0,0
TA206,20220218,20220218,133545500,13:35:46,5394,98484,405985,2631492480,0,0,0
TA206,20220218,20220218,133546000,13:35:46,5394,98484,405985,2631492480,0,0,0
TA206,20220218,20220218,133546500,13:35:46,5394,98484,405985,2631492480,0,0,0
TA206,20220218,20220218,133547000,13:35:47,5394,98484,405985,2631492480,0,0,0
TA206,20220218,20220218,133547500,13:35:48,5394,98484,405985,2631492480,0,0,0
TA206,20220218,20220218,133548000,13:35:48,5394,98484,405985,2631492480,0,0,0
TA206,20220218,20220218,133548500,13:35:49,5394,98484,405985,2631492480,0,0,0
TA206,20220218,20220218,133549000,13:35:49,5394,98484,405985,2631492480,0,0,0
TA206,20220218,20220218,133549500,13:35:49,5394,98484,405985,2631492480,0,0,0
TA206,20220218,20220218,133550000,13:35:50,5394,98484,405985,2631492480,0,0,0
TA206,20220218,20220218,133550500,13:35:51,5394,98484,405985,2631492480,0,0,0
TA206,20220218,20220218,133551000,13:35:51,5394,98484,405985,2631492480,0,0,0
TA206,20220218,20220218,133551500,13:35:52,5394,98484,405985,2631492480,0,0,0
TA206,20220218,20220218,133552000,13:35:52,5394,98487,405985,2631572640,3,0,80160
TA206,20220218,20220218,133552500,13:35:53,5394,98487,405985,2631572640,0,0,0
TA206,20220218,20220218,133553000,13:35:53,5394,98487,405985,2631572640,0,0,0
TA206,20220218,20220218,133553500,13:35:55,5394,98487,405985,2631572640,0,0,0
TA206,20220218,20220218,133554000,13:35:55,5394,98487,405985,2631572640,0,0,0
TA206,20220218,20220218,133555000,13:35:56,5394,98502,405986,2631973440,15,1,400800
TA206,20220218,20220218,133555500,13:35:56,5394,98502,405986,2631973440,0,0,0
TA206,20220218,20220218,133556000,13:35:56,5394,98502,405986,2631973440,0,0,0
TA206,20220218,20220218,133556500,13:35:57,5394,98502,405986,2631973440,0,0,0
TA206,20220218,20220218,133557000,13:35:59,5394,98502,405986,2631973440,0,0,0
TA206,20220218,20220218,133557500,13:36:01,5394,98502,405986,2631973440,0,0,0
TA206,20220218,20220218,133558000,13:36:01,5394,98502,405986,2631973440,0,0,0
TA206,20220218,20220218,133559500,13:36:03,5392,98503,405986,2632000160,1,0,26720
TA206,20220218,20220218,133601500,13:36:03,5392,98503,405986,2632000160,0,0,0
TA206,20220218,20220218,133602500,13:36:03,5394,98729,406109,2638038880,226,123,6038720
TA206,20220218,20220218,133603000,13:36:05,5394,98729,406109,2638038880,0,0,0
TA206,20220218,20220218,133603500,13:36:05,5394,98729,406109,2638038880,0,0,0
TA206,20220218,20220218,133604000,13:36:06,5394,98729,406109,2638038880,0,0,0
TA206,20220218,20220218,133605000,13:36:06,5394,98729,406109,2638038880,0,0,0
TA206,20220218,20220218,133605500,13:36:07,5394,98729,406109,2638038880,0,0,0
TA206,20220218,20220218,133606500,13:36:07,5390,98730,406110,2638065600,1,1,26720
TA206,20220218,20220218,133607000,13:36:08,5390,98730,406110,2638065600,0,0,0
TA206,20220218,20220218,133607500,13:36:08,5392,98731,406110,2638092320,1,0,26720
TA206,20220218,20220218,133608000,13:36:08,5392,98731,406110,2638092320,0,0,0
TA206,20220218,20220218,133608500,13:36:08,5392,98731,406110,2638092320,0,0,0
TA206,20220218,20220218,133609500,13:36:10,5392,98742,406119,2638386240,11,9,293920
TA206,20220218,20220218,133610000,13:36:11,5392,98743,406119,2638412960,1,0,26720
TA206,20220218,20220218,133610500,13:36:11,5392,98743,406119,2638412960,0,0,0
TA206,20220218,20220218,133611000,13:36:12,5392,98743,406119,2638412960,0,0,0
TA206,20220218,20220218,133611500,13:36:12,5392,98743,406119,2638412960,0,0,0
TA206,20220218,20220218,133612000,13:36:12,5392,98743,406119,2638412960,0,0,0
TA206,20220218,20220218,133612500,13:36:12,5392,98743,406119,2638412960,0,0,0
TA206,20220218,20220218,133613000,13:36:13,5392,98743,406119,2638412960,0,0,0
TA206,20220218,20220218,133613500,13:36:14,5392,98743,406119,2638412960,0,0,0
TA206,20220218,20220218,133614000,13:36:14,5392,98743,406119,2638412960,0,0,0
TA206,20220218,20220218,133614500,13:36:14,5392,98743,406119,2638412960,0,0,0
TA206,20220218,20220218,133615000,13:36:15,5392,98743,406119,2638412960,0,0,0
TA206,20220218,20220218,133615500,13:36:15,5392,98743,406119,2638412960,0,0,0
TA206,20220218,20220218,133616000,13:36:16,5392,98743,406119,2638412960,0,0,0
TA206,20220218,20220218,133616500,13:36:17,5392,98743,406119,2638412960,0,0,0
TA206,20220218,20220218,133617000,13:36:17,5392,98743,406119,2638412960,0,0,0
TA206,20220218,20220218,133617500,13:36:19,5392,98743,406119,2638412960,0,0,0
TA206,20220218,20220218,133618000,13:36:19,5392,98743,406119,2638412960,0,0,0
TA206,20220218,20220218,133618500,13:36:19,5392,98743,406119,2638412960,0,0,0
TA206,20220218,20220218,133619000,13:36:19,5392,98743,406119,2638412960,0,0,0
TA206,20220218,20220218,133619500,13:36:20,5392,98743,406119,2638412960,0,0,0
TA206,20220218,20220218,133620000,13:36:20,5392,98743,406119,2638412960,0,0,0
TA206,20220218,20220218,133620500,13:36:20,5394,98746,406122,2638493120,3,3,80160
TA206,20220218,20220218,133621000,13:36:21,5394,98746,406122,2638493120,0,0,0
TA206,20220218,20220218,133621500,13:36:21,5394,98746,406122,2638493120,0,0,0
TA206,20220218,20220218,133622000,13:36:22,5392,98749,406122,2638573280,3,0,80160
