TA205,20220218,20220218,112003000,11:20:03,0,0,0,0,0,0,0
TA205,20220218,20220218,112002700,11:20:04,5372,812578,1008330,21687706820,812578,1008330,21687706820
TA205,20220218,20220218,112004500,11:20:09,5372,812578,1008330,21687706820,0,0,0
TA205,20220218,20220218,112005000,11:20:10,5372,812606,1008334,21688454140,28,4,747320
TA205,20220218,20220218,112006000,11:20:10,5372,812610,1008335,21688560900,4,1,106760
TA205,20220218,20220218,112006500,11:20:10,5374,812614,1008338,21688667660,4,3,106760
TA205,20220218,20220218,112007000,11:20:10,5374,812615,1008339,21688694350,1,1,26690
TA205,20220218,20220218,112007500,11:20:10,5372,812619,1008342,21688801110,4,3,106760
TA205,20220218,20220218,112008000,11:20:10,5374,812629,1008342,21689068010,10,0,266900
TA205,20220218,20220218,112008500,11:20:10,5372,812632,1008344,21689148080,3,2,80070
TA205,20220218,20220218,112009000,11:20:10,5372,812632,1008344,21689148080,0,0,0
TA205,20220218,20220218,112009500,11:20:10,5372,812633,1008344,21689174770,1,0,26690
TA205,20220218,20220218,112010000,11:20:10,5372,812633,1008344,21689174770,0,0,0
TA205,20220218,20220218,112010500,11:20:10,5374,812634,1008344,21689201460,1,0,26690
TA205,20220218,20220218,112011000,11:20:11,5372,812635,1008345,21689228150,1,1,26690
TA205,20220218,20220218,112011500,11:20:12,5372,812642,1008351,21689414980,7,6,186830
TA205,20220218,20220218,112012000,11:20:12,5372,812642,1008351,21689414980,0,0,0
TA205,20220218,20220218,112012500,11:20:12,5372,812643,1008352,21689441670,1,1,26690
TA205,20220218,20220218,112013000,11:20:13,5374,812644,1008353,21689468360,1,1,26690
TA205,20220218,20220218,112013500,11:20:13,5374,812644,1008353,21689468360,0,0,0
TA205,20220218,20220218,112014000,11:20:14,5374,812649,1008354,21689601810,5,1,133450
TA205,20220218,20220218,112014500,11:20:14,5374,812649,1008354,21689601810,0,0,0
TA205,20220218,20220218,112015000,11:20:15,5372,812652,1008354,21689681880,3,0,80070
TA205,20220218,20220218,112016000,11:20:16,5372,812904,1008251,21696407760,252,-103,6725880
TA205,20220218,20220218,112016500,11:20:16,5372,812910,1008245,21696567900,6,-6,160140
TA205,20220218,20220218,112017000,11:20:17,5372,812910,1008245,21696567900,0,0,0
TA205,20220218,20220218,112017500,11:20:17,5372,812921,1008235,21696861490,11,-10,293590
TA205,20220218,20220218,112018000,11:20:18,5372,812925,1008235,21696968250,4,0,106760
TA205,20220218,20220218,112018500,11:20:18,5372,812978,1008230,21698382820,53,-5,1414570
TA205,20220218,20220218,112019000,11:20:19,5372,812989,1008224,21698676410,11,-6,293590
TA205,20220218,20220218,112019500,11:20:20,5372,812990,1008224,21698703100,1,0,26690
TA205,20220218,20220218,112020000,11:20:20,5372,812995,1008222,21698836550,5,-2,133450
TA205,20220218,20220218,112020500,11:20:21,5372,812998,1008225,21698916620,3,3,80070
TA205,20220218,20220218,112021000,11:20:21,5372,812999,1008225,21698943310,1,0,26690
TA205,20220218,20220218,112021500,11:20:21,5370,813009,1008215,21699210210,10,-10,266900
TA205,20220218,20220218,112022000,11:20:22,5370,813009,1008215,21699210210,0,0,0
TA205,20220218,20220218,112022500,11:20:23,5372,813010,1008216,21699236900,1,1,26690
TA205,20220218,20220218,112023000,11:20:23,5370,813022,1008217,21699557180,12,1,320280
TA205,20220218,20220218,112023500,11:20:23,5370,813022,1008217,21699557180,0,0,0
TA205,20220218,20220218,112024000,11:20:24,5370,813030,1008217,21699770700,8,0,213520
TA205,20220218,20220218,112024500,11:20:24,5372,813350,1008413,21708311500,320,196,8540800
TA205,20220218,20220218,112025000,11:20:25,5370,813351,1008412,21708338190,1,-1,26690
TA205,20220218,20220218,112025500,11:20:26,5370,813352,1008412,21708364880,1,0,26690
TA205,20220218,20220218,112026000,11:20:26,5370,813361,1008412,21708605090,9,0,240210
TA205,20220218,20220218,112026500,11:20:26,5370,813373,1008412,21708925370,12,0,320280
TA205,20220218,20220218,112027000,11:20:27,5370,813373,1008412,21708925370,0,0,0
TA205,20220218,20220218,112027500,11:20:28,5370,813376,1008412,21709005440,3,0,80070
TA205,20220218,20220218,112028000,11:20:28,5370,813379,1008415,21709085510,3,3,80070
TA205,20220218,20220218,112029000,11:20:29,5372,813400,1008419,21709646000,21,4,560490
TA205,20220218,20220218,112029500,11:20:30,5372,813400,1008419,21709646000,0,0,0
TA205,20220218,20220218,112030000,11:20:31,5370,813569,1008350,21714156610,169,-69,4510610
TA205,20220218,20220218,112030500,11:20:31,5368,813747,1008454,21718907430,178,104,4750820
TA205,20220218,20220218,112031000,11:20:32,5370,813750,1008453,21718987500,3,-1,80070
TA205,20220218,20220218,112031500,11:20:32,5370,813757,1008453,21719174330,7,0,186830
TA205,20220218,20220218,112032000,11:20:32,5368,813759,1008452,21719227710,2,-1,53380
TA205,20220218,20220218,112032500,11:20:32,5368,813825,1008482,21720989250,66,30,1761540
TA205,20220218,20220218,112033000,11:20:33,5370,813831,1008478,21721149390,6,-4,160140
TA205,20220218,20220218,112033500,11:20:33,5372,813924,1008393,21723631560,93,-85,2482170
TA205,20220218,20220218,112034000,11:20:34,5370,813937,1008393,21723978530,13,0,346970
TA205,20220218,20220218,112034500,11:20:34,5370,813944,1008393,21724165360,7,0,186830
TA205,20220218,20220218,112035000,11:20:35,5370,813946,1008393,21724218740,2,0,53380
TA205,20220218,20220218,112035500,11:20:35,5370,813959,1008388,21724565710,13,-5,346970
TA205,20220218,20220218,112036000,11:20:36,5370,813961,1008387,21724619090,2,-1,53380
TA205,20220218,20220218,112036500,11:20:37,5370,813961,1008387,21724619090,0,0,0
TA205,20220218,20220218,112037000,11:20:37,5370,813965,1008388,21724725850,4,1,106760
TA205,20220218,20220218,112037500,11:20:38,5372,813970,1008392,21724859300,5,4,133450
TA205,20220218,20220218,112038000,11:20:38,5372,813972,1008392,21724912680,2,0,53380
TA205,20220218,20220218,112038500,11:20:38,5370,813973,1008391,21724939370,1,-1,26690
TA205,20220218,20220218,112039000,11:20:39,5370,813973,1008391,21724939370,0,0,0
TA205,20220218,20220218,112039500,11:20:40,5370,813973,1008391,21724939370,0,0,0
TA205,20220218,20220218,112040000,11:20:40,5370,813973,1008391,21724939370,0,0,0
TA205,20220218,20220218,112040500,11:20:41,5370,813973,1008391,21724939370,0,0,0
TA205,20220218,20220218,112041000,11:20:41,5370,813973,1008391,21724939370,0,0,0
TA205,20220218,20220218,112041500,11:20:41,5372,813976,1008393,21725019440,3,2,80070
TA205,20220218,20220218,112042000,11:20:42,5370,813977,1008392,21725046130,1,-1,26690
TA205,20220218,20220218,112042500,11:20:42,5370,813979,1008392,21725099510,2,0,53380
TA205,20220218,20220218,112043000,11:20:43,5370,813979,1008392,21725099510,0,0,0
TA205,20220218,20220218,112043500,11:20:44,5370,813979,1008392,21725099510,0,0,0
TA205,20220218,20220218,112044500,11:20:45,5370,813987,1008384,21725313030,8,-8,213520
TA205,20220218,20220218,112045000,11:20:45,5370,813988,1008383,21725339720,1,-1,26690
TA205,20220218,20220218,112045500,11:20:46,5370,814028,1008384,21726407320,40,1,1067600
TA205,20220218,20220218,112046000,11:20:46,5370,814044,1008380,21726834360,16,-4,427040
TA205,20220218,20220218,112046500,11:20:46,5370,814044,1008380,21726834360,0,0,0
TA205,20220218,20220218,112047000,11:20:47,5370,814055,1008380,21727127950,11,0,293590
TA205,20220218,20220218,112047500,11:20:48,5370,814059,1008382,21727234710,4,2,106760
TA205,20220218,20220218,112048000,11:20:48,5370,814063,1008379,21727341470,4,-3,106760
TA205,20220218,20220218,112048500,11:20:50,5370,814063,1008379,21727341470,0,0,0
TA205,20220218,20220218,112049000,11:20:50,5370,814067,1008378,21727448230,4,-1,106760
TA205,20220218,20220218,112049500,11:20:50,5370,814068,1008377,21727474920,1,-1,26690
TA205,20220218,20220218,112050500,11:20:50,5370,814117,1008350,21728782730,49,-27,1307810
TA205,20220218,20220218,112051000,11:20:51,5370,814119,1008349,21728836110,2,-1,53380
TA205,20220218,20220218,112051500,11:20:51,5370,814125,1008347,21728996250,6,-2,160140
TA205,20220218,20220218,112052000,11:20:53,5370,814125,1008347,21728996250,0,0,0
TA205,20220218,20220218,112052500,11:20:53,5372,814129,1008344,21729103010,4,-3,106760
TA205,20220218,20220218,112053000,11:20:53,5372,814129,1008344,21729103010,0,0,0
TA205,20220218,20220218,112053500,11:20:53,5372,814129,1008344,21729103010,0,0,0
TA205,20220218,20220218,112054000,11:20:54,5370,814133,1008340,21729209770,4,-4,106760
TA205,20220218,20220218,112054500,11:20:55,5372,814135,1008339,21729263150,2,-1,53380
TA205,20220218,20220218,112055000,11:20:55,5372,814136,1008338,21729289840,1,-1,26690
TA205,20220218,20220218,112055500,11:20:56,5372,814136,1008338,21729289840,0,0,0
TA205,20220218,20220218,112056000,11:20:56,5372,814136,1008338,21729289840,0,0,0
TA205,20220218,20220218,112056500,11:20:56,5372,814136,1008338,21729289840,0,0,0
TA205,20220218,20220218,112057000,11:20:58,5372,814136,1008338,21729289840,0,0,0
TA205,20220218,20220218,112057500,11:20:58,5372,814136,1008338,21729289840,0,0,0
TA205,20220218,20220218,112058000,11:20:58,5372,814136,1008338,21729289840,0,0,0
TA205,20220218,20220218,112058500,11:20:59,5372,814137,1008338,21729316530,1,0,26690
TA205,20220218,20220218,112059000,11:20:59,5370,814244,1008273,21732172360,107,-65,2855830
TA205,20220218,20220218,112059500,11:21:00,5370,814244,1008273,21732172360,0,0,0
TA205,20220218,20220218,112100000,11:21:00,5370,814244,1008273,21732172360,0,0,0
TA205,20220218,20220218,112100500,11:21:01,5370,814317,1008304,21734120730,73,31,1948370
TA205,20220218,20220218,112101000,11:21:01,5370,814317,1008304,21734120730,0,0,0
TA205,20220218,20220218,112101500,11:21:02,5370,814317,1008304,21734120730,0,0,0
TA205,20220218,20220218,112102000,11:21:02,5370,814319,1008304,21734174110,2,0,53380
TA205,20220218,20220218,112102500,11:21:03,5370,814322,1008303,21734254180,3,-1,80070
TA205,20220218,20220218,112103000,11:21:03,5370,814323,1008303,21734280870,1,0,26690
TA205,20220218,20220218,112103500,11:21:04,5370,814343,1008295,21734814670,20,-8,533800
TA205,20220218,20220218,112104000,11:21:04,5370,814356,1008298,21735161640,13,3,346970
TA205,20220218,20220218,112104500,11:21:05,5372,814361,1008301,21735295090,5,3,133450
TA205,20220218,20220218,112105000,11:21:05,5370,814368,1008302,21735481920,7,1,186830
TA205,20220218,20220218,112105500,11:21:06,5372,814369,1008303,21735508610,1,1,26690
TA205,20220218,20220218,112106000,11:21:07,5370,814371,1008303,21735561990,2,0,53380
TA205,20220218,20220218,112106500,11:21:07,5372,814375,1008306,21735668750,4,3,106760
TA205,20220218,20220218,112107000,11:21:10,5372,814375,1008306,21735668750,0,0,0
TA205,20220218,20220218,112107500,11:21:10,5370,814376,1008307,21735695440,1,1,26690
TA205,20220218,20220218,112108000,11:21:10,5370,814376,1008307,21735695440,0,0,0
TA205,20220218,20220218,112110000,11:21:10,5370,814394,1008313,21736175860,18,6,480420
TA205,20220218,20220218,112110500,11:21:11,5370,814399,1008313,21736309310,5,0,133450
TA205,20220218,20220218,112111000,11:21:11,5372,814405,1008316,21736469450,6,3,160140
TA205,20220218,20220218,112111500,11:21:12,5372,814405,1008316,21736469450,0,0,0
TA205,20220218,20220218,112112000,11:21:12,5370,814408,1008315,21736549520,3,-1,80070
TA205,20220218,20220218,112112500,11:21:13,5370,814410,1008316,21736602900,2,1,53380
TA205,20220218,20220218,112113000,11:21:13,5372,814415,1008321,21736736350,5,5,133450
TA205,20220218,20220218,112113500,11:21:13,5372,814415,1008321,21736736350,0,0,0
TA205,20220218,20220218,112114000,11:21:14,5370,814423,1008324,21736949870,8,3,213520
TA205,20220218,20220218,112114500,11:21:14,5370,814434,1008328,21737243460,11,4,293590
TA205,20220218,20220218,112115000,11:21:15,5370,814444,1008336,21737510360,10,8,266900
TA205,20220218,20220218,112115500,11:21:15,5370,814484,1008347,21738577960,40,11,1067600
TA205,20220218,20220218,112116000,11:21:16,5370,814484,1008347,21738577960,0,0,0
TA205,20220218,20220218,112116500,11:21:17,5370,814484,1008347,21738577960,0,0,0
TA205,20220218,20220218,112117000,11:21:17,5370,814484,1008347,21738577960,0,0,0
TA205,20220218,20220218,112117500,11:21:18,5370,814568,1008340,21740819920,84,-7,2241960
TA205,20220218,20220218,112118000,11:21:18,5372,814570,1008339,21740873300,2,-1,53380
TA205,20220218,20220218,112118500,11:21:18,5372,814570,1008339,21740873300,0,0,0
TA205,20220218,20220218,112119000,11:21:19,5372,814575,1008338,21741006750,5,-1,133450
TA205,20220218,20220218,112120000,11:21:20,5370,814580,1008338,21741140200,5,0,133450
TA205,20220218,20220218,112120500,11:21:21,5370,814736,1008300,21745303840,156,-38,4163640
TA205,20220218,20220218,112121000,11:21:22,5370,814852,1008191,21748399880,116,-109,3096040
TA205,20220218,20220218,112121500,11:21:22,5370,814914,1008161,21750054660,62,-30,1654780
TA205,20220218,20220218,112122000,11:21:22,5372,814916,1008160,21750108040,2,-1,53380
TA205,20220218,20220218,112122500,11:21:22,5372,814917,1008159,21750134730,1,-1,26690
TA205,20220218,20220218,112123000,11:21:23,5372,814917,1008159,21750134730,0,0,0
TA205,20220218,20220218,112123500,11:21:23,5370,814922,1008157,21750268180,5,-2,133450
TA205,20220218,20220218,112124000,11:21:24,5370,814935,1008153,21750615150,13,-4,346970
TA205,20220218,20220218,112124500,11:21:25,5370,814947,1008156,21750935430,12,3,320280
TA205,20220218,20220218,112125000,11:22:29,5370,814974,1008158,21751656060,27,2,720630
TA205,20220218,20220218,112125500,11:23:32,5370,814992,1008169,21752136480,18,11,480420
TA205,20220218,20220218,112126000,11:23:33,5370,815005,1008157,21752483450,13,-12,346970
TA205,20220218,20220218,112126500,11:23:33,5370,815044,1008155,21753524360,39,-2,1040910
TA205,20220218,20220218,112332500,11:23:33,5372,819099,1008834,21861752310,4055,679,108227950
TA205,20220218,20220218,112333000,11:23:33,5372,819099,1008834,21861752310,0,0,0
TA205,20220218,20220218,112334000,11:23:34,5370,819101,1008835,21861805690,2,1,53380
TA205,20220218,20220218,112334500,11:23:34,5370,819105,1008839,21861912450,4,4,106760
TA205,20220218,20220218,112335000,11:23:35,5372,819107,1008839,21861965830,2,0,53380
TA205,20220218,20220218,112335500,11:23:35,5372,819114,1008842,21862152660,7,3,186830
TA205,20220218,20220218,112336000,11:23:36,5372,819115,1008841,21862179350,1,-1,26690
TA205,20220218,20220218,112336500,11:23:38,5372,819115,1008841,21862179350,0,0,0
TA205,20220218,20220218,112337000,11:23:38,5372,819115,1008841,21862179350,0,0,0
TA205,20220218,20220218,112337500,11:23:38,5372,819120,1008840,21862312800,5,-1,133450
TA205,20220218,20220218,112338000,11:23:38,5372,819120,1008840,21862312800,0,0,0
TA205,20220218,20220218,112338500,11:23:38,5370,819122,1008842,21862366180,2,2,53380
TA205,20220218,20220218,112339000,11:23:39,5370,819122,1008842,21862366180,0,0,0
TA205,20220218,20220218,112339500,11:23:39,5370,819122,1008842,21862366180,0,0,0
TA205,20220218,20220218,112340000,11:23:40,5372,819124,1008840,21862419560,2,-2,53380
TA205,20220218,20220218,112340500,11:23:40,5372,819124,1008840,21862419560,0,0,0
TA205,20220218,20220218,112341500,11:23:42,5370,819127,1008841,21862499630,3,1,80070
TA205,20220218,20220218,112342000,11:23:42,5370,819127,1008841,21862499630,0,0,0
TA205,20220218,20220218,112342500,11:23:42,5370,819129,1008843,21862553010,2,2,53380
TA205,20220218,20220218,112343000,11:23:43,5372,819133,1008839,21862659770,4,-4,106760
TA205,20220218,20220218,112344000,11:23:48,5370,819137,1008841,21862766530,4,2,106760
TA205,20220218,20220218,112345000,11:23:48,5370,819137,1008841,21862766530,0,0,0
TA205,20220218,20220218,112345500,11:23:48,5370,819139,1008842,21862819910,2,1,53380
TA205,20220218,20220218,112348000,11:23:48,5370,819139,1008842,21862819910,0,0,0
TA205,20220218,20220218,112349000,11:23:49,5372,819159,1008840,21863353710,20,-2,533800
TA205,20220218,20220218,112349500,11:23:50,5372,819159,1008840,21863353710,0,0,0
TA205,20220218,20220218,112350000,11:23:50,5372,819167,1008835,21863567230,8,-5,213520
TA205,20220218,20220218,112350500,11:23:50,5372,819171,1008831,21863673990,4,-4,106760
TA205,20220218,20220218,112351000,11:23:51,5372,819171,1008831,21863673990,0,0,0
TA205,20220218,20220218,112351500,11:23:51,5372,819177,1008830,21863834130,6,-1,160140
TA205,20220218,20220218,112352000,11:23:52,5372,819177,1008830,21863834130,0,0,0
TA205,20220218,20220218,112352500,11:23:52,5372,819318,1008884,21867597420,141,54,3763290
TA205,20220218,20220218,112353000,11:23:53,5372,819328,1008881,21867864320,10,-3,266900
TA205,20220218,20220218,112353500,11:23:53,5372,819328,1008881,21867864320,0,0,0
TA205,20220218,20220218,112354000,11:23:54,5372,819329,1008880,21867891010,1,-1,26690
TA205,20220218,20220218,112354500,11:23:55,5372,819330,1008881,21867917700,1,1,26690
TA205,20220218,20220218,112355000,11:23:55,5372,819331,1008882,21867944390,1,1,26690
TA205,20220218,20220218,112356000,11:23:56,5370,819346,1008885,21868344740,15,3,400350
TA205,20220218,20220218,112356500,11:23:56,5370,819346,1008885,21868344740,0,0,0
TA205,20220218,20220218,112357500,11:23:57,5372,819347,1008884,21868371430,1,-1,26690
TA205,20220218,20220218,112358000,11:23:58,5370,819370,1008885,21868985300,23,1,613870
TA205,20220218,20220218,112358500,11:23:58,5372,819399,1008857,21869759310,29,-28,774010
TA205,20220218,20220218,112359000,11:23:59,5372,819429,1008856,21870560010,30,-1,800700
TA205,20220218,20220218,112359500,11:23:59,5372,819429,1008856,21870560010,0,0,0
TA205,20220218,20220218,112400000,11:24:00,5370,819431,1008856,21870613390,2,0,53380
TA205,20220218,20220218,112400500,11:24:00,5370,819431,1008856,21870613390,0,0,0
TA205,20220218,20220218,112401000,11:24:01,5372,819437,1008855,21870773530,6,-1,160140
TA205,20220218,20220218,112401500,11:24:01,5372,819437,1008855,21870773530,0,0,0
TA205,20220218,20220218,112402000,11:24:02,5372,819439,1008854,21870826910,2,-1,53380
TA205,20220218,20220218,112402500,11:24:02,5372,819440,1008854,21870853600,1,0,26690
TA205,20220218,20220218,112403000,11:24:03,5372,819451,1008854,21871147190,11,0,293590
TA205,20220218,20220218,112403500,11:24:04,5372,819451,1008854,21871147190,0,0,0
TA205,20220218,20220218,112404000,11:24:04,5372,819452,1008853,21871173880,1,-1,26690
TA205,20220218,20220218,112404500,11:24:04,5370,819454,1008854,21871227260,2,1,53380
TA205,20220218,20220218,112405000,11:24:05,5372,819456,1008853,21871280640,2,-1,53380
TA205,20220218,20220218,112405500,11:24:05,5372,819456,1008853,21871280640,0,0,0
TA205,20220218,20220218,112406000,11:24:06,5372,819456,1008853,21871280640,0,0,0
TA205,20220218,20220218,112406500,11:24:06,5372,819456,1008853,21871280640,0,0,0
TA205,20220218,20220218,112407000,11:24:07,5372,819461,1008853,21871414090,5,0,133450
TA205,20220218,20220218,112407500,11:24:08,5372,819467,1008847,21871574230,6,-6,160140
TA205,20220218,20220218,112408000,11:24:08,5372,819467,1008847,21871574230,0,0,0
TA205,20220218,20220218,112408500,11:24:08,5372,819468,1008847,21871600920,1,0,26690
TA205,20220218,20220218,112409000,11:24:11,5372,819468,1008847,21871600920,0,0,0
TA205,20220218,20220218,112410500,11:24:12,5372,819498,1008851,21872401620,30,4,800700
TA205,20220218,20220218,112411500,11:24:12,5372,819499,1008851,21872428310,1,0,26690
TA205,20220218,20220218,112412000,11:24:12,5372,819499,1008851,21872428310,0,0,0
TA205,20220218,20220218,112412500,11:24:13,5372,819500,1008851,21872455000,1,0,26690
TA205,20220218,20220218,112413000,11:24:13,5372,819500,1008851,21872455000,0,0,0
TA205,20220218,20220218,112413500,11:24:14,5372,819500,1008851,21872455000,0,0,0
TA205,20220218,20220218,112414000,11:24:14,5372,819500,1008851,21872455000,0,0,0
TA205,20220218,20220218,112415000,11:24:15,5372,819500,1008851,21872455000,0,0,0
TA205,20220218,20220218,112415500,11:24:15,5372,819500,1008851,21872455000,0,0,0
TA205,20220218,20220218,112416000,11:24:16,5372,819504,1008853,21872561760,4,2,106760
TA205,20220218,20220218,112416500,11:24:17,5370,819505,1008854,21872588450,1,1,26690
TA205,20220218,20220218,112417000,11:24:17,5370,819505,1008854,21872588450,0,0,0
TA205,20220218,20220218,112417500,11:24:18,5370,819506,1008855,21872615140,1,1,26690
TA205,20220218,20220218,112418000,11:24:18,5372,819509,1008855,21872695210,3,0,80070
TA205,20220218,20220218,112418500,11:24:19,5372,819513,1008855,21872801970,4,0,106760
TA205,20220218,20220218,112419000,11:24:19,5370,819515,1008855,21872855350,2,0,53380
TA205,20220218,20220218,112419500,11:24:20,5372,819516,1008855,21872882040,1,0,26690
TA205,20220218,20220218,112420000,11:24:20,5372,819517,1008856,21872908730,1,1,26690
TA205,20220218,20220218,112420500,11:24:20,5372,819517,1008856,21872908730,0,0,0
TA205,20220218,20220218,112421000,11:24:21,5372,819519,1008856,21872962110,2,0,53380
TA205,20220218,20220218,112421500,11:24:22,5372,819521,1008856,21873015490,2,0,53380
TA205,20220218,20220218,112422500,11:24:23,5372,819525,1008860,21873122250,4,4,106760
TA205,20220218,20220218,112423500,11:24:24,5370,819529,1008863,21873229010,4,3,106760
TA205,20220218,20220218,112424000,11:24:24,5370,819530,1008864,21873255700,1,1,26690
TA205,20220218,20220218,112424500,11:24:24,5370,819533,1008867,21873335770,3,3,80070
TA205,20220218,20220218,112425000,11:24:25,5370,819535,1008868,21873389150,2,1,53380
TA205,20220218,20220218,112425500,11:24:25,5370,819538,1008871,21873469220,3,3,80070
TA205,20220218,20220218,112426500,11:24:26,5370,819538,1008871,21873469220,0,0,0
TA205,20220218,20220218,112427500,11:24:28,5372,819542,1008875,21873575980,4,4,106760
TA205,20220218,20220218,112428000,11:24:28,5372,819543,1008875,21873602670,1,0,26690
TA205,20220218,20220218,112428500,11:24:28,5370,819545,1008875,21873656050,2,0,53380
TA205,20220218,20220218,112429000,11:24:29,5370,819860,1008976,21882063400,315,101,8407350
TA205,20220218,20220218,112429500,11:24:29,5370,819861,1008977,21882090090,1,1,26690
TA205,20220218,20220218,112430000,11:24:30,5368,819868,1008976,21882276920,7,-1,186830
TA205,20220218,20220218,112430500,11:24:30,5370,819874,1008977,21882437060,6,1,160140
TA205,20220218,20220218,112431000,11:24:31,5368,819878,1008973,21882543820,4,-4,106760
TA205,20220218,20220218,112431500,11:24:31,5370,819879,1008973,21882570510,1,0,26690
TA205,20220218,20220218,112432000,11:24:32,5368,819880,1008972,21882597200,1,-1,26690
TA205,20220218,20220218,112432500,11:24:32,5368,819880,1008972,21882597200,0,0,0
TA205,20220218,20220218,112433000,11:24:33,5368,819888,1008966,21882810720,8,-6,213520
TA205,20220218,20220218,112433500,11:24:33,5370,819891,1008964,21882890790,3,-2,80070
TA205,20220218,20220218,112434000,11:24:34,5368,819895,1008961,21882997550,4,-3,106760
TA205,20220218,20220218,112434500,11:24:34,5370,819906,1008963,21883291140,11,2,293590
TA205,20220218,20220218,112435000,11:24:35,5370,819909,1008964,21883371210,3,1,80070
TA205,20220218,20220218,112435500,11:24:35,5368,819912,1008963,21883451280,3,-1,80070
TA205,20220218,20220218,112436000,11:24:36,5368,819914,1008962,21883504660,2,-1,53380
TA205,20220218,20220218,112436500,11:24:36,5368,819918,1008961,21883611420,4,-1,106760
TA205,20220218,20220218,112437000,11:24:37,5368,819918,1008961,21883611420,0,0,0
TA205,20220218,20220218,112437500,11:24:37,5368,819920,1008961,21883664800,2,0,53380
TA205,20220218,20220218,112438000,11:24:39,5368,819923,1008959,21883744870,3,-2,80070
TA205,20220218,20220218,112438500,11:24:39,5370,819926,1008959,21883824940,3,0,80070
TA205,20220218,20220218,112439000,11:24:40,5368,819939,1008966,21884171910,13,7,346970
TA205,20220218,20220218,112440000,11:24:40,5368,819940,1008965,21884198600,1,-1,26690
TA205,20220218,20220218,112440500,11:24:40,5368,819944,1008962,21884305360,4,-3,106760
TA205,20220218,20220218,112441000,11:24:41,5370,819945,1008961,21884332050,1,-1,26690
TA205,20220218,20220218,112442000,11:24:42,5368,819946,1008962,21884358740,1,1,26690
TA205,20220218,20220218,112442500,11:24:42,5368,819949,1008964,21884438810,3,2,80070
TA205,20220218,20220218,112443000,11:24:43,5368,819953,1008963,21884545570,4,-1,106760
TA205,20220218,20220218,112443500,11:24:43,5368,819955,1008962,21884598950,2,-1,53380
TA205,20220218,20220218,112444000,11:24:44,5368,819961,1008963,21884759090,6,1,160140
TA205,20220218,20220218,112444500,11:24:44,5368,819961,1008963,21884759090,0,0,0
TA205,20220218,20220218,112445000,11:24:45,5368,819962,1008963,21884785780,1,0,26690
TA205,20220218,20220218,112445500,11:24:45,5370,819965,1008962,21884865850,3,-1,80070
TA205,20220218,20220218,112446000,11:24:46,5368,819973,1008958,21885079370,8,-4,213520
TA205,20220218,20220218,112446500,11:24:46,5370,819976,1008957,21885159440,3,-1,80070
TA205,20220218,20220218,112447000,11:24:47,5370,819976,1008957,21885159440,0,0,0
TA205,20220218,20220218,112447500,11:24:47,5368,819977,1008957,21885186130,1,0,26690
TA205,20220218,20220218,112448000,11:24:48,5368,819977,1008957,21885186130,0,0,0
TA205,20220218,20220218,112448500,11:24:48,5368,819978,1008957,21885212820,1,0,26690
TA205,20220218,20220218,112449000,11:24:49,5368,819979,1008957,21885239510,1,0,26690
TA205,20220218,20220218,112449500,11:24:49,5368,819983,1008958,21885346270,4,1,106760
TA205,20220218,20220218,112450000,11:24:50,5370,819987,1008958,21885453030,4,0,106760
TA205,20220218,20220218,112450500,11:24:50,5368,819990,1008956,21885533100,3,-2,80070
TA205,20220218,20220218,112451000,11:24:51,5370,819991,1008956,21885559790,1,0,26690
TA205,20220218,20220218,112451500,11:24:52,5368,819995,1008956,21885666550,4,0,106760
TA205,20220218,20220218,112452000,11:24:52,5368,819998,1008955,21885746620,3,-1,80070
TA205,20220218,20220218,112452500,11:24:52,5368,819998,1008955,21885746620,0,0,0
TA205,20220218,20220218,112453500,11:24:53,5368,819999,1008956,21885773310,1,1,26690
TA205,20220218,20220218,112454000,11:24:54,5370,820000,1008956,21885800000,1,0,26690
TA205,20220218,20220218,112454500,11:24:54,5370,820000,1008956,21885800000,0,0,0
TA205,20220218,20220218,112455000,11:24:55,5368,820004,1008954,21885906760,4,-2,106760
TA205,20220218,20220218,112455500,11:24:56,5368,820007,1008952,21885986830,3,-2,80070
TA205,20220218,20220218,112456000,11:24:56,5368,820009,1008953,21886040210,2,1,53380
TA205,20220218,20220218,112456500,11:24:56,5368,820010,1008954,21886066900,1,1,26690
TA205,20220218,20220218,112457000,11:24:57,5370,820014,1008954,21886173660,4,0,106760
TA205,20220218,20220218,112457500,11:24:57,5370,820015,1008953,21886200350,1,-1,26690
TA205,20220218,20220218,112458000,11:24:58,5370,820015,1008953,21886200350,0,0,0
TA205,20220218,20220218,112458500,11:24:58,5370,820015,1008953,21886200350,0,0,0
TA205,20220218,20220218,112459000,11:24:59,5370,820016,1008953,21886227040,1,0,26690
TA205,20220218,20220218,112459500,11:24:59,5370,820016,1008953,21886227040,0,0,0
TA205,20220218,20220218,112500000,11:25:00,5370,820016,1008953,21886227040,0,0,0
TA205,20220218,20220218,112500500,11:25:01,5368,820017,1008954,21886253730,1,1,26690
TA205,20220218,20220218,112501000,11:25:02,5370,820023,1008953,21886413870,6,-1,160140
TA205,20220218,20220218,112501500,11:25:03,5370,820147,1008906,21889723430,124,-47,3309560
TA205,20220218,20220218,112502000,11:25:05,5370,820153,1008900,21889883570,6,-6,160140
TA205,20220218,20220218,112502500,11:25:06,5370,820154,1008899,21889910260,1,-1,26690
TA205,20220218,20220218,112504500,11:25:06,5370,820160,1008900,21890070400,6,1,160140
TA205,20220218,20220218,112505500,11:25:06,5372,820175,1008906,21890470750,15,6,400350
TA205,20220218,20220218,112506000,11:25:07,5372,820180,1008907,21890604200,5,1,133450
TA205,20220218,20220218,112506500,11:25:07,5372,820180,1008907,21890604200,0,0,0
TA205,20220218,20220218,112507500,11:25:07,5372,820181,1008908,21890630890,1,1,26690
TA205,20220218,20220218,112508000,11:25:08,5372,820183,1008907,21890684270,2,-1,53380
TA205,20220218,20220218,112508500,11:25:08,5372,820195,1008907,21891004550,12,0,320280
TA205,20220218,20220218,112509000,11:25:09,5372,820197,1008908,21891057930,2,1,53380
TA205,20220218,20220218,112509500,11:25:09,5372,820197,1008908,21891057930,0,0,0
TA205,20220218,20220218,112510000,11:25:10,5372,820197,1008908,21891057930,0,0,0
TA205,20220218,20220218,112510500,11:25:10,5372,820197,1008908,21891057930,0,0,0
TA205,20220218,20220218,112511000,11:25:11,5372,820207,1008908,21891324830,10,0,266900
TA205,20220218,20220218,112511500,11:25:11,5372,820208,1008909,21891351520,1,1,26690
TA205,20220218,20220218,112512000,11:25:12,5372,820209,1008910,21891378210,1,1,26690
TA205,20220218,20220218,112512500,11:25:12,5372,820210,1008911,21891404900,1,1,26690
TA205,20220218,20220218,112513000,11:25:13,5370,820211,1008912,21891431590,1,1,26690
TA205,20220218,20220218,112513500,11:25:15,5372,820221,1008922,21891698490,10,10,266900
TA205,20220218,20220218,112514000,11:25:15,5372,820221,1008922,21891698490,0,0,0
TA205,20220218,20220218,112514500,11:25:15,5372,820221,1008922,21891698490,0,0,0
TA205,20220218,20220218,112515000,11:25:16,5372,820232,1008931,21891992080,11,9,293590
TA205,20220218,20220218,112515500,11:25:16,5372,820239,1008931,21892178910,7,0,186830
TA205,20220218,20220218,112516000,11:25:16,5372,820240,1008930,21892205600,1,-1,26690
TA205,20220218,20220218,112516500,11:25:16,5370,820290,1008889,21893540100,50,-41,1334500
TA205,20220218,20220218,112517500,11:25:18,5370,820292,1008889,21893593480,2,0,53380
TA205,20220218,20220218,112518000,11:25:18,5370,820293,1008888,21893620170,1,-1,26690
TA205,20220218,20220218,112518500,11:25:19,5370,820293,1008888,21893620170,0,0,0
TA205,20220218,20220218,112519000,11:25:19,5370,820295,1008886,21893673550,2,-2,53380
TA205,20220218,20220218,112519500,11:25:19,5370,820295,1008886,21893673550,0,0,0
TA205,20220218,20220218,112520000,11:25:20,5372,820297,1008886,21893726930,2,0,53380
TA205,20220218,20220218,112520500,11:25:21,5372,820301,1008886,21893833690,4,0,106760
TA205,20220218,20220218,112521000,11:25:21,5370,820351,1008881,21895168190,50,-5,1334500
TA205,20220218,20220218,112521500,11:25:22,5370,820351,1008881,21895168190,0,0,0
TA205,20220218,20220218,112522000,11:25:22,5370,820351,1008881,21895168190,0,0,0
TA205,20220218,20220218,112522500,11:25:22,5370,820351,1008881,21895168190,0,0,0
TA205,20220218,20220218,112523000,11:25:23,5372,820362,1008882,21895461780,11,1,293590
TA205,20220218,20220218,112523500,11:25:24,5370,820365,1008883,21895541850,3,1,80070
TA205,20220218,20220218,112524000,11:25:25,5370,820365,1008883,21895541850,0,0,0
TA205,20220218,20220218,112524500,11:25:25,5370,820365,1008883,21895541850,0,0,0
TA205,20220218,20220218,112525000,11:25:25,5370,820369,1008887,21895648610,4,4,106760
TA205,20220218,20220218,112525500,11:25:26,5370,820425,1008850,21897143250,56,-37,1494640
TA205,20220218,20220218,112526000,11:25:26,5370,820425,1008850,21897143250,0,0,0
TA205,20220218,20220218,112526500,11:25:27,5370,820426,1008850,21897169940,1,0,26690
TA205,20220218,20220218,112527000,11:25:27,5370,820429,1008848,21897250010,3,-2,80070
TA205,20220218,20220218,112527500,11:25:28,5370,820429,1008848,21897250010,0,0,0
TA205,20220218,20220218,112528000,11:25:28,5370,820484,1008827,21898717960,55,-21,1467950
TA205,20220218,20220218,112528500,11:25:28,5370,820490,1008825,21898878100,6,-2,160140
TA205,20220218,20220218,112529000,11:25:29,5370,820490,1008825,21898878100,0,0,0
TA205,20220218,20220218,112529500,11:25:30,5370,820490,1008825,21898878100,0,0,0
TA205,20220218,20220218,112530000,11:25:30,5368,820717,1008999,21904936730,227,174,6058630
TA205,20220218,20220218,112530500,11:25:31,5368,820737,1009001,21905470530,20,2,533800
TA205,20220218,20220218,112531000,11:25:31,5368,820742,1009003,21905603980,5,2,133450
TA205,20220218,20220218,112531500,11:25:32,5368,820745,1009005,21905684050,3,2,80070
TA205,20220218,20220218,112532000,11:25:32,5368,820748,1009008,21905764120,3,3,80070
TA205,20220218,20220218,112532500,11:25:33,5366,820749,1009008,21905790810,1,0,26690
TA205,20220218,20220218,112533000,11:25:33,5368,820763,1009007,21906164470,14,-1,373660
TA205,20220218,20220218,112533500,11:25:33,5368,820764,1009007,21906191160,1,0,26690
TA205,20220218,20220218,112534000,11:25:34,5368,820765,1009007,21906217850,1,0,26690
TA205,20220218,20220218,112534500,11:25:35,5368,820767,1009009,21906271230,2,2,53380
TA205,20220218,20220218,112535000,11:25:36,5368,820770,1009011,21906351300,3,2,80070
TA205,20220218,20220218,112535500,11:25:37,5368,820784,1009021,21906724960,14,10,373660
TA205,20220218,20220218,112536000,11:25:37,5368,820802,1009021,21907205380,18,0,480420
TA205,20220218,20220218,112537000,11:25:38,5368,820804,1009023,21907258760,2,2,53380
TA205,20220218,20220218,112537500,11:25:38,5368,820806,1009023,21907312140,2,0,53380
TA205,20220218,20220218,112538000,11:25:38,5370,820812,1009018,21907472280,6,-5,160140
TA205,20220218,20220218,112538500,11:25:39,5370,820813,1009018,21907498970,1,0,26690
TA205,20220218,20220218,112539000,11:25:39,5368,820832,1009012,21908006080,19,-6,507110
TA205,20220218,20220218,112539500,11:25:40,5368,820850,1009028,21908486500,18,16,480420
TA205,20220218,20220218,112540000,11:25:40,5370,820851,1009027,21908513190,1,-1,26690
TA205,20220218,20220218,112540500,11:25:40,5368,820852,1009028,21908539880,1,1,26690
TA205,20220218,20220218,112541000,11:25:41,5368,820855,1009028,21908619950,3,0,80070
TA205,20220218,20220218,112541500,11:25:41,5368,820860,1009027,21908753400,5,-1,133450
TA205,20220218,20220218,112542000,11:25:42,5368,820864,1009024,21908860160,4,-3,106760
TA205,20220218,20220218,112542500,11:25:42,5368,820869,1009024,21908993610,5,0,133450
TA205,20220218,20220218,112543000,11:25:43,5368,820870,1009025,21909020300,1,1,26690
TA205,20220218,20220218,112543500,11:25:43,5368,820877,1009019,21909207130,7,-6,186830
TA205,20220218,20220218,112544000,11:25:44,5368,820904,1009034,21909927760,27,15,720630
TA205,20220218,20220218,112544500,11:25:44,5368,820905,1009034,21909954450,1,0,26690
TA205,20220218,20220218,112545000,11:25:45,5368,820906,1009035,21909981140,1,1,26690
TA205,20220218,20220218,112545500,11:25:46,5368,820907,1009036,21910007830,1,1,26690
TA205,20220218,20220218,112546000,11:25:47,5368,820910,1009038,21910087900,3,2,80070
TA205,20220218,20220218,112546500,11:25:48,5368,820911,1009038,21910114590,1,0,26690
TA205,20220218,20220218,112547000,11:25:48,5370,820914,1009038,21910194660,3,0,80070
TA205,20220218,20220218,112547500,11:25:48,5368,820916,1009039,21910248040,2,1,53380
TA205,20220218,20220218,112548000,11:25:48,5368,820922,1009039,21910408180,6,0,160140
TA205,20220218,20220218,112549000,11:25:49,5368,820922,1009039,21910408180,0,0,0
TA205,20220218,20220218,112549500,11:25:49,5368,820922,1009039,21910408180,0,0,0
TA205,20220218,20220218,112550000,11:25:50,5368,820928,1009038,21910568320,6,-1,160140
TA205,20220218,20220218,112550500,11:25:51,5368,820930,1009039,21910621700,2,1,53380
TA205,20220218,20220218,112551000,11:25:51,5368,820932,1009041,21910675080,2,2,53380
TA205,20220218,20220218,112551500,11:25:51,5368,820936,1009045,21910781840,4,4,106760
TA205,20220218,20220218,112552000,11:25:52,5368,820937,1009045,21910808530,1,0,26690
TA205,20220218,20220218,112552500,11:25:52,5368,820950,1009058,21911155500,13,13,346970
TA205,20220218,20220218,112553000,11:25:53,5370,820952,1009058,21911208880,2,0,53380
TA205,20220218,20220218,112553500,11:25:54,5370,820952,1009058,21911208880,0,0,0
TA205,20220218,20220218,112554000,11:25:54,5370,820952,1009058,21911208880,0,0,0
TA205,20220218,20220218,112554500,11:25:55,5370,820952,1009058,21911208880,0,0,0
TA205,20220218,20220218,112555000,11:25:55,5368,820954,1009058,21911262260,2,0,53380
TA205,20220218,20220218,112555500,11:25:56,5370,820959,1009058,21911395710,5,0,133450
TA205,20220218,20220218,112556000,11:25:57,5370,820959,1009058,21911395710,0,0,0
TA205,20220218,20220218,112556500,11:25:57,5370,820959,1009058,21911395710,0,0,0
TA205,20220218,20220218,112557000,11:25:57,5370,820960,1009058,21911422400,1,0,26690
TA205,20220218,20220218,112557500,11:25:57,5370,820960,1009058,21911422400,0,0,0
TA205,20220218,20220218,112558500,11:25:59,5368,820961,1009058,21911449090,1,0,26690
TA205,20220218,20220218,112559000,11:26:00,5368,820962,1009059,21911475780,1,1,26690
TA205,20220218,20220218,112559500,11:26:00,5368,820964,1009059,21911529160,2,0,53380
TA205,20220218,20220218,112600000,11:26:00,5368,820964,1009059,21911529160,0,0,0
TA205,20220218,20220218,112600500,11:26:01,5368,820967,1009057,21911609230,3,-2,80070
TA205,20220218,20220218,112601000,11:26:01,5368,820968,1009057,21911635920,1,0,26690
TA205,20220218,20220218,112601500,11:26:01,5368,820968,1009057,21911635920,0,0,0
TA205,20220218,20220218,112602000,11:26:03,5368,820969,1009056,21911662610,1,-1,26690
TA205,20220218,20220218,112602500,11:26:03,5370,820973,1009056,21911769370,4,0,106760
TA205,20220218,20220218,112603000,11:26:03,5370,820973,1009056,21911769370,0,0,0
TA205,20220218,20220218,112603500,11:26:04,5370,820973,1009056,21911769370,0,0,0
TA205,20220218,20220218,112604000,11:26:05,5370,820974,1009055,21911796060,1,-1,26690
TA205,20220218,20220218,112604500,11:26:05,5368,820976,1009054,21911849440,2,-1,53380
TA205,20220218,20220218,112605000,11:26:05,5368,820976,1009054,21911849440,0,0,0
TA205,20220218,20220218,112605500,11:26:06,5370,821239,1009018,21918868910,263,-36,7019470
TA205,20220218,20220218,112606000,11:26:06,5370,821239,1009018,21918868910,0,0,0
TA205,20220218,20220218,112606500,11:26:07,5370,821239,1009018,21918868910,0,0,0
TA205,20220218,20220218,112607000,11:26:09,5370,821295,1008965,21920363550,56,-53,1494640
TA205,20220218,20220218,112607500,11:26:09,5370,821295,1008965,21920363550,0,0,0
TA205,20220218,20220218,112608000,11:26:09,5370,821295,1008965,21920363550,0,0,0
TA205,20220218,20220218,112609000,11:26:10,5370,821299,1008963,21920470310,4,-2,106760
TA205,20220218,20220218,112609500,11:26:10,5368,821300,1008962,21920497000,1,-1,26690
TA205,20220218,20220218,112610000,11:26:10,5370,821304,1008962,21920603760,4,0,106760
TA205,20220218,20220218,112610500,11:26:11,5370,821306,1008961,21920657140,2,-1,53380
TA205,20220218,20220218,112611000,11:26:11,5370,821425,1008980,21923833250,119,19,3176110
TA205,20220218,20220218,112611500,11:26:13,5370,821427,1008979,21923886630,2,-1,53380
TA205,20220218,20220218,112612000,11:26:14,5372,821428,1008979,21923913320,1,0,26690
TA205,20220218,20220218,112612500,11:26:14,5370,821429,1008979,21923940010,1,0,26690
TA205,20220218,20220218,112613000,11:26:15,5370,821430,1008980,21923966700,1,1,26690
TA205,20220218,20220218,112614000,11:26:15,5370,821434,1008980,21924073460,4,0,106760
TA205,20220218,20220218,112614500,11:26:15,5370,821436,1008979,21924126840,2,-1,53380
TA205,20220218,20220218,112615000,11:26:16,5370,821437,1008978,21924153530,1,-1,26690
TA205,20220218,20220218,112615500,11:26:16,5370,821480,1008958,21925301200,43,-20,1147670
TA205,20220218,20220218,112616000,11:26:16,5370,821508,1008944,21926048520,28,-14,747320
TA205,20220218,20220218,112616500,11:26:17,5372,821510,1008944,21926101900,2,0,53380
TA205,20220218,20220218,112617000,11:26:17,5372,821514,1008946,21926208660,4,2,106760
TA205,20220218,20220218,112617500,11:26:17,5372,821514,1008946,21926208660,0,0,0
TA205,20220218,20220218,112618000,11:26:18,5370,821526,1008936,21926528940,12,-10,320280
TA205,20220218,20220218,112618500,11:26:18,5370,821533,1008936,21926715770,7,0,186830
TA205,20220218,20220218,112619000,11:26:19,5370,821538,1008936,21926849220,5,0,133450
TA205,20220218,20220218,112619500,11:26:20,5370,821538,1008936,21926849220,0,0,0
TA205,20220218,20220218,112620000,11:26:20,5370,821538,1008936,21926849220,0,0,0
TA205,20220218,20220218,112620500,11:26:20,5370,821539,1008936,21926875910,1,0,26690
TA205,20220218,20220218,112621000,11:26:21,5372,821545,1008932,21927036050,6,-4,160140
TA205,20220218,20220218,112621500,11:26:21,5370,821548,1008930,21927116120,3,-2,80070
TA205,20220218,20220218,112622500,11:26:23,5370,821550,1008930,21927169500,2,0,53380
TA205,20220218,20220218,112623000,11:26:23,5370,821564,1008928,21927543160,14,-2,373660
TA205,20220218,20220218,112623500,11:26:23,5370,821565,1008927,21927569850,1,-1,26690
TA205,20220218,20220218,112624000,11:26:24,5370,821566,1008926,21927596540,1,-1,26690
TA205,20220218,20220218,112624500,11:26:24,5370,821566,1008926,21927596540,0,0,0
TA205,20220218,20220218,112625000,11:26:25,5370,821571,1008927,21927729990,5,1,133450
TA205,20220218,20220218,112625500,11:26:25,5370,821572,1008926,21927756680,1,-1,26690
TA205,20220218,20220218,112626000,11:26:26,5370,821574,1008924,21927810060,2,-2,53380
TA205,20220218,20220218,112626500,11:26:26,5370,821576,1008922,21927863440,2,-2,53380
TA205,20220218,20220218,112627000,11:26:27,5370,821579,1008919,21927943510,3,-3,80070
TA205,20220218,20220218,112627500,11:26:27,5370,821580,1008919,21927970200,1,0,26690
TA205,20220218,20220218,112628000,11:26:28,5370,821586,1008917,21928130340,6,-2,160140
TA205,20220218,20220218,112628500,11:26:28,5368,821590,1008918,21928237100,4,1,106760
TA205,20220218,20220218,112629000,11:26:29,5368,821590,1008918,21928237100,0,0,0
TA205,20220218,20220218,112629500,11:26:30,5370,821600,1008918,21928504000,10,0,266900
TA205,20220218,20220218,112630500,11:26:31,5370,821606,1008916,21928664140,6,-2,160140
TA205,20220218,20220218,112631000,11:26:31,5368,821607,1008916,21928690830,1,0,26690
TA205,20220218,20220218,112631500,11:26:32,5368,821610,1008918,21928770900,3,2,80070
TA205,20220218,20220218,112632000,11:26:32,5370,821611,1008918,21928797590,1,0,26690
TA205,20220218,20220218,112632500,11:26:32,5368,821613,1008919,21928850970,2,1,53380
TA205,20220218,20220218,112633000,11:26:33,5368,821613,1008919,21928850970,0,0,0
TA205,20220218,20220218,112633500,11:26:34,5370,821615,1008918,21928904350,2,-1,53380
TA205,20220218,20220218,112634000,11:26:34,5370,821615,1008918,21928904350,0,0,0
TA205,20220218,20220218,112634500,11:26:37,5368,821616,1008919,21928931040,1,1,26690
TA205,20220218,20220218,112635500,11:26:38,5368,821617,1008920,21928957730,1,1,26690
TA205,20220218,20220218,112637000,11:26:38,5368,821617,1008920,21928957730,0,0,0
TA205,20220218,20220218,112637500,11:27:10,5370,821627,1008915,21929224630,10,-5,266900
TA205,20220218,20220218,112638500,11:27:10,5368,821629,1008915,21929278010,2,0,53380
TA205,20220218,20220218,112653500,11:27:10,5370,822045,1008966,21940381050,416,51,11103040
TA205,20220218,20220218,112654000,11:27:12,5368,822046,1008965,21940407740,1,-1,26690
TA205,20220218,20220218,112710000,11:27:12,5370,822476,1008676,21951884440,430,-289,11476700
TA205,20220218,20220218,112710500,11:27:12,5370,822476,1008676,21951884440,0,0,0
TA205,20220218,20220218,112712000,11:27:12,5370,822476,1008676,21951884440,0,0,0
TA205,20220218,20220218,112712500,11:27:13,5370,822476,1008676,21951884440,0,0,0
TA205,20220218,20220218,112713000,11:27:13,5370,822502,1008689,21952578380,26,13,693940
TA205,20220218,20220218,112713500,11:27:14,5370,822506,1008687,21952685140,4,-2,106760
TA205,20220218,20220218,112714000,11:27:15,5368,822508,1008686,21952738520,2,-1,53380
TA205,20220218,20220218,112714500,11:27:15,5368,822508,1008686,21952738520,0,0,0
TA205,20220218,20220218,112715000,11:27:15,5370,822519,1008686,21953032110,11,0,293590
TA205,20220218,20220218,112715500,11:27:16,5372,822520,1008686,21953058800,1,0,26690
TA205,20220218,20220218,112716000,11:27:17,5372,822521,1008687,21953085490,1,1,26690
TA205,20220218,20220218,112716500,11:27:17,5372,822521,1008687,21953085490,0,0,0
TA205,20220218,20220218,112717000,11:27:17,5370,822529,1008685,21953299010,8,-2,213520
TA205,20220218,20220218,112717500,11:27:17,5370,822530,1008685,21953325700,1,0,26690
TA205,20220218,20220218,112718000,11:27:18,5370,822530,1008685,21953325700,0,0,0
TA205,20220218,20220218,112719000,11:27:19,5372,822534,1008689,21953432460,4,4,106760
TA205,20220218,20220218,112719500,11:27:20,5370,822535,1008689,21953459150,1,0,26690
TA205,20220218,20220218,112720000,11:27:20,5372,822539,1008688,21953565910,4,-1,106760
TA205,20220218,20220218,112720500,11:27:21,5372,822548,1008689,21953806120,9,1,240210
TA205,20220218,20220218,112721000,11:27:21,5372,822548,1008689,21953806120,0,0,0
TA205,20220218,20220218,112721500,11:27:22,5372,822548,1008689,21953806120,0,0,0
TA205,20220218,20220218,112722000,11:27:22,5370,822553,1008684,21953939570,5,-5,133450
TA205,20220218,20220218,112722500,11:27:26,5370,822563,1008687,21954206470,10,3,266900
TA205,20220218,20220218,112723000,11:27:27,5370,822563,1008687,21954206470,0,0,0
TA205,20220218,20220218,112723500,11:27:27,5372,822564,1008687,21954233160,1,0,26690
TA205,20220218,20220218,112724000,11:27:27,5370,822567,1008687,21954313230,3,0,80070
TA205,20220218,20220218,112726500,11:27:27,5370,822567,1008687,21954313230,0,0,0
TA205,20220218,20220218,112727000,11:27:27,5370,822567,1008687,21954313230,0,0,0
TA205,20220218,20220218,112727500,11:27:27,5370,822567,1008687,21954313230,0,0,0
TA205,20220218,20220218,112728000,11:27:28,5370,822620,1008713,21955727800,53,26,1414570
TA205,20220218,20220218,112728500,11:27:28,5372,822621,1008713,21955754490,1,0,26690
TA205,20220218,20220218,112729000,11:27:29,5372,822621,1008713,21955754490,0,0,0
TA205,20220218,20220218,112729500,11:27:30,5372,822634,1008723,21956101460,13,10,346970
TA205,20220218,20220218,112730000,11:27:30,5372,822634,1008723,21956101460,0,0,0
TA205,20220218,20220218,112730500,11:27:31,5372,822637,1008724,21956181530,3,1,80070
TA205,20220218,20220218,112731000,11:27:32,5372,822643,1008724,21956341670,6,0,160140
TA205,20220218,20220218,112731500,11:27:35,5370,822645,1008724,21956395050,2,0,53380
TA205,20220218,20220218,112732000,11:27:35,5370,822650,1008723,21956528500,5,-1,133450
TA205,20220218,20220218,112732500,11:27:36,5372,822656,1008729,21956688640,6,6,160140
TA205,20220218,20220218,112735500,11:27:36,5372,822656,1008729,21956688640,0,0,0
TA205,20220218,20220218,112736000,11:27:37,5372,822656,1008729,21956688640,0,0,0
TA205,20220218,20220218,112736500,11:27:38,5370,822674,1008730,21957169060,18,1,480420
TA205,20220218,20220218,112737000,11:27:38,5370,822674,1008730,21957169060,0,0,0
TA205,20220218,20220218,112737500,11:27:38,5370,822674,1008730,21957169060,0,0,0
TA205,20220218,20220218,112738000,11:27:38,5370,822679,1008734,21957302510,5,4,133450
TA205,20220218,20220218,112738500,11:27:39,5368,822693,1008741,21957676170,14,7,373660
TA205,20220218,20220218,112739000,11:27:39,5368,822696,1008741,21957756240,3,0,80070
TA205,20220218,20220218,112739500,11:27:39,5370,822698,1008740,21957809620,2,-1,53380
TA205,20220218,20220218,112740000,11:27:40,5370,822702,1008740,21957916380,4,0,106760
TA205,20220218,20220218,112740500,11:27:40,5370,822702,1008740,21957916380,0,0,0
TA205,20220218,20220218,112741000,11:27:41,5370,822702,1008740,21957916380,0,0,0
TA205,20220218,20220218,112741500,11:27:41,5370,822704,1008739,21957969760,2,-1,53380
TA205,20220218,20220218,112742000,11:27:42,5370,822704,1008739,21957969760,0,0,0
TA205,20220218,20220218,112742500,11:27:43,5368,822705,1008739,21957996450,1,0,26690
TA205,20220218,20220218,112743500,11:27:43,5370,822706,1008738,21958023140,1,-1,26690
TA205,20220218,20220218,112744000,11:27:44,5370,822710,1008736,21958129900,4,-2,106760
TA205,20220218,20220218,112744500,11:27:45,5370,822712,1008735,21958183280,2,-1,53380
TA205,20220218,20220218,112745000,11:27:46,5368,822713,1008736,21958209970,1,1,26690
TA205,20220218,20220218,112745500,11:27:46,5370,822715,1008736,21958263350,2,0,53380
TA205,20220218,20220218,112746000,11:27:46,5370,822715,1008736,21958263350,0,0,0
TA205,20220218,20220218,112746500,11:27:47,5370,822715,1008736,21958263350,0,0,0
TA205,20220218,20220218,112747000,11:27:47,5370,822715,1008736,21958263350,0,0,0
TA205,20220218,20220218,112747500,11:27:47,5370,822721,1008734,21958423490,6,-2,160140
TA205,20220218,20220218,112748000,11:27:53,5370,822825,1008808,21961199250,104,74,2775760
TA205,20220218,20220218,112748500,11:27:54,5370,822825,1008808,21961199250,0,0,0
TA205,20220218,20220218,112749000,11:27:54,5368,822826,1008809,21961225940,1,1,26690
TA205,20220218,20220218,112749500,11:27:54,5368,822828,1008809,21961279320,2,0,53380
TA205,20220218,20220218,112754000,11:27:54,5370,822850,1008823,21961866500,22,14,587180
TA205,20220218,20220218,112754500,11:27:55,5370,822855,1008828,21961999950,5,5,133450
TA205,20220218,20220218,112755000,11:27:55,5370,822860,1008833,21962133400,5,5,133450
TA205,20220218,20220218,112755500,11:27:55,5370,822902,1008826,21963254380,42,-7,1120980
TA205,20220218,20220218,112756000,11:27:56,5370,822904,1008826,21963307760,2,0,53380
TA205,20220218,20220218,112756500,11:27:56,5372,822906,1008826,21963361140,2,0,53380
TA205,20220218,20220218,112757000,11:27:57,5372,822906,1008826,21963361140,0,0,0
TA205,20220218,20220218,112757500,11:27:57,5372,822908,1008826,21963414520,2,0,53380
TA205,20220218,20220218,112758000,11:27:58,5372,822908,1008826,21963414520,0,0,0
TA205,20220218,20220218,112758500,11:27:59,5370,822909,1008825,21963441210,1,-1,26690
TA205,20220218,20220218,112759000,11:27:59,5372,822916,1008823,21963628040,7,-2,186830
TA205,20220218,20220218,112759500,11:27:59,5370,822917,1008823,21963654730,1,0,26690
TA205,20220218,20220218,112800000,11:28:01,5372,822922,1008826,21963788180,5,3,133450
TA205,20220218,20220218,112800500,11:28:01,5370,822924,1008825,21963841560,2,-1,53380
TA205,20220218,20220218,112801000,11:28:01,5372,822957,1008808,21964722330,33,-17,880770
TA205,20220218,20220218,112801500,11:28:02,5372,822957,1008808,21964722330,0,0,0
TA205,20220218,20220218,112802000,11:28:03,5372,822967,1008818,21964989230,10,10,266900
TA205,20220218,20220218,112802500,11:28:03,5372,822973,1008818,21965149370,6,0,160140
TA205,20220218,20220218,112803000,11:28:04,5372,823231,1008894,21972035390,258,76,6886020
TA205,20220218,20220218,112803500,11:28:04,5374,823318,1008817,21974357420,87,-77,2322030
TA205,20220218,20220218,112804000,11:28:05,5374,823324,1008817,21974517560,6,0,160140
TA205,20220218,20220218,112804500,11:28:05,5374,823324,1008817,21974517560,0,0,0
TA205,20220218,20220218,112805000,11:28:06,5372,823336,1008816,21974837840,12,-1,320280
TA205,20220218,20220218,112805500,11:28:06,5374,823344,1008809,21975051360,8,-7,213520
TA205,20220218,20220218,112806000,11:28:10,5372,823347,1008806,21975131430,3,-3,80070
TA205,20220218,20220218,112806500,11:28:10,5372,823352,1008807,21975264880,5,1,133450
TA205,20220218,20220218,112807000,11:28:10,5372,823352,1008807,21975264880,0,0,0
TA205,20220218,20220218,112807500,11:28:11,5372,823352,1008807,21975264880,0,0,0
TA205,20220218,20220218,112810000,11:28:11,5372,823390,1008821,21976279100,38,14,1014220
TA205,20220218,20220218,112810500,11:28:11,5372,823391,1008822,21976305790,1,1,26690
TA205,20220218,20220218,112811000,11:28:12,5372,823392,1008822,21976332480,1,0,26690
TA205,20220218,20220218,112811500,11:28:12,5372,823395,1008822,21976412550,3,0,80070
TA205,20220218,20220218,112812000,11:28:12,5372,823395,1008822,21976412550,0,0,0
TA205,20220218,20220218,112812500,11:28:13,5374,823397,1008822,21976465930,2,0,53380
TA205,20220218,20220218,112813000,11:28:13,5372,823405,1008825,21976679450,8,3,213520
TA205,20220218,20220218,112813500,11:28:14,5372,823405,1008825,21976679450,0,0,0
TA205,20220218,20220218,112814000,11:28:14,5372,823405,1008825,21976679450,0,0,0
TA205,20220218,20220218,112814500,11:28:14,5372,823408,1008825,21976759520,3,0,80070
TA205,20220218,20220218,112815000,11:28:15,5374,823410,1008826,21976812900,2,1,53380
TA205,20220218,20220218,112815500,11:28:15,5374,823410,1008826,21976812900,0,0,0
TA205,20220218,20220218,112816000,11:28:16,5374,823412,1008826,21976866280,2,0,53380
TA205,20220218,20220218,112816500,11:28:16,5374,823424,1008831,21977186560,12,5,320280
TA205,20220218,20220218,112817000,11:28:17,5374,823432,1008831,21977400080,8,0,213520
TA205,20220218,20220218,112817500,11:28:17,5372,823433,1008831,21977426770,1,0,26690
TA205,20220218,20220218,112818000,11:28:18,5372,823433,1008831,21977426770,0,0,0
TA205,20220218,20220218,112818500,11:28:18,5374,823434,1008831,21977453460,1,0,26690
TA205,20220218,20220218,112819000,11:28:19,5374,823434,1008831,21977453460,0,0,0
TA205,20220218,20220218,112819500,11:28:19,5374,823435,1008830,21977480150,1,-1,26690
TA205,20220218,20220218,112820000,11:28:20,5374,823436,1008829,21977506840,1,-1,26690
TA205,20220218,20220218,112820500,11:28:20,5374,823437,1008828,21977533530,1,-1,26690
TA205,20220218,20220218,112821000,11:28:21,5374,823444,1008821,21977720360,7,-7,186830
TA205,20220218,20220218,112821500,11:28:22,5374,823444,1008821,21977720360,0,0,0
TA205,20220218,20220218,112822000,11:28:22,5374,823449,1008821,21977853810,5,0,133450
TA205,20220218,20220218,112822500,11:28:22,5374,823452,1008822,21977933880,3,1,80070
TA205,20220218,20220218,112823000,11:28:23,5374,823452,1008822,21977933880,0,0,0
TA205,20220218,20220218,112823500,11:28:23,5374,823452,1008822,21977933880,0,0,0
TA205,20220218,20220218,112824000,11:28:24,5374,823456,1008825,21978040640,4,3,106760
TA205,20220218,20220218,112824500,11:28:24,5374,823457,1008825,21978067330,1,0,26690
TA205,20220218,20220218,112825000,11:28:25,5374,823460,1008824,21978147400,3,-1,80070
TA205,20220218,20220218,112825500,11:28:25,5374,823464,1008823,21978254160,4,-1,106760
TA205,20220218,20220218,112826000,11:28:26,5374,823464,1008823,21978254160,0,0,0
TA205,20220218,20220218,112826500,11:28:27,5374,823467,1008822,21978334230,3,-1,80070
TA205,20220218,20220218,112827000,11:28:27,5374,823467,1008822,21978334230,0,0,0
TA205,20220218,20220218,112827500,11:28:27,5374,823471,1008825,21978440990,4,3,106760
TA205,20220218,20220218,112828000,11:28:28,5374,823477,1008828,21978601130,6,3,160140
TA205,20220218,20220218,112828500,11:28:28,5374,823480,1008828,21978681200,3,0,80070
TA205,20220218,20220218,112829000,11:28:29,5374,823486,1008829,21978841340,6,1,160140
TA205,20220218,20220218,112829500,11:28:29,5372,823619,1008797,21982391110,133,-32,3549770
TA205,20220218,20220218,112830000,11:28:30,5372,823637,1008800,21982871530,18,3,480420
TA205,20220218,20220218,112830500,11:28:31,5372,823737,1008775,21985540530,100,-25,2669000
TA205,20220218,20220218,112831000,11:28:31,5372,823738,1008774,21985567220,1,-1,26690
TA205,20220218,20220218,112831500,11:28:31,5374,823742,1008776,21985673980,4,2,106760
TA205,20220218,20220218,112832000,11:28:32,5372,823745,1008777,21985754050,3,1,80070
TA205,20220218,20220218,112832500,11:28:33,5374,823748,1008779,21985834120,3,2,80070
TA205,20220218,20220218,112833000,11:28:33,5374,823751,1008780,21985914190,3,1,80070
TA205,20220218,20220218,112833500,11:28:34,5374,823751,1008780,21985914190,0,0,0
TA205,20220218,20220218,112834000,11:28:34,5374,823751,1008780,21985914190,0,0,0
TA205,20220218,20220218,112834500,11:28:34,5374,823754,1008780,21985994260,3,0,80070
TA205,20220218,20220218,112835000,11:28:35,5372,823758,1008780,21986101020,4,0,106760
TA205,20220218,20220218,112835500,11:28:37,5374,823770,1008792,21986421300,12,12,320280
TA205,20220218,20220218,112836000,11:28:37,5372,823771,1008793,21986447990,1,1,26690
TA205,20220218,20220218,112836500,11:28:37,5374,823780,1008797,21986688200,9,4,240210
TA205,20220218,20220218,112837000,11:28:37,5372,823781,1008797,21986714890,1,0,26690
TA205,20220218,20220218,112837500,11:28:38,5372,823781,1008797,21986714890,0,0,0
TA205,20220218,20220218,112838000,11:28:38,5374,823884,1008703,21989463960,103,-94,2749070
TA205,20220218,20220218,112838500,11:28:38,5374,823885,1008702,21989490650,1,-1,26690
TA205,20220218,20220218,112839000,11:28:40,5372,823888,1008705,21989570720,3,3,80070
TA205,20220218,20220218,112839500,11:28:40,5372,823888,1008705,21989570720,0,0,0
TA205,20220218,20220218,112840000,11:28:40,5374,823890,1008705,21989624100,2,0,53380
TA205,20220218,20220218,112840500,11:28:40,5372,823891,1008706,21989650790,1,1,26690
TA205,20220218,20220218,112841500,11:28:41,5376,824105,1008771,21995362450,214,65,5711660
TA205,20220218,20220218,112842000,11:28:42,5378,824457,1008696,22004757330,352,-75,9394880
TA205,20220218,20220218,112842500,11:28:42,5378,824502,1008702,22005958380,45,6,1201050
TA205,20220218,20220218,112843000,11:28:43,5376,824504,1008700,22006011760,2,-2,53380
TA205,20220218,20220218,112843500,11:28:44,5378,824505,1008700,22006038450,1,0,26690
TA205,20220218,20220218,112844000,11:28:44,5378,825017,1008449,22019703730,512,-251,13665280
TA205,20220218,20220218,112844500,11:28:45,5378,825064,1008443,22020958160,47,-6,1254430
TA205,20220218,20220218,112845000,11:28:45,5376,825068,1008443,22021064920,4,0,106760
TA205,20220218,20220218,112845500,11:28:45,5378,825070,1008443,22021118300,2,0,53380
TA205,20220218,20220218,112846000,11:28:46,5376,825072,1008444,22021171680,2,1,53380
TA205,20220218,20220218,112846500,11:28:46,5378,825577,1008178,22042905900,505,-266,21734220
TA205,20220218,20220218,112847000,11:28:47,5380,825695,1008203,22046056500,118,25,3150600
TA205,20220218,20220218,112847500,11:28:48,5380,825728,1008189,22046937600,33,-14,881100
TA205,20220218,20220218,112848000,11:28:48,5382,825734,1008185,22047097800,6,-4,160200
TA205,20220218,20220218,112848500,11:28:48,5382,825741,1008181,22047284700,7,-4,186900
TA205,20220218,20220218,112849000,11:28:49,5380,825766,1008167,22047952200,25,-14,667500
TA205,20220218,20220218,112849500,11:28:50,5380,825776,1008173,22048219200,10,6,267000
TA205,20220218,20220218,112850000,11:28:50,5380,825794,1008170,22048699800,18,-3,480600
TA205,20220218,20220218,112850500,11:28:50,5380,825801,1008171,22048886700,7,1,186900
TA205,20220218,20220218,112851000,11:28:51,5382,825821,1008165,22049420700,20,-6,534000
TA205,20220218,20220218,112851500,11:28:51,5382,825839,1008150,22049901300,18,-15,480600
TA205,20220218,20220218,112852000,11:28:53,5382,825847,1008153,22050114900,8,3,213600
TA205,20220218,20220218,112852500,11:28:53,5382,826526,1008186,22068244200,679,33,18129300
TA205,20220218,20220218,112853000,11:28:54,5382,826614,1008210,22070593800,88,24,2349600
TA205,20220218,20220218,112853500,11:28:54,5384,826839,1008038,22076601300,225,-172,6007500
TA205,20220218,20220218,112854000,11:28:54,5386,827044,1007938,22082074800,205,-100,5473500
TA205,20220218,20220218,112854500,11:28:54,5384,827446,1007727,22092808200,402,-211,10733400
TA205,20220218,20220218,112855000,11:28:55,5384,827508,1007688,22094463600,62,-39,1655400
TA205,20220218,20220218,112855500,11:28:56,5384,827532,1007684,22095104400,24,-4,640800
TA205,20220218,20220218,112856000,11:28:56,5382,827543,1007689,22095398100,11,5,293700
TA205,20220218,20220218,112856500,11:28:56,5384,827580,1007700,22096386000,37,11,987900
TA205,20220218,20220218,112857000,11:28:57,5384,827618,1007676,22097400600,38,-24,1014600
TA205,20220218,20220218,112857500,11:28:58,5382,827624,1007675,22097560800,6,-1,160200
TA205,20220218,20220218,112858000,11:28:58,5384,827625,1007675,22097587500,1,0,26700
TA205,20220218,20220218,112858500,11:28:59,5384,827630,1007675,22097721000,5,0,133500
TA205,20220218,20220218,112859000,11:28:59,5384,827681,1007645,22099082700,51,-30,1361700
TA205,20220218,20220218,112859500,11:29:00,5384,827684,1007645,22099162800,3,0,80100
TA205,20220218,20220218,112900000,11:29:00,5384,827702,1007638,22099643400,18,-7,480600
TA205,20220218,20220218,112900500,11:29:01,5382,827717,1007628,22100043900,15,-10,400500
TA205,20220218,20220218,112901000,11:29:01,5384,827839,1007601,22103301300,122,-27,3257400
TA205,20220218,20220218,112901500,11:29:02,5384,827859,1007585,22103835300,20,-16,534000
TA205,20220218,20220218,112902000,11:29:02,5384,827873,1007574,22104209100,14,-11,373800
TA205,20220218,20220218,112902500,11:29:03,5384,827873,1007574,22104209100,0,0,0
TA205,20220218,20220218,112903000,11:29:03,5384,827902,1007573,22104983400,29,-1,774300
TA205,20220218,20220218,112903500,11:29:04,5384,827908,1007572,22105143600,6,-1,160200
TA205,20220218,20220218,112904000,11:29:04,5382,827910,1007573,22105197000,2,1,53400
TA205,20220218,20220218,112904500,11:29:04,5384,827914,1007571,22105303800,4,-2,106800
TA205,20220218,20220218,112905000,11:29:05,5384,827914,1007571,22105303800,0,0,0
TA205,20220218,20220218,112905500,11:29:06,5382,827932,1007570,22105784400,18,-1,480600
TA205,20220218,20220218,112906000,11:29:06,5384,827936,1007567,22105891200,4,-3,106800
TA205,20220218,20220218,112906500,11:29:06,5384,827955,1007575,22106398500,19,8,507300
TA205,20220218,20220218,112907000,11:29:07,5382,827976,1007579,22106959200,21,4,560700
TA205,20220218,20220218,112907500,11:29:08,5382,828455,1007866,22119748500,479,287,12789300
TA205,20220218,20220218,112908000,11:29:08,5382,828461,1007867,22119908700,6,1,160200
TA205,20220218,20220218,112908500,11:29:08,5382,828537,1007822,22121937900,76,-45,2029200
TA205,20220218,20220218,112909000,11:29:09,5382,828785,1007727,22128559500,248,-95,6621600
TA205,20220218,20220218,112909500,11:29:09,5382,828792,1007723,22128746400,7,-4,186900
TA205,20220218,20220218,112910000,11:29:10,5382,828811,1007709,22129253700,19,-14,507300
TA205,20220218,20220218,112910500,11:29:10,5382,828834,1007708,22129867800,23,-1,614100
TA205,20220218,20220218,112911000,11:29:11,5380,828839,1007710,22130001300,5,2,133500
TA205,20220218,20220218,112911500,11:29:12,5382,828846,1007710,22130188200,7,0,186900
TA205,20220218,20220218,112912000,11:29:12,5380,828847,1007710,22130214900,1,0,26700
TA205,20220218,20220218,112912500,11:29:12,5380,828847,1007710,22130214900,0,0,0
TA205,20220218,20220218,112913000,11:29:13,5380,828854,1007704,22130401800,7,-6,186900
TA205,20220218,20220218,112913500,11:29:14,5382,828861,1007703,22130588700,7,-1,186900
TA205,20220218,20220218,112914000,11:29:14,5380,828868,1007702,22130775600,7,-1,186900
TA205,20220218,20220218,112914500,11:29:15,5380,828892,1007721,22131416400,24,19,640800
TA205,20220218,20220218,112915000,11:29:15,5380,828894,1007720,22131469800,2,-1,53400
TA205,20220218,20220218,112915500,11:29:16,5382,828898,1007721,22131576600,4,1,106800
TA205,20220218,20220218,112916000,11:29:16,5382,829069,1007777,22136142300,171,56,4565700
TA205,20220218,20220218,112916500,11:29:18,5382,829071,1007779,22136195700,2,2,53400
TA205,20220218,20220218,112917000,11:29:20,5382,829082,1007779,22136489400,11,0,293700
TA205,20220218,20220218,112917500,11:29:21,5382,829205,1007702,22139773500,123,-77,3284100
TA205,20220218,20220218,112918000,11:29:21,5382,829293,1007688,22142123100,88,-14,2349600
TA205,20220218,20220218,112920500,11:29:21,5384,829349,1007689,22143618300,56,1,1495200
TA205,20220218,20220218,112921000,11:29:22,5384,829352,1007688,22143698400,3,-1,80100
TA205,20220218,20220218,112921500,11:29:24,5382,829357,1007692,22143831900,5,4,133500
TA205,20220218,20220218,112922000,11:29:24,5384,829377,1007697,22144365900,20,5,534000
TA205,20220218,20220218,112922500,11:29:24,5384,829387,1007707,22144632900,10,10,267000
TA205,20220218,20220218,112923000,11:29:24,5384,829388,1007707,22144659600,1,0,26700
TA205,20220218,20220218,112924000,11:29:24,5382,829434,1007726,22145887800,46,19,1228200
TA205,20220218,20220218,112924500,11:29:24,5384,829441,1007723,22146074700,7,-3,186900
TA205,20220218,20220218,112925000,11:29:25,5384,829466,1007727,22146742200,25,4,667500
TA205,20220218,20220218,112925500,11:29:25,5384,829470,1007723,22146849000,4,-4,106800
TA205,20220218,20220218,112926000,11:29:26,5384,829472,1007722,22146902400,2,-1,53400
TA205,20220218,20220218,112926500,11:29:26,5384,829501,1007707,22147676700,29,-15,774300
TA205,20220218,20220218,112927000,11:29:27,5384,829502,1007707,22147703400,1,0,26700
TA205,20220218,20220218,112927500,11:29:27,5386,829508,1007703,22147863600,6,-4,160200
TA205,20220218,20220218,112928000,11:29:28,5384,829509,1007703,22147890300,1,0,26700
TA205,20220218,20220218,112928500,11:29:28,5386,829525,1007703,22148317500,16,0,427200
TA205,20220218,20220218,112929000,11:29:29,5386,829541,1007704,22148744700,16,1,427200
TA205,20220218,20220218,112929500,11:29:30,5384,829567,1007684,22149438900,26,-20,694200
TA205,20220218,20220218,112930000,11:29:30,5384,829588,1007699,22149999600,21,15,560700
TA205,20220218,20220218,112930500,11:29:31,5386,829604,1007703,22150426800,16,4,427200
TA205,20220218,20220218,112931000,11:29:32,5384,829633,1007685,22151201100,29,-18,774300
TA205,20220218,20220218,112931500,11:29:32,5386,830489,1007468,22174056300,856,-217,22855200
TA205,20220218,20220218,112932000,11:29:36,5388,830581,1007540,22176512700,92,72,2456400
TA205,20220218,20220218,112932500,11:29:36,5388,830645,1007532,22178221500,64,-8,1708800
TA205,20220218,20220218,112933000,11:29:37,5388,830723,1007494,22180304100,78,-38,2082600
TA205,20220218,20220218,112933500,11:29:38,5386,830733,1007496,22180571100,10,2,267000
TA205,20220218,20220218,112936500,11:29:38,5386,831002,1007508,22187753400,269,12,7182300
TA205,20220218,20220218,112937000,11:29:38,5388,831019,1007510,22188207300,17,2,453900
TA205,20220218,20220218,112937500,11:29:38,5388,831021,1007510,22188260700,2,0,53400
TA205,20220218,20220218,112938000,11:29:38,5388,831042,1007530,22188821400,21,20,560700
TA205,20220218,20220218,112938500,11:29:39,5388,831043,1007530,22188848100,1,0,26700
TA205,20220218,20220218,112939000,11:29:39,5386,831065,1007532,22189435500,22,2,587400
TA205,20220218,20220218,112939500,11:29:40,5388,831074,1007538,22189675800,9,6,240300
TA205,20220218,20220218,112940000,11:29:40,5386,831094,1007546,22190209800,20,8,534000
TA205,20220218,20220218,112940500,11:29:40,5388,831135,1007551,22191304500,41,5,1094700
TA205,20220218,20220218,112941000,11:29:41,5386,831139,1007551,22191411300,4,0,106800
TA205,20220218,20220218,112941500,11:29:42,5386,831141,1007552,22191464700,2,1,53400
TA205,20220218,20220218,112942000,11:29:43,5386,831153,1007561,22191785100,12,9,320400
TA205,20220218,20220218,112942500,11:29:44,5388,831167,1007566,22192158900,14,5,373800
TA205,20220218,20220218,112943000,11:29:45,5388,831187,1007579,22192692900,20,13,534000
TA205,20220218,20220218,112943500,11:29:45,5388,831212,1007565,22193360400,25,-14,667500
TA205,20220218,20220218,112944000,11:29:45,5388,831215,1007567,22193440500,3,2,80100
TA205,20220218,20220218,112944500,11:29:45,5388,831219,1007569,22193547300,4,2,106800
TA205,20220218,20220218,112945000,11:29:46,5386,831232,1007581,22193894400,13,12,347100
TA205,20220218,20220218,112945500,11:29:46,5388,831234,1007583,22193947800,2,2,53400
TA205,20220218,20220218,112946000,11:29:46,5388,831267,1007585,22194828900,33,2,881100
TA205,20220218,20220218,112946500,11:29:47,5386,831286,1007585,22195336200,19,0,507300
TA205,20220218,20220218,112947000,11:29:47,5388,831359,1007606,22197285300,73,21,1949100
TA205,20220218,20220218,112947500,11:29:48,5388,831365,1007612,22197445500,6,6,160200
TA205,20220218,20220218,112948000,11:29:49,5386,831421,1007638,22198940700,56,26,1495200
TA205,20220218,20220218,112948500,11:29:49,5386,831443,1007635,22199528100,22,-3,587400
TA205,20220218,20220218,112949000,11:29:50,5388,831475,1007625,22200382500,32,-10,854400
TA205,20220218,20220218,112949500,11:29:50,5386,831479,1007627,22200489300,4,2,106800
TA205,20220218,20220218,112950000,11:29:51,5388,831492,1007637,22200836400,13,10,347100
TA205,20220218,20220218,112950500,11:29:51,5388,831516,1007622,22201477200,24,-15,640800
TA205,20220218,20220218,112951500,11:29:52,5386,831560,1007618,22202652000,44,-4,1174800
TA205,20220218,20220218,112952000,11:29:52,5388,831755,1007752,22207858500,195,134,5206500
TA205,20220218,20220218,112952500,11:29:53,5388,831783,1007769,22208606100,28,17,747600
TA205,20220218,20220218,112953000,11:29:54,5388,831797,1007776,22208979900,14,7,373800
TA205,20220218,20220218,112953500,11:29:54,5388,831814,1007781,22209433800,17,5,453900
TA205,20220218,20220218,112954000,11:29:54,5388,832396,1008058,22224973200,582,277,15539400
TA205,20220218,20220218,112954500,11:29:54,5386,832409,1008063,22225320300,13,5,347100
TA205,20220218,20220218,112955000,11:29:55,5386,832431,1008068,22225907700,22,5,587400
TA205,20220218,20220218,112955500,11:29:56,5388,832438,1008073,22226094600,7,5,186900
TA205,20220218,20220218,112956000,11:29:56,5388,832473,1008073,22227029100,35,0,934500
TA205,20220218,20220218,112956500,11:30:00,5388,832511,1008086,22228043700,38,13,1014600
TA205,20220218,20220218,112957000,11:30:00,5386,832535,1008073,22228684500,24,-13,640800
TA205,20220218,20220218,112957500,11:30:02,5388,832546,1008062,22228978200,11,-11,293700
TA205,20220218,20220218,112959500,11:30:02,5388,832617,1008081,22230873900,71,19,1895700
TA205,20220218,20220218,113000000,11:30:03,5390,832637,1008078,22231407900,20,-3,534000
TA205,20220218,20220218,113000500,11:30:03,5390,832782,1008089,22235279400,145,11,3871500
TA205,20220218,20220218,133000500,13:30:00,5386,832801,1008107,22235786700,19,18,507300
TA205,20220218,20220218,133001000,13:30:01,5390,833507,1008151,22254636900,706,44,18850200
TA205,20220218,20220218,133001500,13:30:02,5388,833898,1008442,22265076600,391,291,10439700
TA205,20220218,20220218,133002000,13:30:08,5388,834095,1008311,22270336500,197,-131,5259900
TA205,20220218,20220218,133002500,13:30:10,5386,834186,1008326,22272766200,91,15,2429700
TA205,20220218,20220218,133008000,13:30:10,5380,835701,1008215,22313216700,1515,-111,40450500
TA205,20220218,20220218,133009500,13:30:10,5376,836078,1008255,22323282600,377,40,10065900
TA205,20220218,20220218,133010000,13:30:11,5376,836223,1008364,22327154100,145,109,3871500
TA205,20220218,20220218,133010500,13:30:12,5380,836316,1008343,22329637200,93,-21,2483100
TA205,20220218,20220218,133011000,13:30:13,5378,836368,1008319,22331025600,52,-24,1388400
TA205,20220218,20220218,133012500,13:30:13,5376,836456,1008341,22333375200,88,22,2349600
TA205,20220218,20220218,133013000,13:30:13,5378,836481,1008346,22334042700,25,5,667500
TA205,20220218,20220218,133013500,13:30:14,5378,836517,1008348,22335003900,36,2,961200
TA205,20220218,20220218,133014000,13:30:15,5376,836604,1008421,22337326800,87,73,2322900
TA205,20220218,20220218,133014500,13:30:16,5374,836617,1008424,22337673900,13,3,347100
TA205,20220218,20220218,133015000,13:30:17,5374,836695,1008409,22339756500,78,-15,2082600
TA205,20220218,20220218,133016500,13:30:18,5370,836999,1008437,22347873300,304,28,8116800
TA205,20220218,20220218,133017000,13:30:18,5370,837144,1008368,22351744800,145,-69,3871500
TA205,20220218,20220218,133017500,13:30:18,5370,837181,1008362,22352732700,37,-6,987900
TA205,20220218,20220218,133018000,13:30:19,5372,837338,1008356,22356924600,157,-6,4191900
TA205,20220218,20220218,133018500,13:30:20,5370,837473,1008242,22360529100,135,-114,3604500
TA205,20220218,20220218,133019000,13:30:20,5374,837596,1008198,22363813200,123,-44,3284100
TA205,20220218,20220218,133019500,13:30:20,5374,837603,1008192,22364000100,7,-6,186900
TA205,20220218,20220218,133020000,13:30:21,5374,837801,1008084,22369286700,198,-108,5286600
TA205,20220218,20220218,133020500,13:30:21,5374,837816,1008072,22369687200,15,-12,400500
TA205,20220218,20220218,133021000,13:30:21,5374,837832,1008061,22370114400,16,-11,427200
TA205,20220218,20220218,133021500,13:30:22,5374,837881,1008064,22371422700,49,3,1308300
TA205,20220218,20220218,133022000,13:30:38,5374,837901,1008049,22371956700,20,-15,534000
TA205,20220218,20220218,133022500,13:30:38,5372,837917,1008046,22372383900,16,-3,427200
TA205,20220218,20220218,133023000,13:30:40,5374,837923,1008050,22372544100,6,4,160200
TA205,20220218,20220218,133038000,13:30:40,5378,838902,1008098,22398683400,979,48,26139300
TA205,20220218,20220218,133038500,13:30:42,5376,838910,1008100,22398897000,8,2,213600
TA205,20220218,20220218,133040500,13:30:42,5378,838930,1008110,22399431000,20,10,534000
TA205,20220218,20220218,133041000,13:30:43,5376,838941,1008119,22399724700,11,9,293700
TA205,20220218,20220218,133042500,13:30:44,5378,839046,1008090,22402528200,105,-29,2803500
TA205,20220218,20220218,133043000,13:30:44,5380,839056,1008082,22402795200,10,-8,267000
TA205,20220218,20220218,133043500,13:30:45,5378,839080,1008077,22403436000,24,-5,640800
TA205,20220218,20220218,133044000,13:30:46,5380,839089,1008069,22403676300,9,-8,240300
TA205,20220218,20220218,133044500,13:30:46,5378,839106,1008066,22404130200,17,-3,453900
TA205,20220218,20220218,133045000,13:30:46,5380,839116,1008066,22404397200,10,0,267000
TA205,20220218,20220218,133045500,13:30:47,5380,839130,1008063,22404771000,14,-3,373800
TA205,20220218,20220218,133046000,13:30:47,5380,839135,1008066,22404904500,5,3,133500
TA205,20220218,20220218,133046500,13:30:47,5380,839138,1008066,22404984600,3,0,80100
TA205,20220218,20220218,133047000,13:30:48,5380,839140,1008066,22405038000,2,0,53400
TA205,20220218,20220218,133047500,13:30:48,5378,839203,1008113,22406720100,63,47,1682100
TA205,20220218,20220218,133048000,13:30:49,5382,839346,1008049,22410538200,143,-64,3818100
TA205,20220218,20220218,133048500,13:30:49,5380,839352,1008048,22410698400,6,-1,160200
TA205,20220218,20220218,133049000,13:30:50,5382,839535,1008103,22415584500,183,55,4886100
TA205,20220218,20220218,133049500,13:30:50,5384,839638,1008105,22418334600,103,2,2750100
TA205,20220218,20220218,133050000,13:30:51,5382,840112,1008541,22430990400,474,436,12655800
TA205,20220218,20220218,133050500,13:30:51,5382,840120,1008539,22431204000,8,-2,213600
TA205,20220218,20220218,133051000,13:30:52,5382,840129,1008543,22431444300,9,4,240300
TA205,20220218,20220218,133051500,13:30:52,5382,840240,1008523,22434408000,111,-20,2963700
TA205,20220218,20220218,133052000,13:30:53,5382,840261,1008514,22434968700,21,-9,560700
TA205,20220218,20220218,133052500,13:30:53,5382,840266,1008510,22435102200,5,-4,133500
TA205,20220218,20220218,133053000,13:30:54,5382,840277,1008512,22435395900,11,2,293700
TA205,20220218,20220218,133053500,13:30:54,5382,840283,1008510,22435556100,6,-2,160200
TA205,20220218,20220218,133054000,13:30:54,5382,840284,1008511,22435582800,1,1,26700
TA205,20220218,20220218,133054500,13:30:55,5384,840331,1008522,22436837700,47,11,1254900
TA205,20220218,20220218,133055000,13:30:56,5384,840336,1008524,22436971200,5,2,133500
TA205,20220218,20220218,133055500,13:30:56,5386,840574,1008321,22443325800,238,-203,6354600
TA205,20220218,20220218,133056000,13:30:57,5384,840586,1008316,22443646200,12,-5,320400
TA205,20220218,20220218,133056500,13:30:57,5386,840693,1008263,22446503100,107,-53,2856900
TA205,20220218,20220218,133057000,13:30:58,5386,840749,1008251,22447998300,56,-12,1495200
TA205,20220218,20220218,133057500,13:30:58,5386,840750,1008252,22448025000,1,1,26700
TA205,20220218,20220218,133058000,13:30:58,5386,840761,1008250,22448318700,11,-2,293700
TA205,20220218,20220218,133058500,13:30:59,5386,840761,1008250,22448318700,0,0,0
TA205,20220218,20220218,133059000,13:30:59,5386,840764,1008252,22448398800,3,2,80100
TA205,20220218,20220218,133059500,13:30:59,5382,840766,1008251,22448452200,2,-1,53400
TA205,20220218,20220218,133100000,13:31:00,5384,840786,1008250,22448986200,20,-1,534000
TA205,20220218,20220218,133100500,13:31:01,5384,840805,1008240,22449493500,19,-10,507300
TA205,20220218,20220218,133101000,13:31:01,5384,840832,1008233,22450214400,27,-7,720900
TA205,20220218,20220218,133101500,13:31:01,5384,840833,1008233,22450241100,1,0,26700
TA205,20220218,20220218,133102000,13:31:02,5384,840836,1008234,22450321200,3,1,80100
TA205,20220218,20220218,133102500,13:31:02,5384,840840,1008231,22450428000,4,-3,106800
TA205,20220218,20220218,133103000,13:31:03,5384,840851,1008233,22450721700,11,2,293700
TA205,20220218,20220218,133103500,13:31:04,5386,840873,1008228,22451309100,22,-5,587400
TA205,20220218,20220218,133104000,13:31:06,5386,841119,1008164,22457877300,246,-64,6568200
TA205,20220218,20220218,133104500,13:31:06,5388,841205,1008175,22460173500,86,11,2296200
TA205,20220218,20220218,133105500,13:31:07,5386,841426,1008158,22466074200,221,-17,5900700
TA205,20220218,20220218,133106000,13:31:08,5388,841437,1008164,22466367900,11,6,293700
TA205,20220218,20220218,133107500,13:31:08,5388,841744,1008027,22474564800,307,-137,8196900
TA205,20220218,20220218,133108500,13:31:09,5388,841859,1008025,22477635300,115,-2,3070500
TA205,20220218,20220218,133109000,13:31:09,5386,841875,1008025,22478062500,16,0,427200
TA205,20220218,20220218,133109500,13:31:10,5388,841887,1008025,22478382900,12,0,320400
TA205,20220218,20220218,133110000,13:31:11,5388,841930,1008054,22479531000,43,29,1148100
TA205,20220218,20220218,133110500,13:31:11,5388,841930,1008054,22479531000,0,0,0
TA205,20220218,20220218,133111000,13:31:11,5388,841960,1008048,22480332000,30,-6,801000
TA205,20220218,20220218,133111500,13:31:12,5386,841967,1008050,22480518900,7,2,186900
TA205,20220218,20220218,133112000,13:31:13,5386,841967,1008050,22480518900,0,0,0
TA205,20220218,20220218,133112500,13:31:13,5386,841992,1008051,22481186400,25,1,667500
TA205,20220218,20220218,133113000,13:31:13,5386,842091,1007952,22483829700,99,-99,2643300
TA205,20220218,20220218,133113500,13:31:14,5386,842093,1007952,22483883100,2,0,53400
TA205,20220218,20220218,133114000,13:31:15,5388,842095,1007952,22483936500,2,0,53400
TA205,20220218,20220218,133114500,13:31:15,5388,842095,1007952,22483936500,0,0,0
TA205,20220218,20220218,133115000,13:31:15,5386,842110,1007957,22484337000,15,5,400500
TA205,20220218,20220218,133115500,13:31:15,5388,842389,1008078,22491786300,279,121,7449300
TA205,20220218,20220218,133116000,13:31:16,5388,842401,1008086,22492106700,12,8,320400
TA205,20220218,20220218,133116500,13:31:17,5388,842402,1008086,22492133400,1,0,26700
TA205,20220218,20220218,133117000,13:31:18,5388,842404,1008087,22492186800,2,1,53400
TA205,20220218,20220218,133117500,13:31:18,5388,842415,1008084,22492480500,11,-3,293700
TA205,20220218,20220218,133118000,13:31:19,5388,842445,1008094,22493281500,30,10,801000
TA205,20220218,20220218,133118500,13:31:19,5390,842456,1008098,22493575200,11,4,293700
TA205,20220218,20220218,133119000,13:31:19,5388,842463,1008100,22493762100,7,2,186900
TA205,20220218,20220218,133119500,13:31:20,5388,842475,1008109,22494082500,12,9,320400
TA205,20220218,20220218,133120000,13:31:20,5388,842476,1008110,22494109200,1,1,26700
TA205,20220218,20220218,133120500,13:31:21,5390,842500,1008121,22494750000,24,11,640800
TA205,20220218,20220218,133121000,13:31:21,5390,842521,1008121,22495310700,21,0,560700
TA205,20220218,20220218,133121500,13:31:22,5392,842932,1008040,22506284400,411,-81,10973700
TA205,20220218,20220218,133122000,13:31:22,5390,843075,1007984,22510102500,143,-56,3818100
TA205,20220218,20220218,133122500,13:31:25,5390,843079,1007986,22510209300,4,2,106800
TA205,20220218,20220218,133123000,13:31:25,5392,843082,1007988,22510289400,3,2,80100
TA205,20220218,20220218,133123500,13:31:25,5390,843173,1008031,22512719100,91,43,2429700
TA205,20220218,20220218,133124000,13:31:25,5390,843238,1008049,22514454600,65,18,1735500
TA205,20220218,20220218,133124500,13:31:25,5392,843254,1008039,22514881800,16,-10,427200
TA205,20220218,20220218,133156000,13:31:56,5392,843283,1008037,22515656100,29,-2,774300
TA205,20220218,20220218,133158500,13:31:58,5390,843311,1008052,22516403700,28,15,747600
TA205,20220218,20220218,133159500,13:32:00,5390,843317,1008058,22516563900,6,6,160200
TA205,20220218,20220218,133200000,13:32:01,5394,846096,1008814,22590763200,2779,756,74199300
TA205,20220218,20220218,133200500,13:32:01,5394,846609,1008426,22604460300,513,-388,13697100
TA205,20220218,20220218,133201000,13:32:01,5392,846664,1008390,22605928800,55,-36,1468500
TA205,20220218,20220218,133201500,13:32:01,5394,846665,1008390,22605955500,1,0,26700
TA205,20220218,20220218,133202000,13:32:03,5392,846670,1008390,22606089000,5,0,133500
TA205,20220218,20220218,133202500,13:32:04,5394,846693,1008378,22606703100,23,-12,614100
TA205,20220218,20220218,133203000,13:32:05,5394,846707,1008379,22607076900,14,1,373800
TA205,20220218,20220218,133203500,13:32:05,5394,846717,1008380,22607343900,10,1,267000
TA205,20220218,20220218,133204000,13:32:05,5392,846847,1008281,22610814900,130,-99,3471000
TA205,20220218,20220218,133205000,13:32:05,5394,846871,1008271,22611455700,24,-10,640800
TA205,20220218,20220218,133205500,13:32:06,5394,847081,1008346,22617062700,210,75,5607000
TA205,20220218,20220218,133206000,13:32:07,5396,847100,1008344,22617570000,19,-2,507300
TA205,20220218,20220218,133206500,13:32:07,5396,847201,1008298,22620266700,101,-46,2696700
TA205,20220218,20220218,133207000,13:32:07,5394,847214,1008299,22620613800,13,1,347100
TA205,20220218,20220218,133207500,13:32:07,5394,847220,1008300,22620774000,6,1,160200
TA205,20220218,20220218,133208000,13:32:09,5396,847241,1008302,22621334700,21,2,560700
TA205,20220218,20220218,133208500,13:32:10,5394,847251,1008311,22621601700,10,9,267000
TA205,20220218,20220218,133209000,13:32:10,5396,847534,1008591,22629157800,283,280,7556100
TA205,20220218,20220218,133209500,13:32:10,5396,847538,1008595,22629264600,4,4,106800
TA205,20220218,20220218,133210000,13:32:11,5396,848096,1008277,22644163200,558,-318,14898600
TA205,20220218,20220218,133210500,13:32:13,5396,848250,1008363,22648275000,154,86,4111800
TA205,20220218,20220218,133211000,13:32:14,5394,848286,1008398,22649236200,36,35,961200
TA205,20220218,20220218,133213000,13:32:15,5398,849541,1008687,22682744700,1255,289,33508500
TA205,20220218,20220218,133214000,13:32:15,5396,849588,1008707,22683999600,47,20,1254900
TA205,20220218,20220218,133214500,13:32:16,5398,849632,1008721,22685174400,44,14,1174800
TA205,20220218,20220218,133215000,13:32:16,5396,849658,1008720,22685868600,26,-1,694200
TA205,20220218,20220218,133215500,13:32:16,5398,849685,1008723,22686589500,27,3,720900
TA205,20220218,20220218,133216000,13:32:17,5398,849739,1008714,22688031300,54,-9,1441800
TA205,20220218,20220218,133216500,13:32:17,5398,849756,1008723,22688485200,17,9,453900
TA205,20220218,20220218,133217000,13:32:17,5400,849761,1008726,22688618700,5,3,133500
TA205,20220218,20220218,133217500,13:32:18,5400,850003,1008616,22695080100,242,-110,6461400
TA205,20220218,20220218,133218000,13:32:18,5400,850029,1008618,22695774300,26,2,694200
TA205,20220218,20220218,133218500,13:32:19,5400,850070,1008641,22696869000,41,23,1094700
TA205,20220218,20220218,133219000,13:32:20,5398,850087,1008652,22697322900,17,11,453900
TA205,20220218,20220218,133219500,13:32:20,5398,850101,1008655,22697696700,14,3,373800
TA205,20220218,20220218,133220000,13:32:20,5398,850126,1008680,22698364200,25,25,667500
TA205,20220218,20220218,133220500,13:32:21,5398,850150,1008692,22699005000,24,12,640800
TA205,20220218,20220218,133221000,13:32:21,5400,850157,1008699,22699191900,7,7,186900
TA205,20220218,20220218,133221500,13:32:22,5400,850863,1008765,22718042100,706,66,18850200
TA205,20220218,20220218,133222000,13:32:22,5400,850924,1008764,22719670800,61,-1,1628700
TA205,20220218,20220218,133222500,13:32:23,5402,850944,1008749,22720204800,20,-15,534000
TA205,20220218,20220218,133223000,13:32:24,5400,851030,1008683,22722501000,86,-66,2296200
TA205,20220218,20220218,133223500,13:32:24,5402,851066,1008686,22723462200,36,3,961200
TA205,20220218,20220218,133224000,13:32:24,5402,851237,1008601,22728027900,171,-85,4565700
TA205,20220218,20220218,133224500,13:32:25,5400,851300,1008588,22729710000,63,-13,1682100
TA205,20220218,20220218,133225000,13:32:25,5402,851338,1008572,22730724600,38,-16,1014600
TA205,20220218,20220218,133225500,13:32:26,5402,851385,1008590,22731979500,47,18,1254900
TA205,20220218,20220218,133226000,13:32:27,5400,851417,1008593,22732833900,32,3,854400
TA205,20220218,20220218,133226500,13:32:27,5400,851448,1008606,22733661600,31,13,827700
TA205,20220218,20220218,133227000,13:32:27,5400,851499,1008602,22735023300,51,-4,1361700
TA205,20220218,20220218,133227500,13:32:28,5402,851532,1008584,22735904400,33,-18,881100
TA205,20220218,20220218,133228000,13:32:32,5402,851560,1008568,22736652000,28,-16,747600
TA205,20220218,20220218,133228500,13:32:32,5400,851568,1008563,22736865600,8,-5,213600
TA205,20220218,20220218,133229000,13:32:33,5402,851597,1008568,22737639900,29,5,774300
TA205,20220218,20220218,133232000,13:32:34,5402,852396,1008745,22758973200,799,177,21333300
TA205,20220218,20220218,133232500,13:32:35,5400,852492,1008766,22761536400,96,21,2563200
TA205,20220218,20220218,133234500,13:32:35,5404,852689,1008768,22766796300,197,2,5259900
TA205,20220218,20220218,133235000,13:32:36,5404,853541,1008237,22789544700,852,-531,22748400
TA205,20220218,20220218,133235500,13:32:36,5404,853639,1008228,22792161300,98,-9,2616600
TA205,20220218,20220218,133236000,13:32:37,5406,854299,1008096,22809783300,660,-132,17622000
TA205,20220218,20220218,133236500,13:32:37,5406,854650,1008146,22819155000,351,50,9371700
TA205,20220218,20220218,133237000,13:32:37,5406,855070,1007960,22830369000,420,-186,11214000
TA205,20220218,20220218,133237500,13:32:37,5406,855149,1007984,22832478300,79,24,2109300
TA205,20220218,20220218,133238000,13:32:38,5404,855315,1008005,22836910500,166,21,4432200
TA205,20220218,20220218,133238500,13:32:39,5404,855408,1008018,22839393600,93,13,2483100
TA205,20220218,20220218,133239000,13:32:39,5404,855812,1007937,22850180400,404,-81,10786800
TA205,20220218,20220218,133239500,13:32:40,5404,855956,1007947,22854025200,144,10,3844800
TA205,20220218,20220218,133240000,13:32:40,5404,856001,1007947,22855226700,45,0,1201500
TA205,20220218,20220218,133240500,13:32:40,5404,856112,1007870,22858190400,111,-77,2963700
TA205,20220218,20220218,133241000,13:32:41,5404,856127,1007862,22858590900,15,-8,400500
TA205,20220218,20220218,133241500,13:32:42,5402,856137,1007857,22858857900,10,-5,267000
TA205,20220218,20220218,133242000,13:32:42,5404,856149,1007850,22859178300,12,-7,320400
TA205,20220218,20220218,133242500,13:32:42,5404,856714,1007476,22874263800,565,-374,15085500
TA205,20220218,20220218,133243000,13:32:43,5404,856742,1007482,22875011400,28,6,747600
TA205,20220218,20220218,133243500,13:32:43,5404,857249,1007353,22888548300,507,-129,13536900
TA205,20220218,20220218,133244000,13:32:44,5404,857507,1007455,22895436900,258,102,6888600
TA205,20220218,20220218,133244500,13:32:45,5402,857779,1007578,22902699300,272,123,7262400
TA205,20220218,20220218,133245000,13:32:45,5402,858197,1007644,22913859900,418,66,11160600
TA205,20220218,20220218,133245500,13:32:45,5400,858248,1007679,22915221600,51,35,1361700
TA205,20220218,20220218,133246000,13:32:47,5400,858349,1007743,22917918300,101,64,2696700
TA205,20220218,20220218,133246500,13:32:47,5402,858395,1007780,22919146500,46,37,1228200
TA205,20220218,20220218,133247000,13:32:47,5402,858404,1007776,22919386800,9,-4,240300
TA205,20220218,20220218,133247500,13:32:48,5400,858482,1007726,22930054220,78,-50,10667420
TA205,20220218,20220218,133248000,13:32:48,5400,858490,1007729,22930267900,8,3,213680
TA205,20220218,20220218,133248500,13:32:49,5398,858524,1007738,22931176040,34,9,908140
TA205,20220218,20220218,133249000,13:32:49,5400,858568,1007755,22932351280,44,17,1175240
TA205,20220218,20220218,133249500,13:32:50,5398,858592,1007754,22932992320,24,-1,641040
TA205,20220218,20220218,133250000,13:32:52,5400,858604,1007759,22933312840,12,5,320520
TA205,20220218,20220218,133250500,13:32:52,5398,858623,1007771,22933820330,19,12,507490
TA205,20220218,20220218,133251000,13:32:52,5400,858625,1007772,22933873750,2,1,53420
TA205,20220218,20220218,133251500,13:32:53,5400,858630,1007775,22934007300,5,3,133550
TA205,20220218,20220218,133252500,13:32:53,5398,859007,1007682,22944076970,377,-93,10069670
TA205,20220218,20220218,133253000,13:32:53,5400,859170,1007793,22948430700,163,111,4353730
TA205,20220218,20220218,133253500,13:32:54,5400,859183,1007794,22948777930,13,1,347230
TA205,20220218,20220218,133254000,13:32:54,5400,859185,1007795,22948831350,2,1,53420
TA205,20220218,20220218,133254500,13:32:55,5400,859189,1007796,22948938190,4,1,106840
TA205,20220218,20220218,133255000,13:32:55,5400,859210,1007798,22949499100,21,2,560910
TA205,20220218,20220218,133255500,13:32:55,5402,859234,1007803,22950140140,24,5,641040
TA205,20220218,20220218,133256000,13:32:56,5400,859344,1007812,22953078240,110,9,2938100
TA205,20220218,20220218,133256500,13:32:58,5400,859372,1007829,22953826120,28,17,747880
TA205,20220218,20220218,133257000,13:32:59,5400,859394,1007830,22954413740,22,1,587620
TA205,20220218,20220218,133257500,13:33:00,5400,859397,1007833,22954493870,3,3,80130
TA205,20220218,20220218,133258000,13:33:00,5400,859404,1007837,22954680840,7,4,186970
TA205,20220218,20220218,133259500,13:33:01,5402,859679,1007847,22962026090,275,10,7345250
TA205,20220218,20220218,133300000,13:33:01,5402,860530,1008250,22984756300,851,403,22730210
TA205,20220218,20220218,133300500,13:33:01,5402,860627,1008228,22987347170,97,-22,2590870
TA205,20220218,20220218,133301000,13:33:02,5402,860861,1008273,22993597310,234,45,6250140
TA205,20220218,20220218,133301500,13:33:02,5404,860866,1008274,22993730860,5,1,133550
TA205,20220218,20220218,133302000,13:33:03,5402,860880,1008271,22994104800,14,-3,373940
TA205,20220218,20220218,133302500,13:33:03,5402,860995,1008236,22997176450,115,-35,3071650
TA205,20220218,20220218,133303000,13:33:04,5402,861010,1008245,22997577100,15,9,400650
TA205,20220218,20220218,133303500,13:33:04,5400,861034,1008235,22998218140,24,-10,641040
TA205,20220218,20220218,133304000,13:33:04,5400,861142,1008270,23001102820,108,35,2884680
TA205,20220218,20220218,133304500,13:33:05,5400,861703,1008474,23016087130,561,204,14984310
TA205,20220218,20220218,133305000,13:33:05,5400,861731,1008481,23016835010,28,7,747880
TA205,20220218,20220218,133305500,13:33:05,5398,861732,1008480,23016861720,1,-1,26710
TA205,20220218,20220218,133306000,13:33:06,5400,861968,1008627,23023165280,236,147,6303560
TA205,20220218,20220218,133306500,13:33:06,5398,861997,1008600,23023939870,29,-27,774590
TA205,20220218,20220218,133307000,13:33:07,5396,862006,1008608,23024180260,9,8,240390
TA205,20220218,20220218,133307500,13:33:08,5396,862050,1008593,23025355500,44,-15,1175240
TA205,20220218,20220218,133308000,13:33:08,5398,862062,1008597,23025676020,12,4,320520
TA205,20220218,20220218,133308500,13:33:09,5398,862068,1008599,23025836280,6,2,160260
TA205,20220218,20220218,133309000,13:33:09,5398,862183,1008612,23028907930,115,13,3071650
TA205,20220218,20220218,133309500,13:33:11,5398,862204,1008607,23029468840,21,-5,560910
TA205,20220218,20220218,133310000,13:33:11,5396,862209,1008607,23029602390,5,0,133550
TA205,20220218,20220218,133310500,13:33:12,5394,862730,1008450,23043518300,521,-157,13915910
TA205,20220218,20220218,133311000,13:33:13,5396,862958,1008487,23049608180,228,37,6089880
TA205,20220218,20220218,133311500,13:33:14,5394,863079,1008516,23052840090,121,29,3231910
TA205,20220218,20220218,133312000,13:33:14,5394,863084,1008513,23052973640,5,-3,133550
TA205,20220218,20220218,133313500,13:33:14,5396,863167,1008484,23055190570,83,-29,2216930
TA205,20220218,20220218,133314000,13:33:17,5394,863287,1008367,23058395770,120,-117,3205200
TA205,20220218,20220218,133314500,13:33:17,5394,863304,1008365,23058849840,17,-2,454070
TA205,20220218,20220218,133315000,13:33:18,5396,863308,1008363,23058956680,4,-2,106840
TA205,20220218,20220218,133315500,13:33:18,5396,863315,1008359,23059143650,7,-4,186970
TA205,20220218,20220218,133317000,13:33:18,5396,863691,1008434,23069186610,376,75,10042960
TA205,20220218,20220218,133318000,13:33:19,5396,863710,1008442,23069694100,19,8,507490
TA205,20220218,20220218,133318500,13:33:19,5398,863738,1008434,23070441980,28,-8,747880
TA205,20220218,20220218,133319000,13:33:20,5396,863742,1008437,23070548820,4,3,106840
TA205,20220218,20220218,133319500,13:33:20,5396,863758,1008448,23070976180,16,11,427360
TA205,20220218,20220218,133320000,13:33:21,5396,863944,1008582,23075944240,186,134,4968060
TA205,20220218,20220218,133320500,13:33:21,5398,863951,1008583,23076131210,7,1,186970
TA205,20220218,20220218,133321000,13:33:22,5396,863966,1008587,23076531860,15,4,400650
TA205,20220218,20220218,133321500,13:33:22,5396,863966,1008587,23076531860,0,0,0
TA205,20220218,20220218,133322000,13:33:22,5396,863966,1008587,23076531860,0,0,0
TA205,20220218,20220218,133322500,13:33:22,5398,863969,1008587,23076611990,3,0,80130
TA205,20220218,20220218,133323000,13:33:23,5396,864472,1008533,23090047120,503,-54,13435130
TA205,20220218,20220218,133323500,13:33:24,5396,864477,1008533,23090180670,5,0,133550
TA205,20220218,20220218,133324000,13:33:24,5396,864491,1008522,23090554610,14,-11,373940
TA205,20220218,20220218,133324500,13:33:25,5396,864505,1008528,23090928550,14,6,373940
TA205,20220218,20220218,133325000,13:33:26,5396,864516,1008534,23091222360,11,6,293810
TA205,20220218,20220218,133325500,13:33:27,5394,864518,1008535,23091275780,2,1,53420
TA205,20220218,20220218,133326000,13:33:28,5394,864520,1008536,23091329200,2,1,53420
TA205,20220218,20220218,133326500,13:33:29,5396,864530,1008526,23091596300,10,-10,267100
TA205,20220218,20220218,133327000,13:33:29,5394,864535,1008529,23091729850,5,3,133550
TA205,20220218,20220218,133327500,13:33:29,5394,864535,1008529,23091729850,0,0,0
TA205,20220218,20220218,133328500,13:33:30,5394,864551,1008534,23092157210,16,5,427360
TA205,20220218,20220218,133329500,13:33:30,5394,864730,1008545,23096938300,179,11,4781090
TA205,20220218,20220218,133330000,13:33:30,5394,864755,1008549,23097606050,25,4,667750
TA205,20220218,20220218,133330500,13:33:31,5392,864759,1008551,23097712890,4,2,106840
TA205,20220218,20220218,133331000,13:33:32,5394,864788,1008568,23098487480,29,17,774590
TA205,20220218,20220218,133331500,13:33:32,5394,864802,1008570,23098861420,14,2,373940
TA205,20220218,20220218,133332000,13:33:32,5394,864814,1008571,23099181940,12,1,320520
TA205,20220218,20220218,133332500,13:33:33,5392,864817,1008573,23099262070,3,2,80130
TA205,20220218,20220218,133333000,13:33:33,5392,864819,1008574,23099315490,2,1,53420
TA205,20220218,20220218,133333500,13:33:33,5392,864822,1008576,23099395620,3,2,80130
TA205,20220218,20220218,133334000,13:33:34,5394,864832,1008580,23099662720,10,4,267100
TA205,20220218,20220218,133334500,13:33:35,5394,864832,1008580,23099662720,0,0,0
TA205,20220218,20220218,133335000,13:33:35,5394,864837,1008580,23099796270,5,0,133550
TA205,20220218,20220218,133335500,13:33:35,5394,864841,1008582,23099903110,4,2,106840
TA205,20220218,20220218,133336000,13:33:36,5394,864927,1008558,23102200170,86,-24,2297060
TA205,20220218,20220218,133336500,13:33:36,5394,864928,1008557,23102226880,1,-1,26710
TA205,20220218,20220218,133337000,13:33:37,5394,864932,1008554,23102333720,4,-3,106840
TA205,20220218,20220218,133337500,13:33:37,5394,864939,1008548,23102520690,7,-6,186970
TA205,20220218,20220218,133338000,13:33:38,5394,864942,1008547,23102600820,3,-1,80130
TA205,20220218,20220218,133338500,13:33:39,5394,864957,1008539,23103001470,15,-8,400650
TA205,20220218,20220218,133339000,13:33:39,5394,865051,1008547,23105512210,94,8,2510740
TA205,20220218,20220218,133339500,13:33:40,5394,865062,1008547,23105806020,11,0,293810
TA205,20220218,20220218,133340000,13:33:40,5396,865283,1008403,23111708930,221,-144,5902910
TA205,20220218,20220218,133340500,13:33:41,5396,865292,1008410,23111949320,9,7,240390
TA205,20220218,20220218,133341000,13:33:41,5396,865310,1008397,23112430100,18,-13,480780
TA205,20220218,20220218,133341500,13:33:42,5396,865395,1008409,23114700450,85,12,2270350
TA205,20220218,20220218,133342000,13:33:42,5396,865397,1008410,23114753870,2,1,53420
TA205,20220218,20220218,133342500,13:33:42,5398,865399,1008410,23114807290,2,0,53420
TA205,20220218,20220218,133343000,13:33:43,5396,865409,1008415,23115074390,10,5,267100
TA205,20220218,20220218,133343500,13:33:44,5396,865414,1008418,23115207940,5,3,133550
TA205,20220218,20220218,133344000,13:33:45,5394,865418,1008420,23115314780,4,2,106840
TA205,20220218,20220218,133344500,13:33:45,5394,865418,1008420,23115314780,0,0,0
TA205,20220218,20220218,133345000,13:33:45,5394,865420,1008421,23115368200,2,1,53420
TA205,20220218,20220218,133345500,13:33:47,5396,865435,1008436,23115768850,15,15,400650
TA205,20220218,20220218,133346000,13:33:48,5394,865437,1008438,23115822270,2,2,53420
TA205,20220218,20220218,133346500,13:33:48,5396,865438,1008438,23115848980,1,0,26710
TA205,20220218,20220218,133347000,13:33:48,5396,865457,1008441,23116356470,19,3,507490
TA205,20220218,20220218,133347500,13:33:49,5396,865520,1008406,23118039200,63,-35,1682730
TA205,20220218,20220218,133348000,13:33:49,5394,865586,1008470,23119802060,66,64,1762860
TA205,20220218,20220218,133348500,13:33:49,5396,865587,1008471,23119828770,1,1,26710
TA205,20220218,20220218,133349000,13:33:50,5396,865589,1008472,23119882190,2,1,53420
TA205,20220218,20220218,133349500,13:33:50,5396,865590,1008472,23119908900,1,0,26710
TA205,20220218,20220218,133350000,13:33:50,5396,865659,1008447,23121751890,69,-25,1842990
TA205,20220218,20220218,133350500,13:33:50,5396,865663,1008450,23121858730,4,3,106840
TA205,20220218,20220218,133351000,13:33:51,5394,865667,1008451,23121965570,4,1,106840
TA205,20220218,20220218,133351500,13:33:52,5396,865684,1008452,23122419640,17,1,454070
TA205,20220218,20220218,133352000,13:33:52,5396,865687,1008455,23122499770,3,3,80130
TA205,20220218,20220218,133352500,13:33:52,5396,865687,1008455,23122499770,0,0,0
TA205,20220218,20220218,133353000,13:33:53,5396,865723,1008486,23123461330,36,31,961560
TA205,20220218,20220218,133353500,13:33:53,5394,865737,1008500,23123835270,14,14,373940
TA205,20220218,20220218,133354000,13:33:54,5394,865744,1008501,23124022240,7,1,186970
TA205,20220218,20220218,133354500,13:33:55,5394,865909,1008606,23128429390,165,105,4407150
TA205,20220218,20220218,133355000,13:33:56,5394,865919,1008609,23128696490,10,3,267100
TA205,20220218,20220218,133355500,13:33:56,5394,865923,1008609,23128803330,4,0,106840
TA205,20220218,20220218,133356000,13:33:56,5394,865928,1008613,23128936880,5,4,133550
TA205,20220218,20220218,133356500,13:33:57,5394,865928,1008613,23128936880,0,0,0
TA205,20220218,20220218,133357000,13:33:58,5394,865941,1008620,23129284110,13,7,347230
TA205,20220218,20220218,133357500,13:33:58,5392,865944,1008620,23129364240,3,0,80130
TA205,20220218,20220218,133358000,13:33:58,5392,865950,1008620,23129524500,6,0,160260
TA205,20220218,20220218,133358500,13:33:59,5394,866171,1008612,23135427410,221,-8,5902910
TA205,20220218,20220218,133359000,13:33:59,5394,866171,1008612,23135427410,0,0,0
TA205,20220218,20220218,133359500,13:34:00,5394,866174,1008609,23135507540,3,-3,80130
TA205,20220218,20220218,133400000,13:34:00,5394,866176,1008609,23135560960,2,0,53420
TA205,20220218,20220218,133400500,13:34:01,5396,866495,1008785,23144081450,319,176,8520490
TA205,20220218,20220218,133401000,13:34:01,5396,866514,1008791,23144588940,19,6,507490
TA205,20220218,20220218,133401500,13:34:02,5396,866515,1008792,23144615650,1,1,26710
TA205,20220218,20220218,133402000,13:34:10,5396,866569,1008845,23146057990,54,53,1442340
TA205,20220218,20220218,133402500,13:34:10,5396,866571,1008845,23146111410,2,0,53420
TA205,20220218,20220218,133403000,13:34:10,5396,866634,1008838,23147794140,63,-7,1682730
TA205,20220218,20220218,133410000,13:34:11,5396,866782,1008937,23151747220,148,99,3953080
TA205,20220218,20220218,133410500,13:34:12,5398,866785,1008939,23151827350,3,2,80130
TA205,20220218,20220218,133411000,13:34:12,5396,866820,1008944,23152762200,35,5,934850
TA205,20220218,20220218,133411500,13:34:12,5396,866837,1008961,23153216270,17,17,454070
TA205,20220218,20220218,133412000,13:34:12,5398,866847,1008965,23153483370,10,4,267100
TA205,20220218,20220218,133412500,13:34:13,5396,866848,1008966,23153510080,1,1,26710
TA205,20220218,20220218,133413000,13:34:13,5396,866849,1008966,23153536790,1,0,26710
TA205,20220218,20220218,133413500,13:34:14,5398,866851,1008966,23153590210,2,0,53420
TA205,20220218,20220218,133414000,13:34:14,5396,866856,1008965,23153723760,5,-1,133550
TA205,20220218,20220218,133414500,13:34:15,5398,867388,1009222,23167933480,532,257,14209720
TA205,20220218,20220218,133415000,13:34:15,5398,867899,1009346,23181582290,511,124,13648810
TA205,20220218,20220218,133415500,13:34:16,5402,867925,1009322,23182276750,26,-24,694460
TA205,20220218,20220218,133416000,13:34:16,5402,867931,1009319,23182437010,6,-3,160260
TA205,20220218,20220218,133416500,13:34:16,5402,867947,1009309,23182864370,16,-10,427360
TA205,20220218,20220218,133417000,13:34:17,5402,867950,1009310,23182944500,3,1,80130
TA205,20220218,20220218,133417500,13:34:17,5402,867950,1009310,23182944500,0,0,0
TA205,20220218,20220218,133418000,13:34:18,5402,867951,1009310,23182971210,1,0,26710
TA205,20220218,20220218,133418500,13:34:19,5400,867960,1009312,23183211600,9,2,240390
TA205,20220218,20220218,133419000,13:34:19,5400,867972,1009318,23183532120,12,6,320520
TA205,20220218,20220218,133419500,13:34:20,5400,867978,1009320,23183692380,6,2,160260
TA205,20220218,20220218,133420000,13:34:20,5400,867983,1009321,23183825930,5,1,133550
TA205,20220218,20220218,133420500,13:34:21,5400,867987,1009317,23183932770,4,-4,106840
