UR207,20220218,20220218,112003000,11:20:03,0,0,0,0,0,0,0
UR207,20220218,20220218,112002700,11:20:05,2462,31,4199,1522100,31,4199,1522100
UR207,20220218,20220218,112004500,11:20:09,2462,31,4199,1522100,0,0,0
UR207,20220218,20220218,112005000,11:20:10,2462,31,4199,1522100,0,0,0
UR207,20220218,20220218,112006000,11:20:10,2462,31,4199,1522100,0,0,0
UR207,20220218,20220218,112008000,11:20:10,2462,31,4199,1522100,0,0,0
UR207,20220218,20220218,112015500,11:20:16,2462,31,4199,1522100,0,0,0
UR207,20220218,20220218,112016500,11:20:16,2462,31,4199,1522100,0,0,0
UR207,20220218,20220218,112021000,11:20:21,2462,31,4199,1522100,0,0,0
UR207,20220218,20220218,112022000,11:20:22,2462,31,4199,1522100,0,0,0
UR207,20220218,20220218,112024500,11:20:24,2462,31,4199,1522100,0,0,0
UR207,20220218,20220218,112026000,11:20:26,2462,31,4199,1522100,0,0,0
UR207,20220218,20220218,112036500,11:20:37,2462,31,4199,1522100,0,0,0
UR207,20220218,20220218,112037000,11:20:37,2462,31,4199,1522100,0,0,0
UR207,20220218,20220218,112038000,11:20:38,2462,31,4199,1522100,0,0,0
UR207,20220218,20220218,112038500,11:20:39,2462,31,4199,1522100,0,0,0
UR207,20220218,20220218,112040500,11:20:41,2462,31,4199,1522100,0,0,0
UR207,20220218,20220218,112041000,11:20:41,2462,31,4199,1522100,0,0,0
UR207,20220218,20220218,112041500,11:20:41,2462,31,4199,1522100,0,0,0
UR207,20220218,20220218,112043000,11:20:43,2462,31,4199,1522100,0,0,0
UR207,20220218,20220218,112054500,11:20:55,2462,31,4199,1522100,0,0,0
UR207,20220218,20220218,112056000,11:20:56,2462,31,4199,1522100,0,0,0
UR207,20220218,20220218,112056500,11:20:57,2462,31,4199,1522100,0,0,0
UR207,20220218,20220218,112059500,11:21:00,2462,31,4199,1522100,0,0,0
UR207,20220218,20220218,112101000,11:21:01,2462,31,4199,1522100,0,0,0
UR207,20220218,20220218,112111500,11:21:12,2462,31,4199,1522100,0,0,0
UR207,20220218,20220218,112112000,11:21:12,2462,31,4199,1522100,0,0,0
UR207,20220218,20220218,112112500,11:21:13,2462,31,4199,1522100,0,0,0
UR207,20220218,20220218,112114500,11:21:14,2462,31,4199,1522100,0,0,0
UR207,20220218,20220218,112115500,11:21:15,2462,31,4199,1522100,0,0,0
UR207,20220218,20220218,112116500,11:21:17,2462,31,4199,1522100,0,0,0
UR207,20220218,20220218,112118500,11:21:18,2462,31,4199,1522100,0,0,0
UR207,20220218,20220218,112120500,11:21:22,2462,31,4199,1522100,0,0,0
UR207,20220218,20220218,112329000,11:23:33,2462,31,4199,1522100,0,0,0
UR207,20220218,20220218,112336000,11:23:37,2462,31,4199,1522100,0,0,0
UR207,20220218,20220218,112337000,11:23:38,2462,31,4199,1522100,0,0,0
UR207,20220218,20220218,112341000,11:23:41,2462,31,4199,1522100,0,0,0
UR207,20220218,20220218,112341500,11:23:42,2462,31,4199,1522100,0,0,0
UR207,20220218,20220218,112348500,11:23:49,2462,31,4199,1522100,0,0,0
UR207,20220218,20220218,112351500,11:23:51,2462,31,4199,1522100,0,0,0
UR207,20220218,20220218,112352000,11:23:52,2462,31,4199,1522100,0,0,0
UR207,20220218,20220218,112352500,11:23:52,2462,31,4199,1522100,0,0,0
UR207,20220218,20220218,112353000,11:23:53,2462,31,4199,1522100,0,0,0
UR207,20220218,20220218,112353500,11:23:53,2462,31,4199,1522100,0,0,0
UR207,20220218,20220218,112354500,11:23:55,2462,31,4199,1522100,0,0,0
UR207,20220218,20220218,112357500,11:23:57,2462,31,4199,1522100,0,0,0
UR207,20220218,20220218,112358000,11:23:58,2462,31,4199,1522100,0,0,0
UR207,20220218,20220218,112400000,11:24:00,2462,31,4199,1522100,0,0,0
UR207,20220218,20220218,112405500,11:24:05,2462,31,4199,1522100,0,0,0
UR207,20220218,20220218,112406000,11:24:06,2462,31,4199,1522100,0,0,0
UR207,20220218,20220218,112412500,11:24:13,2462,31,4199,1522100,0,0,0
UR207,20220218,20220218,112417000,11:24:17,2462,31,4199,1522100,0,0,0
UR207,20220218,20220218,112418000,11:24:18,2462,31,4199,1522100,0,0,0
UR207,20220218,20220218,112419500,11:24:20,2462,31,4199,1522100,0,0,0
UR207,20220218,20220218,112428000,11:24:28,2462,31,4199,1522100,0,0,0
UR207,20220218,20220218,112431000,11:24:31,2462,31,4199,1522100,0,0,0
UR207,20220218,20220218,112433500,11:24:33,2462,31,4199,1522100,0,0,0
UR207,20220218,20220218,112434000,11:24:34,2462,31,4199,1522100,0,0,0
UR207,20220218,20220218,112437000,11:24:37,2462,31,4199,1522100,0,0,0
UR207,20220218,20220218,112437500,11:24:39,2462,31,4199,1522100,0,0,0
UR207,20220218,20220218,112438500,11:24:39,2462,31,4199,1522100,0,0,0
UR207,20220218,20220218,112439000,11:24:40,2462,31,4199,1522100,0,0,0
UR207,20220218,20220218,112440000,11:24:40,2462,31,4199,1522100,0,0,0
UR207,20220218,20220218,112441000,11:24:41,2462,31,4199,1522100,0,0,0
UR207,20220218,20220218,112442500,11:24:42,2462,31,4199,1522100,0,0,0
UR207,20220218,20220218,112443500,11:24:43,2462,31,4199,1522100,0,0,0
UR207,20220218,20220218,112453000,11:24:53,2462,31,4199,1522100,0,0,0
UR207,20220218,20220218,112501500,11:25:05,2462,31,4199,1522100,0,0,0
UR207,20220218,20220218,112502000,11:25:05,2462,31,4199,1522100,0,0,0
UR207,20220218,20220218,112502500,11:25:06,2462,31,4199,1522100,0,0,0
UR207,20220218,20220218,112505000,11:25:06,2462,31,4199,1522100,0,0,0
UR207,20220218,20220218,112508500,11:25:09,2462,31,4199,1522100,0,0,0
UR207,20220218,20220218,112509500,11:25:09,2462,31,4199,1522100,0,0,0
UR207,20220218,20220218,112510000,11:25:10,2462,31,4199,1522100,0,0,0
UR207,20220218,20220218,112513000,11:25:13,2462,31,4199,1522100,0,0,0
UR207,20220218,20220218,112517000,11:25:18,2462,31,4199,1522100,0,0,0
UR207,20220218,20220218,112518000,11:25:19,2462,31,4199,1522100,0,0,0
UR207,20220218,20220218,112518500,11:25:19,2462,31,4199,1522100,0,0,0
UR207,20220218,20220218,112520000,11:25:21,2462,31,4199,1522100,0,0,0
UR207,20220218,20220218,112520500,11:25:21,2462,31,4199,1522100,0,0,0
UR207,20220218,20220218,112521500,11:25:22,2462,31,4199,1522100,0,0,0
UR207,20220218,20220218,112522000,11:25:22,2462,31,4199,1522100,0,0,0
UR207,20220218,20220218,112523000,11:25:23,2462,31,4199,1522100,0,0,0
UR207,20220218,20220218,112524000,11:25:25,2462,31,4199,1522100,0,0,0
UR207,20220218,20220218,112525000,11:25:25,2462,31,4199,1522100,0,0,0
UR207,20220218,20220218,112528500,11:25:28,2462,31,4199,1522100,0,0,0
UR207,20220218,20220218,112530000,11:25:31,2462,31,4199,1522100,0,0,0
UR207,20220218,20220218,112530500,11:25:31,2462,31,4199,1522100,0,0,0
UR207,20220218,20220218,112544000,11:25:44,2462,31,4199,1522100,0,0,0
UR207,20220218,20220218,112545500,11:25:46,2462,31,4199,1522100,0,0,0
UR207,20220218,20220218,112546000,11:25:47,2462,31,4199,1522100,0,0,0
UR207,20220218,20220218,112549000,11:25:49,2462,31,4199,1522100,0,0,0
UR207,20220218,20220218,112550000,11:25:50,2462,31,4199,1522100,0,0,0
UR207,20220218,20220218,112550500,11:25:51,2462,31,4199,1522100,0,0,0
UR207,20220218,20220218,112552000,11:25:52,2462,31,4199,1522100,0,0,0
UR207,20220218,20220218,112553500,11:25:54,2462,31,4199,1522100,0,0,0
UR207,20220218,20220218,112558000,11:25:59,2462,31,4199,1522100,0,0,0
UR207,20220218,20220218,112601500,11:26:02,2462,31,4199,1522100,0,0,0
UR207,20220218,20220218,112602500,11:26:03,2462,31,4199,1522100,0,0,0
UR207,20220218,20220218,112603000,11:26:03,2462,31,4199,1522100,0,0,0
UR207,20220218,20220218,112603500,11:26:04,2462,31,4199,1522100,0,0,0
UR207,20220218,20220218,112604000,11:26:05,2462,31,4199,1522100,0,0,0
UR207,20220218,20220218,112605500,11:26:06,2462,31,4199,1522100,0,0,0
UR207,20220218,20220218,112606000,11:26:06,2462,31,4199,1522100,0,0,0
UR207,20220218,20220218,112609000,11:26:10,2462,31,4199,1522100,0,0,0
UR207,20220218,20220218,112609500,11:26:10,2462,31,4199,1522100,0,0,0
UR207,20220218,20220218,112612500,11:26:15,2462,31,4199,1522100,0,0,0
UR207,20220218,20220218,112614000,11:26:15,2462,31,4199,1522100,0,0,0
UR207,20220218,20220218,112615500,11:26:16,2462,31,4199,1522100,0,0,0
UR207,20220218,20220218,112618000,11:26:18,2462,31,4199,1522100,0,0,0
UR207,20220218,20220218,112622500,11:26:23,2462,31,4199,1522100,0,0,0
UR207,20220218,20220218,112628000,11:26:28,2462,31,4199,1522100,0,0,0
UR207,20220218,20220218,112628500,11:26:28,2462,31,4199,1522100,0,0,0
UR207,20220218,20220218,112632000,11:26:32,2462,31,4199,1522100,0,0,0
UR207,20220218,20220218,112632500,11:26:32,2462,31,4199,1522100,0,0,0
UR207,20220218,20220218,112652500,11:27:10,2462,31,4199,1522100,0,0,0
UR207,20220218,20220218,112708000,11:27:12,2462,31,4199,1522100,0,0,0
UR207,20220218,20220218,112711500,11:27:12,2462,31,4199,1522100,0,0,0
UR207,20220218,20220218,112714000,11:27:15,2462,31,4199,1522100,0,0,0
UR207,20220218,20220218,112714500,11:27:15,2462,31,4199,1522100,0,0,0
UR207,20220218,20220218,112715000,11:27:16,2462,31,4199,1522100,0,0,0
UR207,20220218,20220218,112715500,11:27:16,2462,31,4199,1522100,0,0,0
UR207,20220218,20220218,112721000,11:27:21,2462,31,4199,1522100,0,0,0
UR207,20220218,20220218,112723500,11:27:27,2462,31,4199,1522100,0,0,0
UR207,20220218,20220218,112726500,11:27:27,2462,31,4199,1522100,0,0,0
UR207,20220218,20220218,112727000,11:27:27,2462,31,4199,1522100,0,0,0
UR207,20220218,20220218,112736500,11:27:38,2462,31,4199,1522100,0,0,0
UR207,20220218,20220218,112737500,11:27:38,2462,31,4199,1522100,0,0,0
UR207,20220218,20220218,112740500,11:27:40,2462,31,4199,1522100,0,0,0
UR207,20220218,20220218,112741500,11:27:42,2462,31,4199,1522100,0,0,0
UR207,20220218,20220218,112747000,11:27:47,2462,31,4199,1522100,0,0,0
UR207,20220218,20220218,112747500,11:27:48,2462,31,4199,1522100,0,0,0
UR207,20220218,20220218,112829500,11:28:29,2462,31,4199,1522100,0,0,0
UR207,20220218,20220218,112835000,11:28:35,2462,31,4199,1522100,0,0,0
UR207,20220218,20220218,112835500,11:28:37,2462,31,4199,1522100,0,0,0
UR207,20220218,20220218,112836000,11:28:37,2462,31,4199,1522100,0,0,0
UR207,20220218,20220218,112839500,11:28:40,2462,31,4199,1522100,0,0,0
UR207,20220218,20220218,112841500,11:28:42,2462,31,4199,1522100,0,0,0
UR207,20220218,20220218,112844500,11:28:45,2462,31,4199,1522100,0,0,0
UR207,20220218,20220218,112845000,11:28:45,2462,31,4199,1522100,0,0,0
UR207,20220218,20220218,112846500,11:28:46,2462,31,4199,1522100,0,0,0
UR207,20220218,20220218,112848000,11:28:48,2462,31,4199,1522100,0,0,0
UR207,20220218,20220218,112858500,11:28:59,2462,31,4199,1522100,0,0,0
UR207,20220218,20220218,112902000,11:29:03,2462,31,4199,1522100,0,0,0
UR207,20220218,20220218,112919500,11:29:21,2462,31,4199,1522100,0,0,0
UR207,20220218,20220218,112922000,11:29:24,2462,31,4199,1522100,0,0,0
UR207,20220218,20220218,112941000,11:29:41,2462,31,4199,1522100,0,0,0
UR207,20220218,20220218,112946500,11:29:47,2462,31,4199,1522100,0,0,0
UR207,20220218,20220218,112948500,11:29:50,2462,31,4199,1522100,0,0,0
UR207,20220218,20220218,112949500,11:29:50,2462,31,4199,1522100,0,0,0
UR207,20220218,20220218,112950500,11:29:52,2462,31,4199,1522100,0,0,0
UR207,20220218,20220218,112952000,11:29:53,2462,31,4199,1522100,0,0,0
UR207,20220218,20220218,112952500,11:29:53,2462,31,4199,1522100,0,0,0
UR207,20220218,20220218,112953000,11:29:54,2462,31,4199,1522100,0,0,0
UR207,20220218,20220218,112953500,11:29:54,2462,31,4199,1522100,0,0,0
UR207,20220218,20220218,112955500,11:29:56,2462,31,4199,1522100,0,0,0
UR207,20220218,20220218,112959500,11:30:02,2462,31,4199,1522100,0,0,0
UR207,20220218,20220218,113000500,11:30:03,2462,31,4199,1522100,0,0,0
UR207,20220218,20220218,133001000,13:30:01,2462,31,4199,1522100,0,0,0
UR207,20220218,20220218,133001500,13:30:02,2462,31,4199,1522100,0,0,0
UR207,20220218,20220218,133002000,13:30:08,2462,31,4199,1522100,0,0,0
UR207,20220218,20220218,133008000,13:30:10,2462,31,4199,1522100,0,0,0
UR207,20220218,20220218,133009000,13:30:10,2462,31,4199,1522100,0,0,0
UR207,20220218,20220218,133010500,13:30:12,2462,31,4199,1522100,0,0,0
UR207,20220218,20220218,133013000,13:30:14,2462,31,4199,1522100,0,0,0
UR207,20220218,20220218,133013500,13:30:14,2462,31,4199,1522100,0,0,0
UR207,20220218,20220218,133014000,13:30:16,2462,31,4199,1522100,0,0,0
UR207,20220218,20220218,133014500,13:30:16,2462,31,4199,1522100,0,0,0
UR207,20220218,20220218,133015000,13:30:18,2456,32,4200,1571200,1,1,49100
UR207,20220218,20220218,133016000,13:30:18,2456,32,4200,1571200,0,0,0
UR207,20220218,20220218,133017000,13:30:18,2456,32,4200,1571200,0,0,0
UR207,20220218,20220218,133018500,13:30:20,2456,32,4200,1571200,0,0,0
UR207,20220218,20220218,133019000,13:30:20,2456,32,4200,1571200,0,0,0
UR207,20220218,20220218,133020000,13:30:21,2456,32,4200,1571200,0,0,0
UR207,20220218,20220218,133021000,13:30:21,2456,32,4200,1571200,0,0,0
UR207,20220218,20220218,133021500,13:30:22,2456,32,4200,1571200,0,0,0
UR207,20220218,20220218,133022500,13:30:38,2456,32,4200,1571200,0,0,0
UR207,20220218,20220218,133038000,13:30:40,2456,32,4200,1571200,0,0,0
UR207,20220218,20220218,133038500,13:30:42,2456,32,4200,1571200,0,0,0
UR207,20220218,20220218,133041000,13:30:43,2456,32,4200,1571200,0,0,0
UR207,20220218,20220218,133042000,13:30:44,2456,32,4200,1571200,0,0,0
UR207,20220218,20220218,133042500,13:30:44,2456,32,4200,1571200,0,0,0
UR207,20220218,20220218,133047500,13:30:48,2456,32,4200,1571200,0,0,0
UR207,20220218,20220218,133048500,13:30:49,2462,33,4199,1620300,1,-1,49100
UR207,20220218,20220218,133049000,13:30:50,2462,34,4199,1670080,1,0,49780
UR207,20220218,20220218,133053500,13:30:54,2462,34,4199,1670080,0,0,0
UR207,20220218,20220218,133054000,13:30:55,2462,34,4199,1670080,0,0,0
UR207,20220218,20220218,133055000,13:30:56,2462,34,4199,1670080,0,0,0
UR207,20220218,20220218,133055500,13:30:56,2462,34,4199,1670080,0,0,0
UR207,20220218,20220218,133056000,13:30:57,2462,34,4199,1670080,0,0,0
UR207,20220218,20220218,133056500,13:30:57,2462,34,4199,1670080,0,0,0
UR207,20220218,20220218,133057500,13:30:58,2462,34,4199,1670080,0,0,0
UR207,20220218,20220218,133058000,13:30:58,2462,34,4199,1670080,0,0,0
UR207,20220218,20220218,133100000,13:31:00,2462,34,4199,1670080,0,0,0
UR207,20220218,20220218,133100500,13:31:01,2462,34,4199,1670080,0,0,0
UR207,20220218,20220218,133102500,13:31:03,2462,34,4199,1670080,0,0,0
UR207,20220218,20220218,133103000,13:31:03,2462,34,4199,1670080,0,0,0
UR207,20220218,20220218,133103500,13:31:05,2462,34,4199,1670080,0,0,0
UR207,20220218,20220218,133105500,13:31:07,2462,34,4199,1670080,0,0,0
UR207,20220218,20220218,133108000,13:31:09,2462,34,4199,1670080,0,0,0
UR207,20220218,20220218,133110500,13:31:11,2462,34,4199,1670080,0,0,0
UR207,20220218,20220218,133112500,13:31:13,2462,34,4199,1670080,0,0,0
UR207,20220218,20220218,133113000,13:31:14,2462,34,4199,1670080,0,0,0
UR207,20220218,20220218,133123000,13:31:25,2462,34,4199,1670080,0,0,0
UR207,20220218,20220218,133123500,13:31:25,2462,34,4199,1670080,0,0,0
UR207,20220218,20220218,133200000,13:32:01,2462,34,4199,1670080,0,0,0
UR207,20220218,20220218,133200500,13:32:01,2462,34,4199,1670080,0,0,0
UR207,20220218,20220218,133203500,13:32:05,2462,34,4199,1670080,0,0,0
UR207,20220218,20220218,133204000,13:32:05,2462,34,4199,1670080,0,0,0
UR207,20220218,20220218,133207500,13:32:07,2462,34,4199,1670080,0,0,0
UR207,20220218,20220218,133209500,13:32:10,2462,34,4199,1670080,0,0,0
UR207,20220218,20220218,133210000,13:32:11,2462,34,4199,1670080,0,0,0
UR207,20220218,20220218,133211000,13:32:14,2462,34,4199,1670080,0,0,0
UR207,20220218,20220218,133214000,13:32:15,2462,34,4199,1670080,0,0,0
UR207,20220218,20220218,133215000,13:32:16,2462,34,4199,1670080,0,0,0
UR207,20220218,20220218,133215500,13:32:16,2462,34,4199,1670080,0,0,0
UR207,20220218,20220218,133216500,13:32:17,2462,34,4199,1670080,0,0,0
UR207,20220218,20220218,133219500,13:32:20,2462,34,4199,1670080,0,0,0
UR207,20220218,20220218,133220500,13:32:21,2462,34,4199,1670080,0,0,0
UR207,20220218,20220218,133222000,13:32:23,2462,34,4199,1670080,0,0,0
UR207,20220218,20220218,133225500,13:32:26,2462,34,4199,1670080,0,0,0
UR207,20220218,20220218,133226500,13:32:27,2462,34,4199,1670080,0,0,0
UR207,20220218,20220218,133227000,13:32:27,2462,34,4199,1670080,0,0,0
UR207,20220218,20220218,133227500,13:32:32,2462,34,4199,1670080,0,0,0
UR207,20220218,20220218,133228000,13:32:32,2462,34,4199,1670080,0,0,0
UR207,20220218,20220218,133228500,13:32:33,2462,34,4199,1670080,0,0,0
UR207,20220218,20220218,133229000,13:32:33,2462,34,4199,1670080,0,0,0
UR207,20220218,20220218,133230500,13:32:34,2462,34,4199,1670080,0,0,0
UR207,20220218,20220218,133233500,13:32:35,2462,34,4199,1670080,0,0,0
UR207,20220218,20220218,133236000,13:32:37,2462,34,4199,1670080,0,0,0
UR207,20220218,20220218,133238000,13:32:38,2462,34,4199,1670080,0,0,0
UR207,20220218,20220218,133239500,13:32:40,2462,34,4199,1670080,0,0,0
UR207,20220218,20220218,133240000,13:32:40,2462,34,4199,1670080,0,0,0
UR207,20220218,20220218,133243000,13:32:43,2462,34,4199,1670080,0,0,0
UR207,20220218,20220218,133245000,13:32:45,2462,34,4199,1670080,0,0,0
UR207,20220218,20220218,133245500,13:32:45,2462,34,4199,1670080,0,0,0
UR207,20220218,20220218,133247500,13:32:48,2462,34,4199,1670080,0,0,0
UR207,20220218,20220218,133250000,13:32:52,2462,34,4199,1670080,0,0,0
UR207,20220218,20220218,133301500,13:33:02,2462,34,4199,1670080,0,0,0
UR207,20220218,20220218,133302000,13:33:03,2462,34,4199,1670080,0,0,0
UR207,20220218,20220218,133309500,13:33:11,2462,34,4199,1670080,0,0,0
UR207,20220218,20220218,133323000,13:33:23,2462,34,4199,1670080,0,0,0
UR207,20220218,20220218,133323500,13:33:24,2462,34,4199,1670080,0,0,0
UR207,20220218,20220218,133324000,13:33:24,2462,34,4199,1670080,0,0,0
UR207,20220218,20220218,133324500,13:33:25,2462,34,4199,1670080,0,0,0
UR207,20220218,20220218,133326500,13:33:29,2462,34,4199,1670080,0,0,0
UR207,20220218,20220218,133327000,13:33:29,2462,34,4199,1670080,0,0,0
UR207,20220218,20220218,133328500,13:33:30,2462,34,4199,1670080,0,0,0
UR207,20220218,20220218,133334000,13:33:34,2462,34,4199,1670080,0,0,0
UR207,20220218,20220218,133343500,13:33:44,2462,34,4199,1670080,0,0,0
UR207,20220218,20220218,133352000,13:33:52,2462,34,4199,1670080,0,0,0
UR207,20220218,20220218,133352500,13:33:53,2462,34,4199,1670080,0,0,0
UR207,20220218,20220218,133358000,13:33:58,2462,34,4199,1670080,0,0,0
UR207,20220218,20220218,133402000,13:34:10,2462,34,4199,1670080,0,0,0
UR207,20220218,20220218,133402500,13:34:10,2462,34,4199,1670080,0,0,0
UR207,20220218,20220218,133403000,13:34:10,2462,34,4199,1670080,0,0,0
UR207,20220218,20220218,133406500,13:34:11,2462,34,4199,1670080,0,0,0
UR207,20220218,20220218,133419500,13:34:20,2462,34,4199,1670080,0,0,0
UR207,20220218,20220218,133420500,13:34:21,2462,34,4199,1670080,0,0,0
UR207,20220218,20220218,133438500,13:34:39,2462,34,4199,1670080,0,0,0
UR207,20220218,20220218,133440500,13:34:41,2462,34,4199,1670080,0,0,0
UR207,20220218,20220218,133442500,13:34:44,2462,34,4199,1670080,0,0,0
UR207,20220218,20220218,133451500,13:34:52,2462,34,4199,1670080,0,0,0
UR207,20220218,20220218,133452000,13:34:52,2462,34,4199,1670080,0,0,0
UR207,20220218,20220218,133502500,13:35:10,2462,34,4199,1670080,0,0,0
UR207,20220218,20220218,133516000,13:35:16,2462,34,4199,1670080,0,0,0
UR207,20220218,20220218,133516500,13:35:17,2462,34,4199,1670080,0,0,0
UR207,20220218,20220218,133519000,13:35:19,2462,34,4199,1670080,0,0,0
UR207,20220218,20220218,133519500,13:35:20,2462,34,4199,1670080,0,0,0
UR207,20220218,20220218,133530500,13:35:33,2462,34,4199,1670080,0,0,0
UR207,20220218,20220218,133532000,13:35:42,2462,34,4199,1670080,0,0,0
UR207,20220218,20220218,133536000,13:35:43,2462,34,4199,1670080,0,0,0
UR207,20220218,20220218,133546000,13:35:46,2462,34,4199,1670080,0,0,0
UR207,20220218,20220218,133551500,13:35:52,2462,34,4199,1670080,0,0,0
UR207,20220218,20220218,133553000,13:35:53,2462,34,4199,1670080,0,0,0
UR207,20220218,20220218,133557000,13:35:59,2462,34,4199,1670080,0,0,0
UR207,20220218,20220218,133630000,13:36:30,2462,34,4199,1670080,0,0,0
UR207,20220218,20220218,133634500,13:36:35,2462,34,4199,1670080,0,0,0
UR207,20220218,20220218,133641500,13:36:42,2462,34,4199,1670080,0,0,0
UR207,20220218,20220218,133642000,13:36:42,2462,34,4199,1670080,0,0,0
UR207,20220218,20220218,133647500,13:36:48,2462,34,4199,1670080,0,0,0
UR207,20220218,20220218,133653000,13:36:53,2462,34,4199,1670080,0,0,0
UR207,20220218,20220218,133654000,13:36:54,2462,34,4199,1670080,0,0,0
UR207,20220218,20220218,133656000,13:36:56,2462,34,4199,1670080,0,0,0
UR207,20220218,20220218,133656500,13:36:58,2462,34,4199,1670080,0,0,0
UR207,20220218,20220218,133707000,13:37:08,2462,34,4199,1670080,0,0,0
UR207,20220218,20220218,133708500,13:37:08,2462,34,4199,1670080,0,0,0
UR207,20220218,20220218,133711500,13:37:13,2462,34,4199,1670080,0,0,0
UR207,20220218,20220218,133725000,13:37:25,2462,34,4199,1670080,0,0,0
UR207,20220218,20220218,133733000,13:37:33,2462,34,4199,1670080,0,0,0
UR207,20220218,20220218,133733500,13:37:33,2462,34,4199,1670080,0,0,0
UR207,20220218,20220218,133738000,13:37:38,2462,34,4199,1670080,0,0,0
UR207,20220218,20220218,133745500,13:37:45,2462,34,4199,1670080,0,0,0
UR207,20220218,20220218,133750500,13:37:51,2462,34,4199,1670080,0,0,0
UR207,20220218,20220218,133751000,13:37:51,2462,34,4199,1670080,0,0,0
UR207,20220218,20220218,133752000,13:37:53,2462,34,4199,1670080,0,0,0
UR207,20220218,20220218,133752500,13:37:54,2462,34,4199,1670080,0,0,0
UR207,20220218,20220218,133754000,13:37:55,2462,34,4199,1670080,0,0,0
UR207,20220218,20220218,133803500,13:38:06,2462,34,4199,1670080,0,0,0
UR207,20220218,20220218,133805000,13:38:06,2462,34,4199,1670080,0,0,0
UR207,20220218,20220218,133809000,13:38:09,2462,34,4199,1670080,0,0,0
UR207,20220218,20220218,133815000,13:38:17,2462,34,4199,1670080,0,0,0
UR207,20220218,20220218,133815500,13:38:18,2462,34,4199,1670080,0,0,0
UR207,20220218,20220218,133819000,13:38:19,2462,34,4199,1670080,0,0,0
UR207,20220218,20220218,133820000,13:38:22,2462,34,4199,1670080,0,0,0
UR207,20220218,20220218,133821000,13:38:22,2462,34,4199,1670080,0,0,0
UR207,20220218,20220218,133823500,13:38:24,2462,34,4199,1670080,0,0,0
UR207,20220218,20220218,133824000,13:38:25,2462,34,4199,1670080,0,0,0
UR207,20220218,20220218,133839000,13:38:42,2462,34,4199,1670080,0,0,0
UR207,20220218,20220218,133841500,13:38:43,2462,34,4199,1670080,0,0,0
UR207,20220218,20220218,133842000,13:38:43,2462,34,4199,1670080,0,0,0
UR207,20220218,20220218,133847000,13:38:47,2462,34,4199,1670080,0,0,0
UR207,20220218,20220218,133848500,13:38:48,2462,34,4199,1670080,0,0,0
UR207,20220218,20220218,133902000,13:39:02,2462,34,4199,1670080,0,0,0
UR207,20220218,20220218,133910000,13:39:10,2462,34,4199,1670080,0,0,0
UR207,20220218,20220218,133913500,13:39:14,2462,34,4199,1670080,0,0,0
UR207,20220218,20220218,133914000,13:39:15,2462,34,4199,1670080,0,0,0
UR207,20220218,20220218,133914500,13:39:18,2462,34,4199,1670080,0,0,0
UR207,20220218,20220218,133917000,13:39:19,2462,34,4199,1670080,0,0,0
UR207,20220218,20220218,133919000,13:39:19,2462,34,4199,1670080,0,0,0
UR207,20220218,20220218,133925000,13:39:25,2462,34,4199,1670080,0,0,0
UR207,20220218,20220218,133928000,13:39:28,2462,34,4199,1670080,0,0,0
UR207,20220218,20220218,133929000,13:39:29,2462,34,4199,1670080,0,0,0
UR207,20220218,20220218,133931000,13:39:31,2462,34,4199,1670080,0,0,0
UR207,20220218,20220218,133936000,13:39:36,2462,34,4199,1670080,0,0,0
UR207,20220218,20220218,133943500,13:39:43,2462,34,4199,1670080,0,0,0
UR207,20220218,20220218,133944500,13:39:45,2462,34,4199,1670080,0,0,0
UR207,20220218,20220218,133945500,13:39:46,2462,34,4199,1670080,0,0,0
UR207,20220218,20220218,133946000,13:39:47,2462,34,4199,1670080,0,0,0
UR207,20220218,20220218,133949500,13:39:50,2462,34,4199,1670080,0,0,0
UR207,20220218,20220218,133950000,13:39:50,2462,34,4199,1670080,0,0,0
UR207,20220218,20220218,134008000,13:40:13,2462,34,4199,1670080,0,0,0
UR207,20220218,20220218,134013500,13:40:14,2462,34,4199,1670080,0,0,0
UR207,20220218,20220218,134014000,13:40:14,2462,34,4199,1670080,0,0,0
UR207,20220218,20220218,134015000,13:40:16,2462,34,4199,1670080,0,0,0
UR207,20220218,20220218,134015500,13:40:16,2462,34,4199,1670080,0,0,0
UR207,20220218,20220218,134017500,13:40:18,2462,34,4199,1670080,0,0,0
UR207,20220218,20220218,134026000,13:40:26,2462,34,4199,1670080,0,0,0
UR207,20220218,20220218,134027000,13:40:27,2462,34,4199,1670080,0,0,0
UR207,20220218,20220218,134031500,13:40:32,2462,34,4199,1670080,0,0,0
UR207,20220218,20220218,134036500,13:40:36,2462,34,4199,1670080,0,0,0
UR207,20220218,20220218,134037000,13:40:37,2462,34,4199,1670080,0,0,0
UR207,20220218,20220218,134043000,13:40:44,2462,34,4199,1670080,0,0,0
UR207,20220218,20220218,134045500,13:40:46,2462,34,4199,1670080,0,0,0
UR207,20220218,20220218,134046000,13:40:46,2462,34,4199,1670080,0,0,0
UR207,20220218,20220218,134046500,13:40:46,2462,34,4199,1670080,0,0,0
UR207,20220218,20220218,134049500,13:40:49,2462,34,4199,1670080,0,0,0
UR207,20220218,20220218,134130000,13:41:30,2462,34,4199,1670080,0,0,0
UR207,20220218,20220218,134130500,13:41:31,2462,34,4199,1670080,0,0,0
UR207,20220218,20220218,134131000,13:41:31,2462,34,4199,1670080,0,0,0
UR207,20220218,20220218,134131500,13:41:32,2462,34,4199,1670080,0,0,0
UR207,20220218,20220218,134132000,13:41:33,2462,34,4199,1670080,0,0,0
UR207,20220218,20220218,134149500,13:41:50,2462,34,4199,1670080,0,0,0
UR207,20220218,20220218,134151000,13:41:51,2462,34,4199,1670080,0,0,0
UR207,20220218,20220218,134152000,13:41:52,2462,34,4199,1670080,0,0,0
UR207,20220218,20220218,134154000,13:42:02,2462,34,4199,1670080,0,0,0
UR207,20220218,20220218,134154500,13:42:04,2462,34,4199,1670080,0,0,0
UR207,20220218,20220218,134201500,13:42:10,2462,34,4199,1670080,0,0,0
UR207,20220218,20220218,134210500,13:42:12,2462,34,4199,1670080,0,0,0
UR207,20220218,20220218,134214000,13:42:15,2462,34,4199,1670080,0,0,0
UR207,20220218,20220218,134214500,13:42:15,2462,34,4199,1670080,0,0,0
UR207,20220218,20220218,134220000,13:42:21,2462,34,4199,1670080,0,0,0
UR207,20220218,20220218,134220500,13:42:21,2462,34,4199,1670080,0,0,0
UR207,20220218,20220218,134221000,13:42:21,2462,34,4199,1670080,0,0,0
UR207,20220218,20220218,134222000,13:42:22,2462,34,4199,1670080,0,0,0
UR207,20220218,20220218,134222500,13:42:22,2462,34,4199,1670080,0,0,0
UR207,20220218,20220218,134224000,13:42:25,2462,34,4199,1670080,0,0,0
UR207,20220218,20220218,134224500,13:42:25,2462,34,4199,1670080,0,0,0
UR207,20220218,20220218,134225000,13:42:25,2462,34,4199,1670080,0,0,0
UR207,20220218,20220218,134226000,13:42:27,2462,34,4199,1670080,0,0,0
UR207,20220218,20220218,134227500,13:42:29,2462,34,4199,1670080,0,0,0
UR207,20220218,20220218,134241000,13:42:41,2462,34,4199,1670080,0,0,0
UR207,20220218,20220218,134257000,13:42:59,2462,34,4199,1670080,0,0,0
UR207,20220218,20220218,134258500,13:42:59,2462,34,4199,1670080,0,0,0
UR207,20220218,20220218,134300000,13:43:02,2462,34,4199,1670080,0,0,0
UR207,20220218,20220218,134301000,13:43:02,2462,34,4199,1670080,0,0,0
UR207,20220218,20220218,134306000,13:43:12,2462,34,4199,1670080,0,0,0
UR207,20220218,20220218,134315500,13:43:15,2462,34,4199,1670080,0,0,0
UR207,20220218,20220218,134325000,13:43:25,2462,34,4199,1670080,0,0,0
UR207,20220218,20220218,134334000,13:43:34,2462,34,4199,1670080,0,0,0
UR207,20220218,20220218,134334500,13:43:35,2462,34,4199,1670080,0,0,0
UR207,20220218,20220218,134336500,13:43:37,2462,34,4199,1670080,0,0,0
UR207,20220218,20220218,134337000,13:43:37,2462,34,4199,1670080,0,0,0
UR207,20220218,20220218,134354000,13:44:04,2462,34,4199,1670080,0,0,0
UR207,20220218,20220218,134356500,13:44:04,2454,36,4200,1768320,2,1,98240
UR207,20220218,20220218,134401500,13:44:04,2454,36,4200,1768320,0,0,0
UR207,20220218,20220218,134417500,13:44:18,2454,36,4200,1768320,0,0,0
UR207,20220218,20220218,134427000,13:44:27,2454,36,4200,1768320,0,0,0
UR207,20220218,20220218,134430000,13:44:37,2454,36,4200,1768320,0,0,0
UR207,20220218,20220218,134445500,13:44:46,2454,36,4200,1768320,0,0,0
UR207,20220218,20220218,134449000,13:44:50,2454,36,4200,1768320,0,0,0
UR207,20220218,20220218,134449500,13:44:50,2454,36,4200,1768320,0,0,0
UR207,20220218,20220218,134450000,13:44:50,2454,36,4200,1768320,0,0,0
UR207,20220218,20220218,134450500,13:44:50,2454,36,4200,1768320,0,0,0
UR207,20220218,20220218,134452500,13:44:53,2454,36,4200,1768320,0,0,0
UR207,20220218,20220218,134455500,13:44:56,2454,36,4200,1768320,0,0,0
UR207,20220218,20220218,134457500,13:44:57,2454,36,4200,1768320,0,0,0
UR207,20220218,20220218,134458500,13:44:59,2454,36,4200,1768320,0,0,0
UR207,20220218,20220218,134459500,13:44:59,2454,36,4200,1768320,0,0,0
UR207,20220218,20220218,134500000,13:45:00,2454,36,4200,1768320,0,0,0
UR207,20220218,20220218,134504500,13:45:09,2454,36,4200,1768320,0,0,0
UR207,20220218,20220218,134508000,13:45:09,2454,36,4200,1768320,0,0,0
UR207,20220218,20220218,134508500,13:45:09,2454,36,4200,1768320,0,0,0
UR207,20220218,20220218,134509500,13:45:10,2454,36,4200,1768320,0,0,0
UR207,20220218,20220218,134510000,13:45:10,2454,36,4200,1768320,0,0,0
UR207,20220218,20220218,134514000,13:45:15,2454,36,4200,1768320,0,0,0
UR207,20220218,20220218,134514500,13:45:16,2454,36,4200,1768320,0,0,0
UR207,20220218,20220218,134515000,13:45:17,2454,36,4200,1768320,0,0,0
UR207,20220218,20220218,134516500,13:45:17,2454,36,4200,1768320,0,0,0
UR207,20220218,20220218,134518000,13:45:21,2454,36,4200,1768320,0,0,0
UR207,20220218,20220218,134520000,13:45:23,2454,36,4200,1768320,0,0,0
UR207,20220218,20220218,134523500,13:45:24,2454,36,4200,1768320,0,0,0
UR207,20220218,20220218,134525000,13:45:27,2454,36,4200,1768320,0,0,0
UR207,20220218,20220218,134526000,13:45:28,2454,36,4200,1768320,0,0,0
UR207,20220218,20220218,134529000,13:45:30,2454,36,4200,1768320,0,0,0
UR207,20220218,20220218,134530000,13:45:30,2454,36,4200,1768320,0,0,0
UR207,20220218,20220218,134533000,13:45:33,2454,36,4200,1768320,0,0,0
UR207,20220218,20220218,134534500,13:45:35,2454,36,4200,1768320,0,0,0
UR207,20220218,20220218,134535000,13:45:35,2454,36,4200,1768320,0,0,0
UR207,20220218,20220218,134536500,13:45:37,2454,36,4200,1768320,0,0,0
UR207,20220218,20220218,134602500,13:46:04,2454,36,4200,1768320,0,0,0
UR207,20220218,20220218,134603000,13:46:04,2454,36,4200,1768320,0,0,0
UR207,20220218,20220218,134604000,13:46:05,2454,36,4200,1768320,0,0,0
UR207,20220218,20220218,134606000,13:46:06,2454,36,4200,1768320,0,0,0
UR207,20220218,20220218,134606500,13:46:07,2454,36,4200,1768320,0,0,0
UR207,20220218,20220218,134607500,13:46:08,2454,36,4200,1768320,0,0,0
UR207,20220218,20220218,134613000,13:46:13,2454,36,4200,1768320,0,0,0
UR207,20220218,20220218,134613500,13:46:14,2454,36,4200,1768320,0,0,0
UR207,20220218,20220218,134614000,13:46:14,2454,36,4200,1768320,0,0,0
UR207,20220218,20220218,134614500,13:46:15,2454,36,4200,1768320,0,0,0
UR207,20220218,20220218,134615500,13:46:17,2454,36,4200,1768320,0,0,0
UR207,20220218,20220218,134617000,13:46:18,2454,36,4200,1768320,0,0,0
UR207,20220218,20220218,134621000,13:46:21,2454,36,4200,1768320,0,0,0
UR207,20220218,20220218,134621500,13:46:21,2454,36,4200,1768320,0,0,0
UR207,20220218,20220218,134626000,13:46:31,2454,36,4200,1768320,0,0,0
UR207,20220218,20220218,134636000,13:46:37,2454,36,4200,1768320,0,0,0
UR207,20220218,20220218,134638000,13:46:38,2454,36,4200,1768320,0,0,0
UR207,20220218,20220218,134654500,13:46:55,2454,36,4200,1768320,0,0,0
UR207,20220218,20220218,134655000,13:46:55,2454,36,4200,1768320,0,0,0
UR207,20220218,20220218,134702500,13:47:03,2454,36,4200,1768320,0,0,0
UR207,20220218,20220218,134708500,13:47:11,2454,36,4200,1768320,0,0,0
UR207,20220218,20220218,134710500,13:47:12,2454,36,4200,1768320,0,0,0
UR207,20220218,20220218,134715000,13:47:16,2454,36,4200,1768320,0,0,0
UR207,20220218,20220218,134720000,13:47:20,2454,36,4200,1768320,0,0,0
UR207,20220218,20220218,134720500,13:47:21,2454,36,4200,1768320,0,0,0
UR207,20220218,20220218,134721000,13:47:21,2454,36,4200,1768320,0,0,0
UR207,20220218,20220218,134724500,13:47:27,2454,36,4200,1768320,0,0,0
UR207,20220218,20220218,134814500,13:48:14,2454,36,4200,1768320,0,0,0
UR207,20220218,20220218,134818000,13:48:19,2454,36,4200,1768320,0,0,0
UR207,20220218,20220218,134818500,13:48:20,2454,36,4200,1768320,0,0,0
UR207,20220218,20220218,134819500,13:48:20,2454,36,4200,1768320,0,0,0
UR207,20220218,20220218,134820000,13:48:22,2454,36,4200,1768320,0,0,0
UR207,20220218,20220218,134820500,13:48:22,2454,36,4200,1768320,0,0,0
UR207,20220218,20220218,134821000,13:48:22,2454,36,4200,1768320,0,0,0
UR207,20220218,20220218,134825000,13:48:25,2454,36,4200,1768320,0,0,0
UR207,20220218,20220218,134825500,13:48:27,2454,36,4200,1768320,0,0,0
UR207,20220218,20220218,134826000,13:48:27,2454,36,4200,1768320,0,0,0
UR207,20220218,20220218,134830000,13:48:31,2454,36,4200,1768320,0,0,0
UR207,20220218,20220218,134831500,13:48:32,2454,36,4200,1768320,0,0,0
UR207,20220218,20220218,134832000,13:48:32,2454,36,4200,1768320,0,0,0
UR207,20220218,20220218,134832500,13:48:32,2454,36,4200,1768320,0,0,0
UR207,20220218,20220218,134834500,13:48:36,2454,36,4200,1768320,0,0,0
UR207,20220218,20220218,134836500,13:48:37,2454,36,4200,1768320,0,0,0
UR207,20220218,20220218,134837500,13:48:37,2454,36,4200,1768320,0,0,0
UR207,20220218,20220218,134838000,13:48:38,2454,36,4200,1768320,0,0,0
UR207,20220218,20220218,134839500,13:48:39,2454,36,4200,1768320,0,0,0
UR207,20220218,20220218,134840000,13:48:40,2454,36,4200,1768320,0,0,0
UR207,20220218,20220218,134840500,13:48:40,2454,36,4200,1768320,0,0,0
UR207,20220218,20220218,134844000,13:48:44,2454,36,4200,1768320,0,0,0
UR207,20220218,20220218,134844500,13:48:45,2454,36,4200,1768320,0,0,0
UR207,20220218,20220218,134847500,13:48:47,2454,36,4200,1768320,0,0,0
UR207,20220218,20220218,134848000,13:48:48,2454,36,4200,1768320,0,0,0
UR207,20220218,20220218,134852000,13:48:52,2454,36,4200,1768320,0,0,0
UR207,20220218,20220218,134852500,13:48:52,2454,36,4200,1768320,0,0,0
UR207,20220218,20220218,134856500,13:48:57,2454,36,4200,1768320,0,0,0
UR207,20220218,20220218,134859500,13:49:00,2454,36,4200,1768320,0,0,0
UR207,20220218,20220218,134901000,13:49:02,2454,36,4200,1768320,0,0,0
UR207,20220218,20220218,134901500,13:49:02,2454,36,4200,1768320,0,0,0
UR207,20220218,20220218,134902500,13:49:03,2454,36,4200,1768320,0,0,0
UR207,20220218,20220218,134906000,13:49:06,2454,36,4200,1768320,0,0,0
UR207,20220218,20220218,134906500,13:49:06,2454,36,4200,1768320,0,0,0
UR207,20220218,20220218,134918000,13:49:18,2454,36,4200,1768320,0,0,0
UR207,20220218,20220218,134919000,13:49:20,2454,36,4200,1768320,0,0,0
UR207,20220218,20220218,134919500,13:49:20,2454,36,4200,1768320,0,0,0
UR207,20220218,20220218,134921500,13:49:21,2454,36,4200,1768320,0,0,0
UR207,20220218,20220218,134922000,13:49:22,2454,36,4200,1768320,0,0,0
UR207,20220218,20220218,134922500,13:49:23,2454,36,4200,1768320,0,0,0
UR207,20220218,20220218,134923000,13:49:24,2454,36,4200,1768320,0,0,0
UR207,20220218,20220218,134923500,13:49:24,2454,36,4200,1768320,0,0,0
UR207,20220218,20220218,134924500,13:49:25,2454,36,4200,1768320,0,0,0
UR207,20220218,20220218,134925000,13:49:25,2454,36,4200,1768320,0,0,0
UR207,20220218,20220218,134939000,13:49:39,2454,36,4200,1768320,0,0,0
UR207,20220218,20220218,134942000,13:49:42,2454,36,4200,1768320,0,0,0
UR207,20220218,20220218,134943500,13:49:44,2454,36,4200,1768320,0,0,0
UR207,20220218,20220218,134944000,13:49:44,2454,36,4200,1768320,0,0,0
UR207,20220218,20220218,134947500,13:49:47,2454,36,4200,1768320,0,0,0
UR207,20220218,20220218,134948000,13:49:48,2454,36,4200,1768320,0,0,0
UR207,20220218,20220218,134949500,13:49:50,2454,36,4200,1768320,0,0,0
UR207,20220218,20220218,134950000,13:49:50,2454,36,4200,1768320,0,0,0
UR207,20220218,20220218,134957500,13:49:57,2454,36,4200,1768320,0,0,0
UR207,20220218,20220218,134958000,13:49:58,2454,36,4200,1768320,0,0,0
UR207,20220218,20220218,134959000,13:49:59,2454,36,4200,1768320,0,0,0
UR207,20220218,20220218,134959500,13:49:59,2454,36,4200,1768320,0,0,0
UR207,20220218,20220218,135015500,13:50:26,2454,36,4200,1768320,0,0,0
UR207,20220218,20220218,135028000,13:50:35,2454,36,4200,1768320,0,0,0
UR207,20220218,20220218,135032500,13:50:37,2454,36,4200,1768320,0,0,0
UR207,20220218,20220218,135035000,13:50:37,2454,36,4200,1768320,0,0,0
UR207,20220218,20220218,135036500,13:50:38,2454,36,4200,1768320,0,0,0
UR207,20220218,20220218,135037500,13:50:38,2454,36,4200,1768320,0,0,0
UR207,20220218,20220218,135038000,13:50:39,2454,36,4200,1768320,0,0,0
UR207,20220218,20220218,135039500,13:50:39,2454,36,4200,1768320,0,0,0
UR207,20220218,20220218,135044500,13:50:45,2454,36,4200,1768320,0,0,0
UR207,20220218,20220218,135045000,13:50:45,2454,36,4200,1768320,0,0,0
UR207,20220218,20220218,135046500,13:50:47,2454,36,4200,1768320,0,0,0
UR207,20220218,20220218,135050500,13:50:51,2454,36,4200,1768320,0,0,0
UR207,20220218,20220218,135055500,13:50:56,2454,36,4200,1768320,0,0,0
UR207,20220218,20220218,135100000,13:51:00,2454,36,4200,1768320,0,0,0
UR207,20220218,20220218,135101000,13:51:01,2454,36,4200,1768320,0,0,0
UR207,20220218,20220218,135101500,13:51:01,2454,36,4200,1768320,0,0,0
UR207,20220218,20220218,135111500,13:51:21,2454,36,4200,1768320,0,0,0
UR207,20220218,20220218,135156000,13:51:56,2454,36,4200,1768320,0,0,0
UR207,20220218,20220218,135158000,13:51:58,2454,36,4200,1768320,0,0,0
UR207,20220218,20220218,135159500,13:51:59,2454,36,4200,1768320,0,0,0
UR207,20220218,20220218,135201000,13:52:01,2454,36,4200,1768320,0,0,0
UR207,20220218,20220218,135201500,13:52:03,2454,36,4200,1768320,0,0,0
UR207,20220218,20220218,135202500,13:52:03,2454,36,4200,1768320,0,0,0
UR207,20220218,20220218,135203000,13:52:04,2454,36,4200,1768320,0,0,0
UR207,20220218,20220218,135203500,13:52:04,2454,36,4200,1768320,0,0,0
UR207,20220218,20220218,135204000,13:52:05,2454,36,4200,1768320,0,0,0
UR207,20220218,20220218,135205500,13:52:06,2454,36,4200,1768320,0,0,0
UR207,20220218,20220218,135206500,13:52:08,2454,36,4200,1768320,0,0,0
UR207,20220218,20220218,135207500,13:52:10,2454,36,4200,1768320,0,0,0
UR207,20220218,20220218,135209000,13:52:10,2454,36,4200,1768320,0,0,0
UR207,20220218,20220218,135209500,13:52:11,2454,36,4200,1768320,0,0,0
UR207,20220218,20220218,135213000,13:52:13,2454,36,4200,1768320,0,0,0
UR207,20220218,20220218,135213500,13:52:14,2454,36,4200,1768320,0,0,0
UR207,20220218,20220218,135215000,13:52:15,2467,39,4201,1916460,3,1,148140
UR207,20220218,20220218,135215500,13:52:15,2467,39,4201,1916460,0,0,0
UR207,20220218,20220218,135216000,13:52:16,2467,39,4201,1916460,0,0,0
UR207,20220218,20220218,135216500,13:52:17,2467,39,4201,1916460,0,0,0
UR207,20220218,20220218,135217000,13:52:17,2467,39,4201,1916460,0,0,0
UR207,20220218,20220218,135218500,13:52:20,2467,39,4201,1916460,0,0,0
UR207,20220218,20220218,135220500,13:52:24,2467,39,4201,1916460,0,0,0
UR207,20220218,20220218,135222500,13:52:24,2467,39,4201,1916460,0,0,0
UR207,20220218,20220218,135224500,13:52:24,2467,39,4201,1916460,0,0,0
UR207,20220218,20220218,135225000,13:52:25,2467,39,4201,1916460,0,0,0
UR207,20220218,20220218,135225500,13:52:25,2467,39,4201,1916460,0,0,0
UR207,20220218,20220218,135227500,13:52:27,2467,39,4201,1916460,0,0,0
UR207,20220218,20220218,135228000,13:52:28,2467,39,4201,1916460,0,0,0
UR207,20220218,20220218,135228500,13:52:28,2467,39,4201,1916460,0,0,0
UR207,20220218,20220218,135229000,13:52:29,2467,39,4201,1916460,0,0,0
UR207,20220218,20220218,135231000,13:52:32,2467,39,4201,1916460,0,0,0
UR207,20220218,20220218,135232000,13:52:33,2467,39,4201,1916460,0,0,0
UR207,20220218,20220218,135232500,13:52:33,2467,39,4201,1916460,0,0,0
UR207,20220218,20220218,135233000,13:52:33,2467,39,4201,1916460,0,0,0
UR207,20220218,20220218,135233500,13:52:33,2467,39,4201,1916460,0,0,0
UR207,20220218,20220218,135234500,13:52:35,2467,39,4201,1916460,0,0,0
UR207,20220218,20220218,135235500,13:52:36,2467,39,4201,1916460,0,0,0
UR207,20220218,20220218,135236500,13:52:44,2467,39,4201,1916460,0,0,0
UR207,20220218,20220218,135237000,13:52:44,2467,39,4201,1916460,0,0,0
UR207,20220218,20220218,135244000,13:52:45,2467,39,4201,1916460,0,0,0
UR207,20220218,20220218,135244500,13:52:47,2467,39,4201,1916460,0,0,0
UR207,20220218,20220218,135245000,13:52:47,2467,39,4201,1916460,0,0,0
UR207,20220218,20220218,135254000,13:52:54,2467,39,4201,1916460,0,0,0
UR207,20220218,20220218,135254500,13:52:54,2467,39,4201,1916460,0,0,0
UR207,20220218,20220218,135309500,13:53:09,2467,39,4201,1916460,0,0,0
UR207,20220218,20220218,135310000,13:53:10,2467,39,4201,1916460,0,0,0
UR207,20220218,20220218,135311000,13:53:11,2467,39,4201,1916460,0,0,0
UR207,20220218,20220218,135339500,13:53:45,2467,39,4201,1916460,0,0,0
UR207,20220218,20220218,135409000,13:54:09,2467,39,4201,1916460,0,0,0
UR207,20220218,20220218,135411000,13:54:11,2467,39,4201,1916460,0,0,0
UR207,20220218,20220218,135412500,13:54:13,2467,39,4201,1916460,0,0,0
UR207,20220218,20220218,135413000,13:54:13,2467,39,4201,1916460,0,0,0
UR207,20220218,20220218,135413500,13:54:14,2467,39,4201,1916460,0,0,0
UR207,20220218,20220218,135414000,13:54:14,2467,39,4201,1916460,0,0,0
UR207,20220218,20220218,135414500,13:54:14,2467,39,4201,1916460,0,0,0
UR207,20220218,20220218,135419000,13:54:19,2467,39,4201,1916460,0,0,0
UR207,20220218,20220218,135425000,13:54:25,2467,39,4201,1916460,0,0,0
UR207,20220218,20220218,135427000,13:54:28,2467,39,4201,1916460,0,0,0
UR207,20220218,20220218,135428000,13:54:30,2467,39,4201,1916460,0,0,0
UR207,20220218,20220218,135428500,13:54:30,2467,39,4201,1916460,0,0,0
UR207,20220218,20220218,135430000,13:54:31,2467,39,4201,1916460,0,0,0
UR207,20220218,20220218,135433000,13:54:33,2467,39,4201,1916460,0,0,0
UR207,20220218,20220218,135434000,13:54:34,2467,39,4201,1916460,0,0,0
UR207,20220218,20220218,135434500,13:54:34,2467,39,4201,1916460,0,0,0
UR207,20220218,20220218,135435000,13:54:35,2467,39,4201,1916460,0,0,0
UR207,20220218,20220218,135436500,13:54:37,2467,39,4201,1916460,0,0,0
UR207,20220218,20220218,135437000,13:54:37,2467,39,4201,1916460,0,0,0
UR207,20220218,20220218,135438000,13:54:38,2467,39,4201,1916460,0,0,0
UR207,20220218,20220218,135442000,13:54:43,2467,39,4201,1916460,0,0,0
UR207,20220218,20220218,135442500,13:54:44,2467,39,4201,1916460,0,0,0
UR207,20220218,20220218,135443000,13:54:44,2467,39,4201,1916460,0,0,0
UR207,20220218,20220218,135444000,13:54:44,2467,39,4201,1916460,0,0,0
UR207,20220218,20220218,135444500,13:54:45,2467,39,4201,1916460,0,0,0
UR207,20220218,20220218,135446500,13:54:47,2467,39,4201,1916460,0,0,0
UR207,20220218,20220218,135447000,13:54:47,2467,39,4201,1916460,0,0,0
UR207,20220218,20220218,135447500,13:54:47,2467,39,4201,1916460,0,0,0
UR207,20220218,20220218,135450000,13:54:50,2467,39,4201,1916460,0,0,0
UR207,20220218,20220218,135450500,13:54:50,2467,39,4201,1916460,0,0,0
UR207,20220218,20220218,135501000,13:55:01,2467,39,4201,1916460,0,0,0
UR207,20220218,20220218,135501500,13:55:02,2467,39,4201,1916460,0,0,0
UR207,20220218,20220218,135502000,13:55:03,2467,39,4201,1916460,0,0,0
UR207,20220218,20220218,135502500,13:55:03,2467,39,4201,1916460,0,0,0
UR207,20220218,20220218,135503000,13:55:03,2467,39,4201,1916460,0,0,0
UR207,20220218,20220218,135503500,13:55:04,2467,39,4201,1916460,0,0,0
UR207,20220218,20220218,135505500,13:55:06,2467,39,4201,1916460,0,0,0
UR207,20220218,20220218,135506000,13:55:06,2467,39,4201,1916460,0,0,0
UR207,20220218,20220218,135506500,13:55:06,2467,39,4201,1916460,0,0,0
UR207,20220218,20220218,135508000,13:55:12,2467,39,4201,1916460,0,0,0
UR207,20220218,20220218,135511000,13:55:12,2467,39,4201,1916460,0,0,0
UR207,20220218,20220218,135513500,13:55:15,2467,39,4201,1916460,0,0,0
UR207,20220218,20220218,135515000,13:55:16,2467,39,4201,1916460,0,0,0
UR207,20220218,20220218,135515500,13:55:16,2467,39,4201,1916460,0,0,0
UR207,20220218,20220218,135517000,13:55:21,2467,39,4201,1916460,0,0,0
UR207,20220218,20220218,135518500,13:55:25,2467,39,4201,1916460,0,0,0
UR207,20220218,20220218,135526500,13:55:27,2467,39,4201,1916460,0,0,0
UR207,20220218,20220218,135527000,13:55:28,2467,39,4201,1916460,0,0,0
UR207,20220218,20220218,135528000,13:55:28,2467,39,4201,1916460,0,0,0
UR207,20220218,20220218,135528500,13:55:29,2467,39,4201,1916460,0,0,0
UR207,20220218,20220218,135536500,13:55:37,2467,39,4201,1916460,0,0,0
UR207,20220218,20220218,135537000,13:55:37,2467,39,4201,1916460,0,0,0
UR207,20220218,20220218,135618000,13:56:23,2467,39,4201,1916460,0,0,0
UR207,20220218,20220218,135621500,13:56:23,2467,39,4201,1916460,0,0,0
UR207,20220218,20220218,135623500,13:56:24,2467,39,4201,1916460,0,0,0
UR207,20220218,20220218,135624000,13:56:24,2467,39,4201,1916460,0,0,0
UR207,20220218,20220218,135632000,13:56:35,2467,39,4201,1916460,0,0,0
UR207,20220218,20220218,135649000,13:56:50,2467,39,4201,1916460,0,0,0
UR207,20220218,20220218,135650000,13:56:50,2467,39,4201,1916460,0,0,0
UR207,20220218,20220218,135658500,13:56:59,2467,39,4201,1916460,0,0,0
UR207,20220218,20220218,135659000,13:57:00,2467,39,4201,1916460,0,0,0
UR207,20220218,20220218,135703000,13:57:03,2467,39,4201,1916460,0,0,0
UR207,20220218,20220218,135703500,13:57:04,2467,39,4201,1916460,0,0,0
UR207,20220218,20220218,135705500,13:57:05,2467,39,4201,1916460,0,0,0
