UR205,20220218,20220218,112004500,11:20:09,2523,44182,84216,2231191000,44182,84216,2231191000
UR205,20220218,20220218,112005000,11:20:10,2523,44186,84219,2231393000,4,3,202000
UR205,20220218,20220218,112006000,11:20:10,2523,44189,84216,2231544500,3,-3,151500
UR205,20220218,20220218,112007500,11:20:10,2523,44189,84216,2231544500,0,0,0
UR205,20220218,20220218,112008000,11:20:10,2523,44189,84216,2231544500,0,0,0
UR205,20220218,20220218,112009000,11:20:10,2523,44189,84216,2231544500,0,0,0
UR205,20220218,20220218,112010000,11:20:10,2523,44189,84216,2231544500,0,0,0
UR205,20220218,20220218,112010500,11:20:10,2523,44189,84216,2231544500,0,0,0
UR205,20220218,20220218,112012500,11:20:12,2522,44191,84214,2231645500,2,-2,101000
UR205,20220218,20220218,112013000,11:20:13,2522,44191,84214,2231645500,0,0,0
UR205,20220218,20220218,112014500,11:20:14,2522,44191,84214,2231645500,0,0,0
UR205,20220218,20220218,112015500,11:20:16,2523,44192,84214,2231696000,1,0,50500
UR205,20220218,20220218,112016500,11:20:16,2523,44193,84213,2231746500,1,-1,50500
UR205,20220218,20220218,112020500,11:20:21,2524,44194,84212,2231797000,1,-1,50500
UR205,20220218,20220218,112021000,11:20:21,2524,44213,84193,2232756500,19,-19,959500
UR205,20220218,20220218,112022500,11:20:23,2524,44214,84193,2232807000,1,0,50500
UR205,20220218,20220218,112023000,11:20:23,2524,44217,84190,2232958500,3,-3,151500
UR205,20220218,20220218,112024500,11:20:24,2524,44218,84189,2233009000,1,-1,50500
UR205,20220218,20220218,112025000,11:20:25,2523,44219,84188,2233059500,1,-1,50500
UR205,20220218,20220218,112026000,11:20:26,2523,44219,84188,2233059500,0,0,0
UR205,20220218,20220218,112027000,11:20:27,2523,44219,84188,2233059500,0,0,0
UR205,20220218,20220218,112028000,11:20:28,2523,44219,84188,2233059500,0,0,0
UR205,20220218,20220218,112028500,11:20:28,2523,44219,84188,2233059500,0,0,0
UR205,20220218,20220218,112029000,11:20:29,2523,44219,84188,2233059500,0,0,0
UR205,20220218,20220218,112030000,11:20:31,2523,44219,84188,2233059500,0,0,0
UR205,20220218,20220218,112030500,11:20:31,2523,44219,84188,2233059500,0,0,0
UR205,20220218,20220218,112031500,11:20:32,2524,44229,84188,2233564500,10,0,505000
UR205,20220218,20220218,112032000,11:20:32,2524,44234,84189,2233817000,5,1,252500
UR205,20220218,20220218,112032500,11:20:32,2524,44236,84189,2233918000,2,0,101000
UR205,20220218,20220218,112034000,11:20:34,2524,44236,84189,2233918000,0,0,0
UR205,20220218,20220218,112035500,11:20:35,2524,44237,84189,2233968500,1,0,50500
UR205,20220218,20220218,112036000,11:20:36,2524,44244,84193,2234322000,7,4,353500
UR205,20220218,20220218,112036500,11:20:37,2524,44247,84193,2234473500,3,0,151500
UR205,20220218,20220218,112037000,11:20:37,2524,44249,84193,2234574500,2,0,101000
UR205,20220218,20220218,112038000,11:20:38,2524,44249,84193,2234574500,0,0,0
UR205,20220218,20220218,112038500,11:20:38,2524,44250,84193,2234625000,1,0,50500
UR205,20220218,20220218,112040000,11:20:40,2525,44251,84194,2234675500,1,1,50500
UR205,20220218,20220218,112040500,11:20:41,2525,44253,84195,2234776500,2,1,101000
UR205,20220218,20220218,112041000,11:20:41,2525,44253,84195,2234776500,0,0,0
UR205,20220218,20220218,112041500,11:20:41,2525,44253,84195,2234776500,0,0,0
UR205,20220218,20220218,112042500,11:20:42,2525,44253,84195,2234776500,0,0,0
UR205,20220218,20220218,112043000,11:20:43,2524,44254,84195,2234827000,1,0,50500
UR205,20220218,20220218,112043500,11:20:44,2524,44256,84195,2234928000,2,0,101000
UR205,20220218,20220218,112044000,11:20:44,2524,44259,84197,2235079500,3,2,151500
UR205,20220218,20220218,112044500,11:20:45,2524,44260,84197,2235130000,1,0,50500
UR205,20220218,20220218,112045000,11:20:45,2524,44261,84197,2235180500,1,0,50500
UR205,20220218,20220218,112045500,11:20:46,2524,44262,84198,2235231000,1,1,50500
UR205,20220218,20220218,112047500,11:20:48,2524,44263,84198,2235281500,1,0,50500
UR205,20220218,20220218,112048500,11:20:50,2523,44265,84198,2235382500,2,0,101000
UR205,20220218,20220218,112050500,11:20:50,2524,44286,84218,2236443000,21,20,1060500
UR205,20220218,20220218,112052500,11:20:53,2523,44287,84217,2236493500,1,-1,50500
UR205,20220218,20220218,112054000,11:20:54,2524,44297,84227,2236998500,10,10,505000
UR205,20220218,20220218,112054500,11:20:55,2524,44300,84230,2237150000,3,3,151500
UR205,20220218,20220218,112055000,11:20:55,2524,44300,84230,2237150000,0,0,0
UR205,20220218,20220218,112055500,11:20:56,2524,44300,84230,2237150000,0,0,0
UR205,20220218,20220218,112056000,11:20:56,2524,44300,84230,2237150000,0,0,0
UR205,20220218,20220218,112056500,11:20:56,2524,44300,84230,2237150000,0,0,0
UR205,20220218,20220218,112057500,11:20:58,2525,44301,84229,2237200500,1,-1,50500
UR205,20220218,20220218,112058000,11:20:58,2525,44301,84229,2237200500,0,0,0
UR205,20220218,20220218,112059500,11:21:00,2525,44301,84229,2237200500,0,0,0
UR205,20220218,20220218,112101000,11:21:01,2525,44301,84229,2237200500,0,0,0
UR205,20220218,20220218,112101500,11:21:02,2525,44301,84229,2237200500,0,0,0
UR205,20220218,20220218,112102000,11:21:02,2525,44302,84228,2237251000,1,-1,50500
UR205,20220218,20220218,112102500,11:21:03,2525,44302,84228,2237251000,0,0,0
UR205,20220218,20220218,112103000,11:21:03,2524,44303,84228,2237301500,1,0,50500
UR205,20220218,20220218,112107500,11:21:10,2524,44303,84228,2237301500,0,0,0
UR205,20220218,20220218,112110000,11:21:10,2525,44309,84224,2237604500,6,-4,303000
UR205,20220218,20220218,112110500,11:21:11,2525,44312,84224,2237756000,3,0,151500
UR205,20220218,20220218,112111000,11:21:11,2525,44315,84221,2237907500,3,-3,151500
UR205,20220218,20220218,112111500,11:21:12,2525,44328,84226,2238564000,13,5,656500
UR205,20220218,20220218,112112000,11:21:12,2525,44328,84226,2238564000,0,0,0
UR205,20220218,20220218,112112500,11:21:13,2525,44328,84226,2238564000,0,0,0
UR205,20220218,20220218,112114000,11:21:14,2526,44329,84226,2238614500,1,0,50500
UR205,20220218,20220218,112114500,11:21:14,2526,44329,84226,2238614500,0,0,0
UR205,20220218,20220218,112115000,11:21:15,2526,44334,84226,2238867000,5,0,252500
UR205,20220218,20220218,112115500,11:21:15,2526,44334,84226,2238867000,0,0,0
UR205,20220218,20220218,112116000,11:21:16,2526,44334,84226,2238867000,0,0,0
UR205,20220218,20220218,112116500,11:21:17,2526,44339,84221,2239119500,5,-5,252500
UR205,20220218,20220218,112117000,11:21:17,2526,44339,84221,2239119500,0,0,0
UR205,20220218,20220218,112117500,11:21:18,2526,44340,84220,2239170000,1,-1,50500
UR205,20220218,20220218,112118500,11:21:18,2526,44341,84219,2239220500,1,-1,50500
UR205,20220218,20220218,112119000,11:21:19,2526,44342,84219,2239271000,1,0,50500
UR205,20220218,20220218,112120000,11:21:20,2525,44345,84218,2239422500,3,-1,151500
UR205,20220218,20220218,112120500,11:21:21,2526,44346,84217,2239473000,1,-1,50500
UR205,20220218,20220218,112121000,11:21:22,2526,44346,84217,2239473000,0,0,0
UR205,20220218,20220218,112121500,11:21:22,2526,44346,84217,2239473000,0,0,0
UR205,20220218,20220218,112123500,11:21:23,2526,44347,84217,2239523500,1,0,50500
UR205,20220218,20220218,112124000,11:21:24,2526,44349,84217,2239624500,2,0,101000
UR205,20220218,20220218,112124500,11:21:25,2526,44350,84217,2239675000,1,0,50500
UR205,20220218,20220218,112125500,11:23:32,2526,44352,84216,2239776000,2,-1,101000
UR205,20220218,20220218,112126000,11:23:33,2527,44355,84217,2239927500,3,1,151500
UR205,20220218,20220218,112332500,11:23:33,2526,44552,84200,2249876000,197,-17,9948500
UR205,20220218,20220218,112333000,11:23:33,2526,44553,84200,2249926500,1,0,50500
UR205,20220218,20220218,112333500,11:23:33,2525,44554,84201,2249977000,1,1,50500
UR205,20220218,20220218,112334000,11:23:34,2526,44555,84200,2250027500,1,-1,50500
UR205,20220218,20220218,112334500,11:23:34,2525,44558,84201,2250179000,3,1,151500
UR205,20220218,20220218,112335500,11:23:35,2526,44559,84201,2250229500,1,0,50500
UR205,20220218,20220218,112336000,11:23:36,2526,44559,84201,2250229500,0,0,0
UR205,20220218,20220218,112337000,11:23:38,2526,44561,84203,2250330500,2,2,101000
UR205,20220218,20220218,112341000,11:23:41,2526,44562,84203,2250381000,1,0,50500
UR205,20220218,20220218,112341500,11:23:42,2526,44562,84203,2250381000,0,0,0
UR205,20220218,20220218,112343000,11:23:43,2527,44563,84203,2250431500,1,0,50500
UR205,20220218,20220218,112345000,11:23:48,2526,44564,84202,2250482000,1,-1,50500
UR205,20220218,20220218,112345500,11:23:48,2526,44564,84202,2250482000,0,0,0
UR205,20220218,20220218,112348000,11:23:48,2527,44565,84202,2250532500,1,0,50500
UR205,20220218,20220218,112348500,11:23:49,2527,44565,84202,2250532500,0,0,0
UR205,20220218,20220218,112351000,11:23:51,2527,44565,84202,2250532500,0,0,0
UR205,20220218,20220218,112351500,11:23:51,2527,44565,84202,2250532500,0,0,0
UR205,20220218,20220218,112352000,11:23:52,2527,44566,84201,2250583000,1,-1,50500
UR205,20220218,20220218,112352500,11:23:52,2526,44567,84200,2250633500,1,-1,50500
UR205,20220218,20220218,112353000,11:23:53,2526,44569,84198,2250734500,2,-2,101000
UR205,20220218,20220218,112353500,11:23:53,2526,44576,84198,2251088000,7,0,353500
UR205,20220218,20220218,112354500,11:23:55,2527,44579,84196,2251239500,3,-2,151500
UR205,20220218,20220218,112357500,11:23:57,2527,44579,84196,2251239500,0,0,0
UR205,20220218,20220218,112358000,11:23:58,2526,44581,84194,2251340500,2,-2,101000
UR205,20220218,20220218,112400000,11:24:00,2526,44581,84194,2251340500,0,0,0
UR205,20220218,20220218,112400500,11:24:00,2526,44582,84195,2251391000,1,1,50500
UR205,20220218,20220218,112401000,11:24:01,2526,44582,84195,2251391000,0,0,0
UR205,20220218,20220218,112402000,11:24:02,2526,44582,84195,2251391000,0,0,0
UR205,20220218,20220218,112402500,11:24:02,2526,44584,84194,2251492000,2,-1,101000
UR205,20220218,20220218,112403500,11:24:04,2526,44584,84194,2251492000,0,0,0
UR205,20220218,20220218,112405500,11:24:05,2526,44586,84196,2251593000,2,2,101000
UR205,20220218,20220218,112406000,11:24:06,2526,44589,84197,2251744500,3,1,151500
UR205,20220218,20220218,112407500,11:24:08,2526,44589,84197,2251744500,0,0,0
UR205,20220218,20220218,112408000,11:24:08,2527,44590,84197,2251795000,1,0,50500
UR205,20220218,20220218,112408500,11:24:08,2527,44590,84197,2251795000,0,0,0
UR205,20220218,20220218,112410500,11:24:12,2527,44591,84197,2251845500,1,0,50500
UR205,20220218,20220218,112412500,11:24:13,2526,44592,84197,2251896000,1,0,50500
UR205,20220218,20220218,112413000,11:24:13,2527,44598,84191,2252199000,6,-6,303000
UR205,20220218,20220218,112414000,11:24:14,2527,44600,84189,2252300000,2,-2,101000
UR205,20220218,20220218,112414500,11:24:14,2527,44600,84189,2252300000,0,0,0
UR205,20220218,20220218,112415000,11:24:15,2527,44602,84187,2252401000,2,-2,101000
UR205,20220218,20220218,112417000,11:24:17,2527,44603,84187,2252451500,1,0,50500
UR205,20220218,20220218,112418000,11:24:18,2526,44604,84188,2252502000,1,1,50500
UR205,20220218,20220218,112419000,11:24:19,2527,44605,84188,2252552500,1,0,50500
UR205,20220218,20220218,112419500,11:24:20,2527,44605,84188,2252552500,0,0,0
UR205,20220218,20220218,112420500,11:24:20,2527,44606,84187,2252603000,1,-1,50500
UR205,20220218,20220218,112421000,11:24:21,2527,44607,84186,2252653500,1,-1,50500
UR205,20220218,20220218,112423500,11:24:24,2527,44607,84186,2252653500,0,0,0
UR205,20220218,20220218,112426500,11:24:26,2527,44607,84186,2252653500,0,0,0
UR205,20220218,20220218,112428000,11:24:28,2527,44607,84186,2252653500,0,0,0
UR205,20220218,20220218,112428500,11:24:28,2527,44607,84186,2252653500,0,0,0
UR205,20220218,20220218,112431000,11:24:31,2526,44608,84186,2252704000,1,0,50500
UR205,20220218,20220218,112433500,11:24:33,2526,44608,84186,2252704000,0,0,0
UR205,20220218,20220218,112434000,11:24:34,2526,44608,84186,2252704000,0,0,0
UR205,20220218,20220218,112435000,11:24:35,2527,44609,84186,2252754500,1,0,50500
UR205,20220218,20220218,112437000,11:24:37,2527,44609,84186,2252754500,0,0,0
UR205,20220218,20220218,112437500,11:24:37,2527,44609,84186,2252754500,0,0,0
UR205,20220218,20220218,112438500,11:24:39,2527,44609,84186,2252754500,0,0,0
UR205,20220218,20220218,112439000,11:24:40,2527,44609,84186,2252754500,0,0,0
UR205,20220218,20220218,112440000,11:24:40,2527,44610,84187,2252805000,1,1,50500
UR205,20220218,20220218,112441000,11:24:41,2526,44611,84186,2252855500,1,-1,50500
UR205,20220218,20220218,112441500,11:24:41,2526,44611,84186,2252855500,0,0,0
UR205,20220218,20220218,112442500,11:24:42,2527,44612,84187,2252906000,1,1,50500
UR205,20220218,20220218,112443500,11:24:43,2527,44612,84187,2252906000,0,0,0
UR205,20220218,20220218,112451500,11:24:52,2527,44614,84187,2253007000,2,0,101000
UR205,20220218,20220218,112452000,11:24:52,2527,44616,84185,2253108000,2,-2,101000
UR205,20220218,20220218,112453000,11:24:53,2527,44616,84185,2253108000,0,0,0
UR205,20220218,20220218,112453500,11:24:53,2527,44616,84185,2253108000,0,0,0
UR205,20220218,20220218,112455000,11:24:55,2527,44617,84186,2253158500,1,1,50500
UR205,20220218,20220218,112455500,11:24:56,2527,44620,84185,2253310000,3,-1,151500
UR205,20220218,20220218,112456500,11:24:56,2527,44621,84185,2253360500,1,0,50500
UR205,20220218,20220218,112501000,11:25:02,2528,44634,84177,2254017000,13,-8,656500
UR205,20220218,20220218,112501500,11:25:03,2528,44635,84178,2254067500,1,1,50500
UR205,20220218,20220218,112502000,11:25:05,2528,44635,84178,2254067500,0,0,0
UR205,20220218,20220218,112502500,11:25:06,2528,44635,84178,2254067500,0,0,0
UR205,20220218,20220218,112505500,11:25:06,2528,44635,84178,2254067500,0,0,0
UR205,20220218,20220218,112506500,11:25:07,2528,44635,84178,2254067500,0,0,0
UR205,20220218,20220218,112507000,11:25:07,2528,44635,84178,2254067500,0,0,0
UR205,20220218,20220218,112507500,11:25:07,2528,44637,84177,2254168500,2,-1,101000
UR205,20220218,20220218,112508000,11:25:08,2528,44637,84177,2254168500,0,0,0
UR205,20220218,20220218,112508500,11:25:08,2527,44642,84180,2254421000,5,3,252500
UR205,20220218,20220218,112509000,11:25:09,2527,44642,84180,2254421000,0,0,0
UR205,20220218,20220218,112509500,11:25:09,2527,44642,84180,2254421000,0,0,0
UR205,20220218,20220218,112510000,11:25:10,2528,44643,84180,2254471500,1,0,50500
UR205,20220218,20220218,112510500,11:25:10,2528,44643,84180,2254471500,0,0,0
UR205,20220218,20220218,112513000,11:25:13,2528,44643,84180,2254471500,0,0,0
UR205,20220218,20220218,112516000,11:25:16,2528,44645,84180,2254572500,2,0,101000
UR205,20220218,20220218,112517000,11:25:17,2528,44645,84180,2254572500,0,0,0
UR205,20220218,20220218,112518000,11:25:18,2528,44656,84183,2255128000,11,3,555500
UR205,20220218,20220218,112518500,11:25:19,2528,44656,84183,2255128000,0,0,0
UR205,20220218,20220218,112520000,11:25:20,2528,44656,84183,2255128000,0,0,0
UR205,20220218,20220218,112520500,11:25:21,2527,44657,84184,2255178500,1,1,50500
UR205,20220218,20220218,112521000,11:25:21,2527,44657,84184,2255178500,0,0,0
UR205,20220218,20220218,112521500,11:25:22,2527,44657,84184,2255178500,0,0,0
UR205,20220218,20220218,112522000,11:25:22,2527,44657,84184,2255178500,0,0,0
UR205,20220218,20220218,112523000,11:25:23,2529,44661,84186,2255380500,4,2,202000
UR205,20220218,20220218,112523500,11:25:24,2529,44661,84186,2255380500,0,0,0
UR205,20220218,20220218,112524000,11:25:25,2529,44662,84186,2255431000,1,0,50500
UR205,20220218,20220218,112525000,11:25:25,2529,44662,84186,2255431000,0,0,0
UR205,20220218,20220218,112525500,11:25:26,2529,44662,84186,2255431000,0,0,0
UR205,20220218,20220218,112528500,11:25:28,2527,44672,84183,2255936000,10,-3,505000
UR205,20220218,20220218,112529000,11:25:29,2527,44672,84183,2255936000,0,0,0
UR205,20220218,20220218,112530000,11:25:30,2526,44689,84178,2256794500,17,-5,858500
UR205,20220218,20220218,112530500,11:25:31,2525,44693,84180,2256996500,4,2,202000
UR205,20220218,20220218,112531000,11:25:31,2525,44693,84180,2256996500,0,0,0
UR205,20220218,20220218,112533000,11:25:33,2525,44695,84180,2257097500,2,0,101000
UR205,20220218,20220218,112533500,11:25:33,2525,44695,84180,2257097500,0,0,0
UR205,20220218,20220218,112535000,11:25:36,2525,44697,84180,2257198500,2,0,101000
UR205,20220218,20220218,112535500,11:25:37,2525,44698,84179,2257249000,1,-1,50500
UR205,20220218,20220218,112536000,11:25:37,2525,44698,84179,2257249000,0,0,0
UR205,20220218,20220218,112537500,11:25:38,2525,44698,84179,2257249000,0,0,0
UR205,20220218,20220218,112540500,11:25:40,2525,44698,84179,2257249000,0,0,0
UR205,20220218,20220218,112544000,11:25:44,2526,44700,84177,2257350000,2,-2,101000
UR205,20220218,20220218,112545500,11:25:46,2526,44700,84177,2257350000,0,0,0
UR205,20220218,20220218,112546000,11:25:47,2526,44700,84177,2257350000,0,0,0
UR205,20220218,20220218,112547000,11:25:48,2527,44701,84176,2257400500,1,-1,50500
UR205,20220218,20220218,112549000,11:25:49,2526,44702,84175,2257451000,1,-1,50500
UR205,20220218,20220218,112550000,11:25:50,2526,44702,84175,2257451000,0,0,0
UR205,20220218,20220218,112550500,11:25:51,2526,44703,84174,2257501500,1,-1,50500
UR205,20220218,20220218,112552000,11:25:52,2526,44704,84173,2257552000,1,-1,50500
UR205,20220218,20220218,112553500,11:25:54,2526,44705,84173,2257602500,1,0,50500
UR205,20220218,20220218,112555000,11:25:55,2526,44705,84173,2257602500,0,0,0
UR205,20220218,20220218,112558000,11:25:59,2526,44705,84173,2257602500,0,0,0
UR205,20220218,20220218,112558500,11:25:59,2526,44705,84173,2257602500,0,0,0
UR205,20220218,20220218,112600500,11:26:01,2526,44705,84173,2257602500,0,0,0
UR205,20220218,20220218,112601500,11:26:01,2526,44710,84174,2257855000,5,1,252500
UR205,20220218,20220218,112602000,11:26:03,2526,44710,84174,2257855000,0,0,0
UR205,20220218,20220218,112602500,11:26:03,2525,44725,84180,2258612500,15,6,757500
UR205,20220218,20220218,112603000,11:26:03,2525,44736,84189,2259168000,11,9,555500
UR205,20220218,20220218,112603500,11:26:04,2526,44737,84190,2259218500,1,1,50500
UR205,20220218,20220218,112605500,11:26:06,2526,44737,84190,2259218500,0,0,0
UR205,20220218,20220218,112606000,11:26:06,2525,44743,84192,2259521500,6,2,303000
UR205,20220218,20220218,112608000,11:26:09,2526,44756,84180,2260178000,13,-12,656500
UR205,20220218,20220218,112609000,11:26:10,2526,44756,84180,2260178000,0,0,0
UR205,20220218,20220218,112609500,11:26:10,2526,44767,84178,2260733500,11,-2,555500
UR205,20220218,20220218,112612500,11:26:14,2526,44774,84171,2261087000,7,-7,353500
UR205,20220218,20220218,112614000,11:26:15,2526,44774,84171,2261087000,0,0,0
UR205,20220218,20220218,112615500,11:26:16,2526,44777,84169,2261238500,3,-2,151500
UR205,20220218,20220218,112618000,11:26:18,2526,44777,84169,2261238500,0,0,0
UR205,20220218,20220218,112620000,11:26:20,2527,44780,84169,2261390000,3,0,151500
UR205,20220218,20220218,112622500,11:26:23,2526,44782,84167,2261491000,2,-2,101000
UR205,20220218,20220218,112628000,11:26:28,2526,44783,84167,2261541500,1,0,50500
UR205,20220218,20220218,112628500,11:26:28,2526,44788,84163,2261794000,5,-4,252500
UR205,20220218,20220218,112632000,11:26:32,2526,44788,84163,2261794000,0,0,0
UR205,20220218,20220218,112632500,11:26:32,2526,44790,84161,2261895000,2,-2,101000
UR205,20220218,20220218,112633000,11:26:33,2526,44790,84161,2261895000,0,0,0
UR205,20220218,20220218,112634500,11:26:37,2525,44791,84160,2261945500,1,-1,50500
UR205,20220218,20220218,112637000,11:26:38,2525,44791,84160,2261945500,0,0,0
UR205,20220218,20220218,112653500,11:27:10,2525,44803,84150,2262551500,12,-10,606000
UR205,20220218,20220218,112708000,11:27:12,2525,44810,84152,2262905000,7,2,353500
UR205,20220218,20220218,112711500,11:27:12,2525,44810,84152,2262905000,0,0,0
UR205,20220218,20220218,112714000,11:27:15,2525,44810,84152,2262905000,0,0,0
UR205,20220218,20220218,112714500,11:27:15,2526,44814,84151,2263107000,4,-1,202000
UR205,20220218,20220218,112715000,11:27:15,2526,44857,84156,2265278500,43,5,2171500
UR205,20220218,20220218,112715500,11:27:16,2527,44867,84146,2265783500,10,-10,505000
UR205,20220218,20220218,112716000,11:27:17,2527,44867,84146,2265783500,0,0,0
UR205,20220218,20220218,112718500,11:27:19,2528,44869,84147,2265884500,2,1,101000
UR205,20220218,20220218,112719000,11:27:19,2527,44871,84148,2265985500,2,1,101000
UR205,20220218,20220218,112720500,11:27:21,2528,44872,84148,2266036000,1,0,50500
UR205,20220218,20220218,112721000,11:27:21,2528,44885,84152,2266692500,13,4,656500
UR205,20220218,20220218,112723500,11:27:27,2528,44885,84152,2266692500,0,0,0
UR205,20220218,20220218,112724000,11:27:27,2528,44886,84151,2266743000,1,-1,50500
UR205,20220218,20220218,112726500,11:27:27,2528,44896,84154,2267248000,10,3,505000
UR205,20220218,20220218,112727000,11:27:27,2528,44897,84154,2267298500,1,0,50500
UR205,20220218,20220218,112735000,11:27:36,2528,44897,84154,2267298500,0,0,0
UR205,20220218,20220218,112736500,11:27:38,2527,44898,84154,2267349000,1,0,50500
UR205,20220218,20220218,112737500,11:27:38,2527,44898,84154,2267349000,0,0,0
UR205,20220218,20220218,112740500,11:27:40,2527,44898,84154,2267349000,0,0,0
UR205,20220218,20220218,112741000,11:27:41,2527,44898,84154,2267349000,0,0,0
UR205,20220218,20220218,112741500,11:27:41,2527,44898,84154,2267349000,0,0,0
UR205,20220218,20220218,112743500,11:27:43,2528,44899,84154,2267399500,1,0,50500
UR205,20220218,20220218,112745500,11:27:46,2528,44899,84154,2267399500,0,0,0
UR205,20220218,20220218,112746000,11:27:46,2528,44902,84157,2267551000,3,3,151500
UR205,20220218,20220218,112746500,11:27:47,2528,44902,84157,2267551000,0,0,0
UR205,20220218,20220218,112747000,11:27:47,2528,44902,84157,2267551000,0,0,0
UR205,20220218,20220218,112747500,11:27:47,2528,44902,84157,2267551000,0,0,0
UR205,20220218,20220218,112748000,11:27:53,2528,44902,84157,2267551000,0,0,0
UR205,20220218,20220218,112754000,11:27:54,2528,44902,84157,2267551000,0,0,0
UR205,20220218,20220218,112755500,11:27:55,2528,44902,84157,2267551000,0,0,0
UR205,20220218,20220218,112802000,11:28:03,2528,44902,84157,2267551000,0,0,0
UR205,20220218,20220218,112804500,11:28:05,2527,44904,84158,2267652000,2,1,101000
UR205,20220218,20220218,112805000,11:28:06,2527,44904,84158,2267652000,0,0,0
UR205,20220218,20220218,112808500,11:28:11,2527,44904,84158,2267652000,0,0,0
UR205,20220218,20220218,112810500,11:28:11,2527,44905,84157,2267702500,1,-1,50500
UR205,20220218,20220218,112813500,11:28:14,2527,44905,84157,2267702500,0,0,0
UR205,20220218,20220218,112815500,11:28:15,2527,44905,84157,2267702500,0,0,0
UR205,20220218,20220218,112817000,11:28:17,2527,44905,84157,2267702500,0,0,0
UR205,20220218,20220218,112817500,11:28:17,2527,44905,84157,2267702500,0,0,0
UR205,20220218,20220218,112819500,11:28:19,2527,44906,84156,2267753000,1,-1,50500
UR205,20220218,20220218,112820000,11:28:20,2528,44908,84156,2267854000,2,0,101000
UR205,20220218,20220218,112824500,11:28:24,2527,44909,84156,2267904500,1,0,50500
UR205,20220218,20220218,112826500,11:28:27,2528,44910,84157,2267955000,1,1,50500
UR205,20220218,20220218,112828000,11:28:28,2528,44911,84157,2268005500,1,0,50500
UR205,20220218,20220218,112829000,11:28:29,2528,44911,84157,2268005500,0,0,0
UR205,20220218,20220218,112829500,11:28:29,2527,44935,84156,2269217500,24,-1,1212000
UR205,20220218,20220218,112831000,11:28:31,2526,44936,84156,2269268000,1,0,50500
UR205,20220218,20220218,112831500,11:28:31,2528,44939,84156,2269419500,3,0,151500
UR205,20220218,20220218,112832000,11:28:32,2528,44939,84156,2269419500,0,0,0
UR205,20220218,20220218,112834500,11:28:34,2528,44939,84156,2269419500,0,0,0
UR205,20220218,20220218,112835000,11:28:35,2528,44939,84156,2269419500,0,0,0
UR205,20220218,20220218,112835500,11:28:37,2528,44939,84156,2269419500,0,0,0
UR205,20220218,20220218,112836000,11:28:37,2528,44940,84155,2269470000,1,-1,50500
UR205,20220218,20220218,112837500,11:28:38,2528,44942,84153,2269571000,2,-2,101000
UR205,20220218,20220218,112839500,11:28:40,2527,44943,84153,2269621500,1,0,50500
UR205,20220218,20220218,112840500,11:28:40,2528,44944,84153,2269672000,1,0,50500
UR205,20220218,20220218,112841500,11:28:41,2527,44946,84152,2269773000,2,-1,101000
UR205,20220218,20220218,112844500,11:28:45,2528,44948,84151,2269874000,2,-1,101000
UR205,20220218,20220218,112845000,11:28:45,2528,44948,84151,2269874000,0,0,0
UR205,20220218,20220218,112846500,11:28:46,2528,44948,84151,2269874000,0,0,0
UR205,20220218,20220218,112848000,11:28:48,2528,44948,84151,2269874000,0,0,0
UR205,20220218,20220218,112848500,11:28:48,2528,44948,84151,2269874000,0,0,0
UR205,20220218,20220218,112849000,11:28:49,2528,44950,84153,2269975000,2,2,101000
UR205,20220218,20220218,112849500,11:28:50,2528,44953,84151,2270126500,3,-2,151500
UR205,20220218,20220218,112850000,11:28:50,2528,44953,84151,2270126500,0,0,0
UR205,20220218,20220218,112852000,11:28:53,2528,44953,84151,2270126500,0,0,0
UR205,20220218,20220218,112853000,11:28:54,2528,44953,84151,2270126500,0,0,0
UR205,20220218,20220218,112853500,11:28:54,2528,44953,84151,2270126500,0,0,0
UR205,20220218,20220218,112854000,11:28:54,2528,44958,84150,2270379000,5,-1,252500
UR205,20220218,20220218,112855000,11:28:55,2528,44959,84150,2270429500,1,0,50500
UR205,20220218,20220218,112858500,11:28:59,2527,44978,84142,2271389000,19,-8,959500
UR205,20220218,20220218,112859000,11:28:59,2527,44978,84142,2271389000,0,0,0
UR205,20220218,20220218,112859500,11:29:00,2527,44989,84142,2271944500,11,0,555500
UR205,20220218,20220218,112900500,11:29:01,2527,44991,84141,2272045500,2,-1,101000
UR205,20220218,20220218,112901000,11:29:01,2527,44995,84141,2272247500,4,0,202000
UR205,20220218,20220218,112902000,11:29:02,2527,44997,84139,2272348500,2,-2,101000
UR205,20220218,20220218,112902500,11:29:03,2526,45000,84139,2272500000,3,0,151500
UR205,20220218,20220218,112903000,11:29:03,2527,45001,84138,2272550500,1,-1,50500
UR205,20220218,20220218,112905500,11:29:06,2527,45001,84138,2272550500,0,0,0
UR205,20220218,20220218,112908500,11:29:08,2527,45001,84138,2272550500,0,0,0
UR205,20220218,20220218,112912000,11:29:12,2527,45002,84137,2272601000,1,-1,50500
UR205,20220218,20220218,112914000,11:29:14,2526,45003,84136,2272651500,1,-1,50500
UR205,20220218,20220218,112914500,11:29:15,2527,45004,84135,2272702000,1,-1,50500
UR205,20220218,20220218,112916000,11:29:16,2527,45004,84135,2272702000,0,0,0
UR205,20220218,20220218,112917000,11:29:20,2526,45005,84134,2272752500,1,-1,50500
UR205,20220218,20220218,112920500,11:29:21,2526,45005,84134,2272752500,0,0,0
UR205,20220218,20220218,112922000,11:29:24,2526,45031,84128,2274065500,26,-6,1313000
UR205,20220218,20220218,112922500,11:29:24,2527,45032,84128,2274116000,1,0,50500
UR205,20220218,20220218,112925500,11:29:25,2526,45037,84123,2274368500,5,-5,252500
UR205,20220218,20220218,112926500,11:29:26,2526,45038,84122,2274419000,1,-1,50500
UR205,20220218,20220218,112927000,11:29:27,2526,45038,84122,2274419000,0,0,0
UR205,20220218,20220218,112927500,11:29:27,2526,45038,84122,2274419000,0,0,0
UR205,20220218,20220218,112929000,11:29:29,2526,45038,84122,2274419000,0,0,0
UR205,20220218,20220218,112930000,11:29:30,2526,45038,84122,2274419000,0,0,0
UR205,20220218,20220218,112930500,11:29:31,2526,45038,84122,2274419000,0,0,0
UR205,20220218,20220218,112931000,11:29:32,2527,45039,84122,2274469500,1,0,50500
UR205,20220218,20220218,112932000,11:29:36,2526,45040,84122,2274520000,1,0,50500
UR205,20220218,20220218,112932500,11:29:36,2526,45040,84122,2274520000,0,0,0
UR205,20220218,20220218,112933000,11:29:37,2526,45041,84121,2274570500,1,-1,50500
UR205,20220218,20220218,112933500,11:29:38,2526,45042,84120,2274621000,1,-1,50500
UR205,20220218,20220218,112936500,11:29:38,2526,45042,84120,2274621000,0,0,0
UR205,20220218,20220218,112938000,11:29:38,2526,45042,84120,2274621000,0,0,0
UR205,20220218,20220218,112939500,11:29:40,2527,45047,84116,2274873500,5,-4,252500
UR205,20220218,20220218,112940000,11:29:40,2526,45053,84112,2275176500,6,-4,303000
UR205,20220218,20220218,112940500,11:29:40,2527,45054,84113,2275227000,1,1,50500
UR205,20220218,20220218,112941000,11:29:41,2526,45097,84075,2277398500,43,-38,2171500
UR205,20220218,20220218,112941500,11:29:42,2526,45098,84074,2277449000,1,-1,50500
UR205,20220218,20220218,112942500,11:29:44,2526,45098,84074,2277449000,0,0,0
UR205,20220218,20220218,112943000,11:29:45,2526,45098,84074,2277449000,0,0,0
UR205,20220218,20220218,112945000,11:29:46,2526,45099,84074,2277499500,1,0,50500
UR205,20220218,20220218,112946500,11:29:47,2525,45100,84074,2277550000,1,0,50500
UR205,20220218,20220218,112948000,11:29:49,2526,45102,84072,2277651000,2,-2,101000
UR205,20220218,20220218,112948500,11:29:49,2525,45111,84065,2278105500,9,-7,454500
UR205,20220218,20220218,112949500,11:29:50,2526,45122,84055,2278661000,11,-10,555500
UR205,20220218,20220218,112950500,11:29:51,2525,45125,84056,2278812500,3,1,151500
UR205,20220218,20220218,112952000,11:29:52,2525,45125,84056,2278812500,0,0,0
UR205,20220218,20220218,112952500,11:29:53,2525,45125,84056,2278812500,0,0,0
UR205,20220218,20220218,112953000,11:29:54,2525,45158,84048,2280479000,33,-8,1666500
UR205,20220218,20220218,112953500,11:29:54,2526,45161,84051,2280630500,3,3,151500
UR205,20220218,20220218,112955500,11:29:56,2524,45166,84053,2280883000,5,2,252500
UR205,20220218,20220218,112956000,11:29:56,2524,45166,84053,2280883000,0,0,0
UR205,20220218,20220218,112959500,11:30:02,2525,45191,84046,2282145500,25,-7,1262500
UR205,20220218,20220218,113000000,11:30:03,2526,45194,84043,2282297000,3,-3,151500
UR205,20220218,20220218,113000500,11:30:03,2526,45194,84043,2282297000,0,0,0
UR205,20220218,20220218,133001000,13:30:01,2526,45195,84043,2282347500,1,0,50500
UR205,20220218,20220218,133001500,13:30:02,2527,45204,84044,2282802000,9,1,454500
UR205,20220218,20220218,133002000,13:30:08,2527,45211,84048,2283155500,7,4,353500
UR205,20220218,20220218,133002500,13:30:10,2527,45211,84048,2283155500,0,0,0
UR205,20220218,20220218,133008000,13:30:10,2527,45283,84072,2286791500,72,24,3636000
UR205,20220218,20220218,133009500,13:30:10,2527,45283,84072,2286791500,0,0,0
UR205,20220218,20220218,133010000,13:30:11,2526,45297,84065,2287498500,14,-7,707000
UR205,20220218,20220218,133010500,13:30:12,2526,45298,84066,2287549000,1,1,50500
UR205,20220218,20220218,133011000,13:30:13,2526,45298,84066,2287549000,0,0,0
UR205,20220218,20220218,133011500,13:30:13,2526,45299,84067,2287599500,1,1,50500
UR205,20220218,20220218,133013000,13:30:13,2526,45302,84069,2287751000,3,2,151500
UR205,20220218,20220218,133013500,13:30:14,2526,45302,84069,2287751000,0,0,0
UR205,20220218,20220218,133014000,13:30:15,2526,45306,84073,2287953000,4,4,202000
UR205,20220218,20220218,133014500,13:30:16,2525,45345,84099,2289922500,39,26,1969500
UR205,20220218,20220218,133015000,13:30:17,2526,45361,84110,2290730500,16,11,808000
UR205,20220218,20220218,133016000,13:30:18,2525,45364,84108,2290882000,3,-2,151500
UR205,20220218,20220218,133017000,13:30:18,2525,45364,84108,2290882000,0,0,0
UR205,20220218,20220218,133017500,13:30:18,2526,45369,84108,2291134500,5,0,252500
UR205,20220218,20220218,133018000,13:30:19,2526,45370,84109,2291185000,1,1,50500
UR205,20220218,20220218,133018500,13:30:20,2526,45370,84109,2291185000,0,0,0
UR205,20220218,20220218,133019000,13:30:20,2526,45370,84109,2291185000,0,0,0
UR205,20220218,20220218,133019500,13:30:20,2526,45371,84110,2291235500,1,1,50500
UR205,20220218,20220218,133020000,13:30:21,2525,45372,84111,2291286000,1,1,50500
UR205,20220218,20220218,133021000,13:30:21,2526,45378,84117,2291589000,6,6,303000
UR205,20220218,20220218,133021500,13:30:22,2526,45378,84117,2291589000,0,0,0
UR205,20220218,20220218,133022000,13:30:38,2526,45378,84117,2291589000,0,0,0
UR205,20220218,20220218,133022500,13:30:38,2526,45380,84118,2291690000,2,1,101000
UR205,20220218,20220218,133038000,13:30:40,2526,45418,84114,2293609000,38,-4,1919000
UR205,20220218,20220218,133038500,13:30:42,2528,45419,84115,2293659500,1,1,50500
UR205,20220218,20220218,133041000,13:30:43,2528,45419,84115,2293659500,0,0,0
UR205,20220218,20220218,133042500,13:30:44,2528,45419,84115,2293659500,0,0,0
UR205,20220218,20220218,133043500,13:30:45,2528,45419,84115,2293659500,0,0,0
UR205,20220218,20220218,133045000,13:30:46,2528,45419,84115,2293659500,0,0,0
UR205,20220218,20220218,133047000,13:30:48,2528,45422,84118,2293811000,3,3,151500
UR205,20220218,20220218,133047500,13:30:48,2528,45422,84118,2293811000,0,0,0
UR205,20220218,20220218,133048000,13:30:49,2528,45423,84119,2293861500,1,1,50500
UR205,20220218,20220218,133048500,13:30:49,2529,45435,84128,2294467500,12,9,606000
UR205,20220218,20220218,133050000,13:30:51,2529,45436,84127,2294518000,1,-1,50500
UR205,20220218,20220218,133050500,13:30:51,2528,45442,84126,2294821000,6,-1,303000
UR205,20220218,20220218,133051000,13:30:52,2529,45443,84125,2294871500,1,-1,50500
UR205,20220218,20220218,133051500,13:30:52,2529,45444,84125,2294922000,1,0,50500
UR205,20220218,20220218,133052000,13:30:53,2529,45445,84125,2294972500,1,0,50500
UR205,20220218,20220218,133052500,13:30:53,2529,45446,84125,2295023000,1,0,50500
UR205,20220218,20220218,133053000,13:30:54,2529,45447,84125,2295073500,1,0,50500
UR205,20220218,20220218,133053500,13:30:54,2529,45447,84125,2295073500,0,0,0
UR205,20220218,20220218,133054000,13:30:54,2529,45447,84125,2295073500,0,0,0
UR205,20220218,20220218,133055000,13:30:56,2529,45447,84125,2295073500,0,0,0
UR205,20220218,20220218,133055500,13:30:56,2529,45451,84127,2295275500,4,2,202000
UR205,20220218,20220218,133056000,13:30:57,2529,45460,84121,2295730000,9,-6,454500
UR205,20220218,20220218,133056500,13:30:57,2529,45464,84117,2295932000,4,-4,202000
UR205,20220218,20220218,133057500,13:30:58,2530,45466,84117,2296033000,2,0,101000
UR205,20220218,20220218,133058000,13:30:58,2530,45470,84118,2296235000,4,1,202000
UR205,20220218,20220218,133058500,13:30:59,2530,45471,84119,2296285500,1,1,50500
UR205,20220218,20220218,133059000,13:30:59,2530,45471,84119,2296285500,0,0,0
UR205,20220218,20220218,133059500,13:30:59,2530,45471,84119,2296285500,0,0,0
UR205,20220218,20220218,133100000,13:31:00,2528,45478,84124,2296639000,7,5,353500
UR205,20220218,20220218,133100500,13:31:01,2529,45481,84125,2296790500,3,1,151500
UR205,20220218,20220218,133101000,13:31:01,2529,45481,84125,2296790500,0,0,0
UR205,20220218,20220218,133101500,13:31:01,2528,45482,84125,2296841000,1,0,50500
UR205,20220218,20220218,133102000,13:31:02,2529,45483,84125,2296891500,1,0,50500
UR205,20220218,20220218,133102500,13:31:02,2529,45485,84127,2296992500,2,2,101000
UR205,20220218,20220218,133103000,13:31:03,2529,45498,84122,2297649000,13,-5,656500
UR205,20220218,20220218,133103500,13:31:04,2529,45506,84125,2298053000,8,3,404000
UR205,20220218,20220218,133104000,13:31:06,2529,45508,84126,2298154000,2,1,101000
UR205,20220218,20220218,133105500,13:31:07,2529,45513,84129,2298406500,5,3,252500
UR205,20220218,20220218,133107500,13:31:08,2529,45513,84129,2298406500,0,0,0
UR205,20220218,20220218,133108500,13:31:09,2529,45513,84129,2298406500,0,0,0
UR205,20220218,20220218,133109000,13:31:09,2529,45514,84129,2298457000,1,0,50500
UR205,20220218,20220218,133109500,13:31:10,2529,45514,84129,2298457000,0,0,0
UR205,20220218,20220218,133110500,13:31:11,2529,45515,84129,2298507500,1,0,50500
UR205,20220218,20220218,133111000,13:31:11,2529,45515,84129,2298507500,0,0,0
UR205,20220218,20220218,133111500,13:31:12,2529,45515,84129,2298507500,0,0,0
UR205,20220218,20220218,133112000,13:31:13,2528,45535,84129,2299517500,20,0,1010000
UR205,20220218,20220218,133112500,13:31:13,2528,45559,84143,2300729500,24,14,1212000
UR205,20220218,20220218,133113000,13:31:14,2528,45559,84143,2300729500,0,0,0
UR205,20220218,20220218,133113500,13:31:14,2528,45560,84143,2300780000,1,0,50500
UR205,20220218,20220218,133115000,13:31:15,2528,45561,84143,2300830500,1,0,50500
UR205,20220218,20220218,133116500,13:31:17,2528,45561,84143,2300830500,0,0,0
UR205,20220218,20220218,133117000,13:31:18,2528,45562,84143,2300881000,1,0,50500
UR205,20220218,20220218,133118500,13:31:19,2528,45562,84143,2300881000,0,0,0
UR205,20220218,20220218,133119000,13:31:19,2528,45566,84144,2301083000,4,1,202000
UR205,20220218,20220218,133119500,13:31:20,2528,45570,84145,2301285000,4,1,202000
UR205,20220218,20220218,133120500,13:31:21,2528,45570,84145,2301285000,0,0,0
UR205,20220218,20220218,133121000,13:31:21,2528,45570,84145,2301285000,0,0,0
UR205,20220218,20220218,133121500,13:31:22,2528,45572,84143,2301386000,2,-2,101000
UR205,20220218,20220218,133122000,13:31:22,2528,45572,84143,2301386000,0,0,0
UR205,20220218,20220218,133122500,13:31:25,2528,45573,84144,2301436500,1,1,50500
UR205,20220218,20220218,133123000,13:31:25,2528,45577,84148,2301638500,4,4,202000
UR205,20220218,20220218,133123500,13:31:25,2528,45578,84148,2301689000,1,0,50500
UR205,20220218,20220218,133124000,13:31:25,2528,45578,84148,2301689000,0,0,0
UR205,20220218,20220218,133124500,13:31:25,2528,45579,84147,2301739500,1,-1,50500
UR205,20220218,20220218,133157500,13:31:57,2528,45582,84145,2301891000,3,-2,151500
UR205,20220218,20220218,133158500,13:31:58,2528,45587,84141,2302143500,5,-4,252500
UR205,20220218,20220218,133200000,13:32:01,2524,45858,84110,2315829000,271,-31,13685500
UR205,20220218,20220218,133200500,13:32:01,2524,45875,84112,2316687500,17,2,858500
UR205,20220218,20220218,133201000,13:32:01,2524,45875,84112,2316687500,0,0,0
UR205,20220218,20220218,133201500,13:32:01,2524,45880,84116,2316940000,5,4,252500
UR205,20220218,20220218,133202000,13:32:03,2523,45881,84115,2316990500,1,-1,50500
UR205,20220218,20220218,133202500,13:32:04,2524,45886,84116,2317243000,5,1,252500
UR205,20220218,20220218,133203000,13:32:05,2524,45887,84117,2317293500,1,1,50500
UR205,20220218,20220218,133203500,13:32:05,2524,45888,84118,2317344000,1,1,50500
UR205,20220218,20220218,133204000,13:32:05,2523,45889,84119,2317394500,1,1,50500
UR205,20220218,20220218,133205000,13:32:05,2523,45889,84119,2317394500,0,0,0
UR205,20220218,20220218,133206000,13:32:07,2523,45889,84119,2317394500,0,0,0
UR205,20220218,20220218,133206500,13:32:07,2523,45894,84121,2317647000,5,2,252500
UR205,20220218,20220218,133207000,13:32:07,2524,45895,84122,2317697500,1,1,50500
UR205,20220218,20220218,133207500,13:32:07,2524,45898,84125,2317849000,3,3,151500
UR205,20220218,20220218,133208000,13:32:09,2524,45899,84126,2317899500,1,1,50500
UR205,20220218,20220218,133208500,13:32:10,2523,45901,84127,2318000500,2,1,101000
UR205,20220218,20220218,133209000,13:32:10,2523,45902,84128,2318051000,1,1,50500
UR205,20220218,20220218,133209500,13:32:10,2523,45902,84128,2318051000,0,0,0
UR205,20220218,20220218,133210000,13:32:11,2523,45909,84126,2318404500,7,-2,353500
UR205,20220218,20220218,133210500,13:32:14,2522,45947,84112,2320323500,38,-14,1919000
UR205,20220218,20220218,133211000,13:32:14,2522,45947,84112,2320323500,0,0,0
UR205,20220218,20220218,133213000,13:32:15,2521,45981,84092,2322040500,34,-20,1717000
UR205,20220218,20220218,133214000,13:32:15,2520,46004,84096,2323202000,23,4,1161500
UR205,20220218,20220218,133214500,13:32:16,2520,46008,84096,2323404000,4,0,202000
UR205,20220218,20220218,133215000,13:32:16,2522,46042,84124,2325121000,34,28,1717000
UR205,20220218,20220218,133215500,13:32:16,2522,46059,84141,2325979500,17,17,858500
UR205,20220218,20220218,133216000,13:32:17,2522,46059,84141,2325979500,0,0,0
UR205,20220218,20220218,133217000,13:32:17,2522,46059,84141,2325979500,0,0,0
UR205,20220218,20220218,133217500,13:32:18,2522,46059,84141,2325979500,0,0,0
UR205,20220218,20220218,133218500,13:32:19,2521,46062,84140,2326131000,3,-1,151500
UR205,20220218,20220218,133219000,13:32:20,2521,46062,84140,2326131000,0,0,0
UR205,20220218,20220218,133219500,13:32:20,2521,46063,84139,2326181500,1,-1,50500
UR205,20220218,20220218,133220000,13:32:20,2520,46066,84141,2326333000,3,2,151500
UR205,20220218,20220218,133221000,13:32:21,2520,46066,84141,2326333000,0,0,0
UR205,20220218,20220218,133222000,13:32:22,2521,46081,84151,2327090500,15,10,757500
UR205,20220218,20220218,133222500,13:32:23,2521,46083,84152,2327191500,2,1,101000
UR205,20220218,20220218,133223500,13:32:24,2521,46083,84152,2327191500,0,0,0
UR205,20220218,20220218,133224500,13:32:25,2521,46083,84152,2327191500,0,0,0
UR205,20220218,20220218,133225000,13:32:25,2521,46083,84152,2327191500,0,0,0
UR205,20220218,20220218,133225500,13:32:26,2522,46099,84141,2327999500,16,-11,808000
UR205,20220218,20220218,133226000,13:32:27,2521,46101,84140,2328100500,2,-1,101000
UR205,20220218,20220218,133226500,13:32:27,2521,46101,84140,2328100500,0,0,0
UR205,20220218,20220218,133227000,13:32:27,2522,46105,84140,2328302500,4,0,202000
UR205,20220218,20220218,133227500,13:32:28,2522,46105,84140,2328302500,0,0,0
UR205,20220218,20220218,133228000,13:32:32,2522,46109,84138,2328504500,4,-2,202000
UR205,20220218,20220218,133228500,13:32:32,2522,46109,84138,2328504500,0,0,0
UR205,20220218,20220218,133232000,13:32:34,2522,46109,84138,2328504500,0,0,0
UR205,20220218,20220218,133234000,13:32:35,2522,46109,84138,2328504500,0,0,0
UR205,20220218,20220218,133236000,13:32:37,2522,46128,84147,2329464000,19,9,959500
UR205,20220218,20220218,133237000,13:32:37,2523,46129,84147,2329514500,1,0,50500
UR205,20220218,20220218,133237500,13:32:37,2523,46130,84147,2329565000,1,0,50500
UR205,20220218,20220218,133238000,13:32:38,2523,46130,84147,2329565000,0,0,0
UR205,20220218,20220218,133238500,13:32:39,2523,46130,84147,2329565000,0,0,0
UR205,20220218,20220218,133239000,13:32:39,2522,46131,84147,2329615500,1,0,50500
UR205,20220218,20220218,133239500,13:32:40,2522,46140,84155,2330070000,9,8,454500
UR205,20220218,20220218,133240000,13:32:40,2522,46140,84155,2330070000,0,0,0
UR205,20220218,20220218,133240500,13:32:40,2522,46140,84155,2330070000,0,0,0
UR205,20220218,20220218,133242000,13:32:42,2521,46141,84156,2330120500,1,1,50500
UR205,20220218,20220218,133242500,13:32:42,2521,46141,84156,2330120500,0,0,0
UR205,20220218,20220218,133243000,13:32:43,2522,46145,84156,2330322500,4,0,202000
UR205,20220218,20220218,133244500,13:32:45,2522,46146,84156,2330373000,1,0,50500
UR205,20220218,20220218,133245000,13:32:45,2521,46186,84193,2332393000,40,37,2020000
UR205,20220218,20220218,133245500,13:32:45,2521,46193,84192,2332746500,7,-1,353500
UR205,20220218,20220218,133246000,13:32:47,2521,46194,84193,2332797000,1,1,50500
UR205,20220218,20220218,133247000,13:32:47,2520,46243,84219,2335271500,49,26,2474500
UR205,20220218,20220218,133247500,13:32:48,2519,46276,84228,2336938000,33,9,1666500
UR205,20220218,20220218,133248000,13:32:48,2519,46279,84227,2337089500,3,-1,151500
UR205,20220218,20220218,133249000,13:32:49,2519,46280,84227,2337140000,1,0,50500
UR205,20220218,20220218,133249500,13:32:50,2520,46282,84227,2337241000,2,0,101000
UR205,20220218,20220218,133250000,13:32:52,2520,46303,84244,2338301500,21,17,1060500
UR205,20220218,20220218,133250500,13:32:52,2520,46303,84244,2338301500,0,0,0
UR205,20220218,20220218,133251000,13:32:52,2520,46305,84244,2338402500,2,0,101000
UR205,20220218,20220218,133251500,13:32:53,2520,46306,84244,2338453000,1,0,50500
UR205,20220218,20220218,133252500,13:32:53,2520,46308,84245,2338554000,2,1,101000
UR205,20220218,20220218,133253000,13:32:53,2520,46309,84246,2338604500,1,1,50500
UR205,20220218,20220218,133253500,13:32:54,2520,46310,84247,2338655000,1,1,50500
UR205,20220218,20220218,133254000,13:32:54,2520,46314,84251,2338857000,4,4,202000
UR205,20220218,20220218,133254500,13:32:55,2520,46316,84253,2338958000,2,2,101000
UR205,20220218,20220218,133255000,13:32:55,2520,46317,84254,2339008500,1,1,50500
UR205,20220218,20220218,133255500,13:32:55,2521,46319,84254,2339109500,2,0,101000
UR205,20220218,20220218,133256000,13:32:56,2520,46321,84256,2339210500,2,2,101000
UR205,20220218,20220218,133256500,13:32:58,2520,46325,84256,2339412500,4,0,202000
UR205,20220218,20220218,133258000,13:33:00,2520,46325,84256,2339412500,0,0,0
UR205,20220218,20220218,133259500,13:33:01,2520,46325,84256,2339412500,0,0,0
UR205,20220218,20220218,133300500,13:33:01,2520,46325,84256,2339412500,0,0,0
UR205,20220218,20220218,133301000,13:33:02,2520,46327,84257,2339513500,2,1,101000
UR205,20220218,20220218,133301500,13:33:02,2521,46347,84254,2340523500,20,-3,1010000
UR205,20220218,20220218,133302000,13:33:03,2521,46348,84254,2340574000,1,0,50500
UR205,20220218,20220218,133302500,13:33:03,2521,46349,84253,2340624500,1,-1,50500
UR205,20220218,20220218,133303500,13:33:04,2521,46349,84253,2340624500,0,0,0
UR205,20220218,20220218,133304500,13:33:05,2522,46350,84252,2340675000,1,-1,50500
UR205,20220218,20220218,133306000,13:33:06,2522,46350,84252,2340675000,0,0,0
UR205,20220218,20220218,133308000,13:33:08,2522,46350,84252,2340675000,0,0,0
UR205,20220218,20220218,133308500,13:33:09,2522,46350,84252,2340675000,0,0,0
UR205,20220218,20220218,133309500,13:33:11,2522,46366,84248,2341483000,16,-4,808000
UR205,20220218,20220218,133310000,13:33:11,2523,46371,84246,2341735500,5,-2,252500
UR205,20220218,20220218,133313500,13:33:14,2523,46371,84246,2341735500,0,0,0
UR205,20220218,20220218,133314500,13:33:17,2523,46372,84247,2341786000,1,1,50500
UR205,20220218,20220218,133315500,13:33:18,2522,46373,84246,2341836500,1,-1,50500
UR205,20220218,20220218,133316500,13:33:18,2522,46373,84246,2341836500,0,0,0
UR205,20220218,20220218,133318000,13:33:19,2522,46373,84246,2341836500,0,0,0
UR205,20220218,20220218,133318500,13:33:19,2523,46376,84246,2341988000,3,0,151500
UR205,20220218,20220218,133319500,13:33:20,2522,46377,84245,2342038500,1,-1,50500
UR205,20220218,20220218,133320000,13:33:21,2522,46377,84245,2342038500,0,0,0
UR205,20220218,20220218,133320500,13:33:21,2522,46377,84245,2342038500,0,0,0
UR205,20220218,20220218,133321000,13:33:22,2522,46377,84245,2342038500,0,0,0
UR205,20220218,20220218,133321500,13:33:22,2522,46382,84244,2342291000,5,-1,252500
UR205,20220218,20220218,133322000,13:33:22,2522,46386,84244,2342493000,4,0,202000
UR205,20220218,20220218,133323000,13:33:23,2522,46400,84245,2343200000,14,1,707000
UR205,20220218,20220218,133323500,13:33:24,2522,46400,84245,2343200000,0,0,0
UR205,20220218,20220218,133324000,13:33:24,2522,46409,84254,2343654500,9,9,454500
UR205,20220218,20220218,133324500,13:33:25,2521,46411,84252,2343755500,2,-2,101000
UR205,20220218,20220218,133326000,13:33:28,2521,46411,84252,2343755500,0,0,0
UR205,20220218,20220218,133326500,13:33:29,2521,46411,84252,2343755500,0,0,0
UR205,20220218,20220218,133327000,13:33:29,2521,46411,84252,2343755500,0,0,0
UR205,20220218,20220218,133328500,13:33:30,2521,46411,84252,2343755500,0,0,0
UR205,20220218,20220218,133332000,13:33:32,2522,46412,84252,2343806000,1,0,50500
UR205,20220218,20220218,133334000,13:33:34,2522,46412,84252,2343806000,0,0,0
UR205,20220218,20220218,133334500,13:33:35,2522,46412,84252,2343806000,0,0,0
UR205,20220218,20220218,133338500,13:33:39,2522,46412,84252,2343806000,0,0,0
UR205,20220218,20220218,133339000,13:33:39,2522,46412,84252,2343806000,0,0,0
UR205,20220218,20220218,133340500,13:33:41,2522,46412,84252,2343806000,0,0,0
UR205,20220218,20220218,133341000,13:33:41,2522,46412,84252,2343806000,0,0,0
UR205,20220218,20220218,133342000,13:33:42,2521,46413,84252,2343856500,1,0,50500
UR205,20220218,20220218,133342500,13:33:42,2522,46418,84254,2344109000,5,2,252500
UR205,20220218,20220218,133343000,13:33:43,2522,46422,84258,2344311000,4,4,202000
UR205,20220218,20220218,133343500,13:33:44,2522,46424,84260,2344412000,2,2,101000
UR205,20220218,20220218,133344000,13:33:45,2522,46425,84260,2344462500,1,0,50500
UR205,20220218,20220218,133347000,13:33:48,2522,46425,84260,2344462500,0,0,0
UR205,20220218,20220218,133347500,13:33:49,2522,46425,84260,2344462500,0,0,0
UR205,20220218,20220218,133348000,13:33:49,2522,46425,84260,2344462500,0,0,0
UR205,20220218,20220218,133352000,13:33:52,2522,46425,84260,2344462500,0,0,0
UR205,20220218,20220218,133352500,13:33:52,2522,46427,84260,2344563500,2,0,101000
UR205,20220218,20220218,133353000,13:33:53,2522,46428,84260,2344614000,1,0,50500
UR205,20220218,20220218,133354000,13:33:54,2523,46429,84260,2344664500,1,0,50500
UR205,20220218,20220218,133355500,13:33:56,2523,46429,84260,2344664500,0,0,0
UR205,20220218,20220218,133356000,13:33:56,2523,46429,84260,2344664500,0,0,0
UR205,20220218,20220218,133357000,13:33:58,2523,46429,84260,2344664500,0,0,0
UR205,20220218,20220218,133357500,13:33:58,2523,46429,84260,2344664500,0,0,0
UR205,20220218,20220218,133358000,13:33:58,2522,46434,84259,2344917000,5,-1,252500
UR205,20220218,20220218,133358500,13:33:59,2522,46434,84259,2344917000,0,0,0
UR205,20220218,20220218,133359000,13:33:59,2522,46436,84259,2345018000,2,0,101000
UR205,20220218,20220218,133359500,13:34:00,2522,46436,84259,2345018000,0,0,0
UR205,20220218,20220218,133400000,13:34:00,2522,46436,84259,2345018000,0,0,0
UR205,20220218,20220218,133400500,13:34:01,2522,46436,84259,2345018000,0,0,0
UR205,20220218,20220218,133401000,13:34:01,2522,46448,84255,2345624000,12,-4,606000
UR205,20220218,20220218,133401500,13:34:02,2522,46448,84255,2345624000,0,0,0
UR205,20220218,20220218,133402000,13:34:10,2521,46457,84248,2346078500,9,-7,454500
UR205,20220218,20220218,133402500,13:34:10,2521,46461,84249,2346280500,4,1,202000
UR205,20220218,20220218,133403000,13:34:10,2521,46461,84249,2346280500,0,0,0
UR205,20220218,20220218,133410000,13:34:11,2522,46483,84253,2347391500,22,4,1111000
UR205,20220218,20220218,133412000,13:34:12,2522,46483,84253,2347391500,0,0,0
UR205,20220218,20220218,133412500,13:34:13,2522,46484,84254,2347442000,1,1,50500
UR205,20220218,20220218,133415000,13:34:15,2522,46485,84255,2347492500,1,1,50500
UR205,20220218,20220218,133415500,13:34:16,2522,46486,84256,2347543000,1,1,50500
UR205,20220218,20220218,133416500,13:34:16,2521,46496,84266,2348048000,10,10,505000
UR205,20220218,20220218,133417500,13:34:17,2521,46496,84266,2348048000,0,0,0
UR205,20220218,20220218,133419000,13:34:19,2522,46497,84266,2348098500,1,0,50500
UR205,20220218,20220218,133420000,13:34:20,2522,46519,84276,2349209500,22,10,1111000
UR205,20220218,20220218,133420500,13:34:21,2522,46548,84293,2350674000,29,17,1464500
UR205,20220218,20220218,133421500,13:34:23,2522,46548,84293,2350674000,0,0,0
UR205,20220218,20220218,133423000,13:34:24,2522,46548,84293,2350674000,0,0,0
UR205,20220218,20220218,133424000,13:34:24,2522,46548,84293,2350674000,0,0,0
UR205,20220218,20220218,133429000,13:34:29,2523,46561,84298,2351330500,13,5,656500
UR205,20220218,20220218,133430000,13:34:30,2523,46564,84296,2351482000,3,-2,151500
UR205,20220218,20220218,133433500,13:34:34,2523,46564,84296,2351482000,0,0,0
UR205,20220218,20220218,133434000,13:34:34,2523,46565,84296,2351532500,1,0,50500
UR205,20220218,20220218,133434500,13:34:35,2522,46567,84296,2351633500,2,0,101000
UR205,20220218,20220218,133437000,13:34:37,2522,46567,84296,2351633500,0,0,0
UR205,20220218,20220218,133437500,13:34:38,2522,46569,84296,2351734500,2,0,101000
UR205,20220218,20220218,133438000,13:34:38,2523,46572,84299,2351886000,3,3,151500
UR205,20220218,20220218,133438500,13:34:38,2523,46573,84300,2351936500,1,1,50500
UR205,20220218,20220218,133439000,13:34:39,2523,46573,84300,2351936500,0,0,0
UR205,20220218,20220218,133439500,13:34:39,2523,46573,84300,2351936500,0,0,0
UR205,20220218,20220218,133441000,13:34:41,2522,46575,84299,2352037500,2,-1,101000
UR205,20220218,20220218,133441500,13:34:42,2522,46577,84299,2352138500,2,0,101000
UR205,20220218,20220218,133442500,13:34:44,2522,46578,84300,2352189000,1,1,50500
UR205,20220218,20220218,133445000,13:34:46,2522,46578,84300,2352189000,0,0,0
UR205,20220218,20220218,133445500,13:34:46,2522,46584,84306,2352492000,6,6,303000
UR205,20220218,20220218,133446000,13:34:46,2522,46584,84306,2352492000,0,0,0
UR205,20220218,20220218,133446500,13:34:47,2522,46584,84306,2352492000,0,0,0
UR205,20220218,20220218,133447500,13:34:47,2521,46585,84306,2352542500,1,0,50500
UR205,20220218,20220218,133448000,13:34:48,2521,46585,84306,2352542500,0,0,0
UR205,20220218,20220218,133449000,13:34:49,2521,46585,84306,2352542500,0,0,0
UR205,20220218,20220218,133449500,13:34:49,2521,46585,84306,2352542500,0,0,0
UR205,20220218,20220218,133450000,13:34:51,2521,46585,84306,2352542500,0,0,0
UR205,20220218,20220218,133450500,13:34:51,2522,46586,84307,2352593000,1,1,50500
UR205,20220218,20220218,133451000,13:34:51,2522,46588,84308,2352694000,2,1,101000
UR205,20220218,20220218,133451500,13:34:52,2522,46591,84308,2352845500,3,0,151500
UR205,20220218,20220218,133452000,13:34:52,2522,46598,84315,2353199000,7,7,353500
UR205,20220218,20220218,133452500,13:34:53,2522,46598,84315,2353199000,0,0,0
UR205,20220218,20220218,133453500,13:34:55,2522,46598,84315,2353199000,0,0,0
UR205,20220218,20220218,133454000,13:34:56,2522,46598,84315,2353199000,0,0,0
UR205,20220218,20220218,133454500,13:34:56,2522,46599,84315,2353249500,1,0,50500
UR205,20220218,20220218,133455500,13:34:56,2522,46602,84317,2353401000,3,2,151500
UR205,20220218,20220218,133456000,13:34:56,2522,46603,84317,2353451500,1,0,50500
UR205,20220218,20220218,133456500,13:34:57,2522,46603,84317,2353451500,0,0,0
UR205,20220218,20220218,133458000,13:34:58,2522,46605,84316,2353552500,2,-1,101000
UR205,20220218,20220218,133459500,13:35:00,2522,46605,84316,2353552500,0,0,0
UR205,20220218,20220218,133500000,13:35:00,2521,46606,84316,2353603000,1,0,50500
UR205,20220218,20220218,133500500,13:35:02,2521,46606,84316,2353603000,0,0,0
UR205,20220218,20220218,133504000,13:35:10,2521,46606,84316,2353603000,0,0,0
UR205,20220218,20220218,133510000,13:35:10,2522,46619,84320,2354259500,13,4,656500
UR205,20220218,20220218,133510500,13:35:11,2522,46619,84320,2354259500,0,0,0
UR205,20220218,20220218,133511000,13:35:11,2522,46619,84320,2354259500,0,0,0
UR205,20220218,20220218,133513000,13:35:13,2522,46619,84320,2354259500,0,0,0
UR205,20220218,20220218,133513500,13:35:14,2523,46620,84320,2354310000,1,0,50500
UR205,20220218,20220218,133514000,13:35:14,2523,46620,84320,2354310000,0,0,0
UR205,20220218,20220218,133515000,13:35:15,2522,46621,84319,2354360500,1,-1,50500
UR205,20220218,20220218,133515500,13:35:16,2522,46621,84319,2354360500,0,0,0
UR205,20220218,20220218,133516000,13:35:16,2523,46624,84318,2354512000,3,-1,151500
UR205,20220218,20220218,133516500,13:35:17,2523,46631,84324,2354865500,7,6,353500
UR205,20220218,20220218,133517000,13:35:17,2523,46634,84327,2355017000,3,3,151500
UR205,20220218,20220218,133517500,13:35:18,2523,46634,84327,2355017000,0,0,0
UR205,20220218,20220218,133518000,13:35:19,2523,46634,84327,2355017000,0,0,0
UR205,20220218,20220218,133519000,13:35:19,2522,46636,84329,2355118000,2,2,101000
UR205,20220218,20220218,133519500,13:35:20,2522,46637,84329,2355168500,1,0,50500
UR205,20220218,20220218,133520000,13:35:20,2522,46637,84329,2355168500,0,0,0
UR205,20220218,20220218,133520500,13:35:21,2522,46638,84330,2355219000,1,1,50500
UR205,20220218,20220218,133522000,13:35:22,2522,46638,84330,2355219000,0,0,0
UR205,20220218,20220218,133522500,13:35:23,2522,46638,84330,2355219000,0,0,0
UR205,20220218,20220218,133524500,13:35:25,2522,46638,84330,2355219000,0,0,0
UR205,20220218,20220218,133525500,13:35:26,2521,46640,84330,2355320000,2,0,101000
UR205,20220218,20220218,133526000,13:35:26,2521,46640,84330,2355320000,0,0,0
UR205,20220218,20220218,133527000,13:35:27,2521,46640,84330,2355320000,0,0,0
UR205,20220218,20220218,133528000,13:35:32,2521,46641,84331,2355370500,1,1,50500
UR205,20220218,20220218,133531000,13:35:32,2521,46643,84332,2355471500,2,1,101000
UR205,20220218,20220218,133532000,13:35:42,2522,46644,84332,2355522000,1,0,50500
UR205,20220218,20220218,133532500,13:35:42,2522,46644,84332,2355522000,0,0,0
UR205,20220218,20220218,133540000,13:35:43,2522,46644,84332,2355522000,0,0,0
UR205,20220218,20220218,133541500,13:35:43,2523,46660,84338,2356330000,16,6,808000
UR205,20220218,20220218,133545500,13:35:46,2523,46660,84338,2356330000,0,0,0
UR205,20220218,20220218,133546000,13:35:46,2522,46666,84334,2356633000,6,-4,303000
UR205,20220218,20220218,133547000,13:35:47,2522,46666,84334,2356633000,0,0,0
UR205,20220218,20220218,133547500,13:35:48,2522,46666,84334,2356633000,0,0,0
UR205,20220218,20220218,133549000,13:35:49,2521,46667,84334,2356683500,1,0,50500
UR205,20220218,20220218,133550000,13:35:50,2522,46668,84333,2356734000,1,-1,50500
UR205,20220218,20220218,133550500,13:35:51,2521,46669,84333,2356784500,1,0,50500
UR205,20220218,20220218,133551500,13:35:52,2522,46670,84333,2356835000,1,0,50500
UR205,20220218,20220218,133552500,13:35:52,2522,46670,84333,2356835000,0,0,0
UR205,20220218,20220218,133553000,13:35:53,2523,46674,84333,2357037000,4,0,202000
UR205,20220218,20220218,133553500,13:35:55,2523,46674,84333,2357037000,0,0,0
UR205,20220218,20220218,133555500,13:35:56,2523,46675,84333,2357087500,1,0,50500
UR205,20220218,20220218,133557000,13:35:59,2522,46676,84332,2357138000,1,-1,50500
UR205,20220218,20220218,133557500,13:36:01,2522,46677,84333,2357188500,1,1,50500
UR205,20220218,20220218,133559000,13:36:03,2522,46683,84337,2357491500,6,4,303000
UR205,20220218,20220218,133601500,13:36:03,2522,46683,84337,2357491500,0,0,0
UR205,20220218,20220218,133603000,13:36:05,2522,46683,84337,2357491500,0,0,0
UR205,20220218,20220218,133605500,13:36:07,2523,46684,84338,2357542000,1,1,50500
UR205,20220218,20220218,133606000,13:36:07,2522,46685,84338,2357592500,1,0,50500
UR205,20220218,20220218,133607500,13:36:08,2522,46685,84338,2357592500,0,0,0
UR205,20220218,20220218,133608500,13:36:08,2522,46693,84346,2357996500,8,8,404000
UR205,20220218,20220218,133609500,13:36:10,2522,46693,84346,2357996500,0,0,0
UR205,20220218,20220218,133612500,13:36:12,2523,46694,84347,2358047000,1,1,50500
UR205,20220218,20220218,133614500,13:36:14,2523,46696,84347,2358148000,2,0,101000
UR205,20220218,20220218,133615500,13:36:15,2523,46696,84347,2358148000,0,0,0
UR205,20220218,20220218,133616000,13:36:16,2523,46696,84347,2358148000,0,0,0
UR205,20220218,20220218,133616500,13:36:17,2523,46706,84347,2358653000,10,0,505000
UR205,20220218,20220218,133617500,13:36:19,2523,46706,84347,2358653000,0,0,0
UR205,20220218,20220218,133618500,13:36:19,2523,46706,84347,2358653000,0,0,0
UR205,20220218,20220218,133619000,13:36:19,2523,46722,84347,2359461000,16,0,808000
UR205,20220218,20220218,133619500,13:36:20,2523,46726,84351,2359663000,4,4,202000
UR205,20220218,20220218,133622000,13:36:22,2523,46727,84352,2359713500,1,1,50500
UR205,20220218,20220218,133622500,13:36:22,2523,46736,84352,2360168000,9,0,454500
UR205,20220218,20220218,133623000,13:36:23,2523,46736,84352,2360168000,0,0,0
UR205,20220218,20220218,133624500,13:36:24,2523,46737,84353,2360218500,1,1,50500
UR205,20220218,20220218,133625000,13:36:25,2522,46738,84353,2360269000,1,0,50500
UR205,20220218,20220218,133626000,13:36:26,2522,46739,84354,2360319500,1,1,50500
UR205,20220218,20220218,133627500,13:36:28,2522,46739,84354,2360319500,0,0,0
UR205,20220218,20220218,133628500,13:36:29,2523,46740,84354,2360370000,1,0,50500
UR205,20220218,20220218,133630000,13:36:30,2523,46770,84378,2361885000,30,24,1515000
UR205,20220218,20220218,133631000,13:36:31,2523,46770,84378,2361885000,0,0,0
UR205,20220218,20220218,133631500,13:36:31,2523,46771,84378,2361935500,1,0,50500
UR205,20220218,20220218,133632500,13:36:32,2524,46774,84377,2362087000,3,-1,151500
UR205,20220218,20220218,133633500,13:36:33,2523,46775,84376,2362137500,1,-1,50500
UR205,20220218,20220218,133634000,13:36:34,2524,46776,84376,2362188000,1,0,50500
UR205,20220218,20220218,133634500,13:36:35,2524,46781,84376,2362440500,5,0,252500
UR205,20220218,20220218,133635000,13:36:35,2524,46781,84376,2362440500,0,0,0
UR205,20220218,20220218,133635500,13:36:36,2524,46781,84376,2362440500,0,0,0
UR205,20220218,20220218,133637000,13:36:38,2524,46781,84376,2362440500,0,0,0
UR205,20220218,20220218,133637500,13:36:38,2524,46784,84375,2362592000,3,-1,151500
UR205,20220218,20220218,133638500,13:36:39,2524,46785,84376,2362642500,1,1,50500
UR205,20220218,20220218,133640000,13:36:40,2524,46785,84376,2362642500,0,0,0
UR205,20220218,20220218,133640500,13:36:40,2525,46786,84375,2362693000,1,-1,50500
UR205,20220218,20220218,133641000,13:36:41,2525,46807,84391,2363753500,21,16,1060500
UR205,20220218,20220218,133641500,13:36:41,2526,46837,84403,2365268500,30,12,1515000
UR205,20220218,20220218,133642000,13:36:42,2526,46838,84402,2365319000,1,-1,50500
UR205,20220218,20220218,133642500,13:36:43,2526,46838,84402,2365319000,0,0,0
UR205,20220218,20220218,133643000,13:36:43,2526,46839,84402,2365369500,1,0,50500
UR205,20220218,20220218,133643500,13:36:44,2525,46840,84402,2365420000,1,0,50500
UR205,20220218,20220218,133644000,13:36:44,2525,46840,84402,2365420000,0,0,0
UR205,20220218,20220218,133644500,13:36:44,2525,46840,84402,2365420000,0,0,0
UR205,20220218,20220218,133646500,13:36:46,2525,46840,84402,2365420000,0,0,0
UR205,20220218,20220218,133647000,13:36:47,2525,46840,84402,2365420000,0,0,0
UR205,20220218,20220218,133648500,13:36:49,2525,46840,84402,2365420000,0,0,0
UR205,20220218,20220218,133651000,13:36:51,2525,46840,84402,2365420000,0,0,0
UR205,20220218,20220218,133651500,13:36:51,2525,46842,84402,2365521000,2,0,101000
UR205,20220218,20220218,133653500,13:36:54,2525,46842,84402,2365521000,0,0,0
UR205,20220218,20220218,133654000,13:36:54,2525,46843,84402,2365571500,1,0,50500
UR205,20220218,20220218,133655500,13:36:56,2525,46843,84402,2365571500,0,0,0
UR205,20220218,20220218,133656000,13:36:56,2525,46843,84402,2365571500,0,0,0
UR205,20220218,20220218,133657500,13:36:58,2525,46843,84402,2365571500,0,0,0
UR205,20220218,20220218,133658000,13:36:58,2525,46843,84402,2365571500,0,0,0
UR205,20220218,20220218,133658500,13:36:59,2525,46844,84402,2365622000,1,0,50500
UR205,20220218,20220218,133659500,13:36:59,2525,46844,84402,2365622000,0,0,0
UR205,20220218,20220218,133701000,13:37:01,2526,46852,84394,2366026000,8,-8,404000
UR205,20220218,20220218,133701500,13:37:02,2526,46853,84394,2366076500,1,0,50500
UR205,20220218,20220218,133702000,13:37:02,2526,46853,84394,2366076500,0,0,0
UR205,20220218,20220218,133703500,13:37:03,2526,46855,84394,2366177500,2,0,101000
UR205,20220218,20220218,133704000,13:37:04,2526,46856,84393,2366228000,1,-1,50500
UR205,20220218,20220218,133705000,13:37:05,2526,46863,84387,2366581500,7,-6,353500
UR205,20220218,20220218,133706500,13:37:08,2526,46864,84387,2366632000,1,0,50500
UR205,20220218,20220218,133707500,13:37:08,2526,46864,84387,2366632000,0,0,0
UR205,20220218,20220218,133708000,13:37:08,2526,46864,84387,2366632000,0,0,0
UR205,20220218,20220218,133709000,13:37:10,2526,46864,84387,2366632000,0,0,0
UR205,20220218,20220218,133709500,13:37:10,2525,46865,84388,2366682500,1,1,50500
UR205,20220218,20220218,133710000,13:37:11,2525,46866,84388,2366733000,1,0,50500
UR205,20220218,20220218,133711000,13:37:11,2525,46867,84388,2366783500,1,0,50500
UR205,20220218,20220218,133712500,13:37:13,2525,46868,84387,2366834000,1,-1,50500
UR205,20220218,20220218,133713500,13:37:14,2525,46868,84387,2366834000,0,0,0
UR205,20220218,20220218,133715000,13:37:15,2525,46868,84387,2366834000,0,0,0
UR205,20220218,20220218,133717500,13:37:18,2525,46869,84387,2366884500,1,0,50500
UR205,20220218,20220218,133718000,13:37:18,2525,46869,84387,2366884500,0,0,0
UR205,20220218,20220218,133718500,13:37:19,2525,46869,84387,2366884500,0,0,0
UR205,20220218,20220218,133720500,13:37:21,2525,46869,84387,2366884500,0,0,0
UR205,20220218,20220218,133721500,13:37:21,2525,46869,84387,2366884500,0,0,0
UR205,20220218,20220218,133722500,13:37:23,2525,46870,84388,2366935000,1,1,50500
UR205,20220218,20220218,133725000,13:37:25,2526,46872,84387,2367036000,2,-1,101000
UR205,20220218,20220218,133725500,13:37:26,2525,46873,84387,2367086500,1,0,50500
UR205,20220218,20220218,133726000,13:37:26,2525,46874,84388,2367137000,1,1,50500
UR205,20220218,20220218,133727000,13:37:27,2525,46874,84388,2367137000,0,0,0
UR205,20220218,20220218,133729000,13:37:29,2526,46877,84388,2367288500,3,0,151500
UR205,20220218,20220218,133731000,13:37:31,2526,46877,84388,2367288500,0,0,0
UR205,20220218,20220218,133731500,13:37:31,2526,46877,84388,2367288500,0,0,0
UR205,20220218,20220218,133733000,13:37:33,2526,46877,84388,2367288500,0,0,0
UR205,20220218,20220218,133733500,13:37:33,2526,46877,84388,2367288500,0,0,0
UR205,20220218,20220218,133734000,13:37:34,2525,46880,84388,2367440000,3,0,151500
UR205,20220218,20220218,133735500,13:37:36,2525,46880,84388,2367440000,0,0,0
UR205,20220218,20220218,133736500,13:37:37,2525,46880,84388,2367440000,0,0,0
UR205,20220218,20220218,133737000,13:37:37,2525,46880,84388,2367440000,0,0,0
UR205,20220218,20220218,133738000,13:37:38,2526,46884,84384,2367642000,4,-4,202000
UR205,20220218,20220218,133739000,13:37:39,2526,46888,84384,2367844000,4,0,202000
UR205,20220218,20220218,133740000,13:37:40,2526,46888,84384,2367844000,0,0,0
UR205,20220218,20220218,133741500,13:37:41,2526,46892,84385,2368046000,4,1,202000
UR205,20220218,20220218,133742500,13:37:43,2526,46892,84385,2368046000,0,0,0
UR205,20220218,20220218,133745000,13:37:45,2526,46893,84386,2368096500,1,1,50500
UR205,20220218,20220218,133745500,13:37:45,2526,46893,84386,2368096500,0,0,0
UR205,20220218,20220218,133746000,13:37:46,2526,46894,84387,2368147000,1,1,50500
UR205,20220218,20220218,133747000,13:37:47,2526,46895,84388,2368197500,1,1,50500
UR205,20220218,20220218,133748500,13:37:48,2525,46896,84388,2368248000,1,0,50500
UR205,20220218,20220218,133749000,13:37:49,2526,46898,84390,2368349000,2,2,101000
UR205,20220218,20220218,133750000,13:37:50,2526,46903,84394,2368601500,5,4,252500
UR205,20220218,20220218,133750500,13:37:51,2526,46904,84394,2368652000,1,0,50500
UR205,20220218,20220218,133751000,13:37:51,2526,46904,84394,2368652000,0,0,0
UR205,20220218,20220218,133752000,13:37:53,2526,46906,84394,2368753000,2,0,101000
UR205,20220218,20220218,133752500,13:37:54,2526,46907,84394,2368803500,1,0,50500
UR205,20220218,20220218,133754000,13:37:55,2526,46910,84391,2368955000,3,-3,151500
UR205,20220218,20220218,133755500,13:37:55,2526,46910,84391,2368955000,0,0,0
UR205,20220218,20220218,133757000,13:37:57,2526,46910,84391,2368955000,0,0,0
UR205,20220218,20220218,133757500,13:37:58,2526,46910,84391,2368955000,0,0,0
UR205,20220218,20220218,133758500,13:37:59,2526,46915,84393,2369207500,5,2,252500
UR205,20220218,20220218,133759000,13:38:00,2526,46917,84393,2369308500,2,0,101000
UR205,20220218,20220218,133800000,13:38:02,2526,46917,84393,2369308500,0,0,0
UR205,20220218,20220218,133803500,13:38:06,2526,46918,84393,2369359000,1,0,50500
UR205,20220218,20220218,133805000,13:38:06,2526,46918,84393,2369359000,0,0,0
UR205,20220218,20220218,133806000,13:38:07,2526,46919,84393,2369409500,1,0,50500
UR205,20220218,20220218,133809000,13:38:09,2526,46929,84397,2369914500,10,4,505000
UR205,20220218,20220218,133809500,13:38:10,2526,46929,84397,2369914500,0,0,0
UR205,20220218,20220218,133810000,13:38:10,2526,46929,84397,2369914500,0,0,0
UR205,20220218,20220218,133810500,13:38:10,2526,46929,84397,2369914500,0,0,0
UR205,20220218,20220218,133811000,13:38:14,2526,46929,84397,2369914500,0,0,0
UR205,20220218,20220218,133815000,13:38:17,2526,46930,84398,2369965000,1,1,50500
UR205,20220218,20220218,133816500,13:38:18,2526,46930,84398,2369965000,0,0,0
UR205,20220218,20220218,133817500,13:38:18,2526,46934,84401,2370167000,4,3,202000
UR205,20220218,20220218,133819000,13:38:19,2526,46934,84401,2370167000,0,0,0
UR205,20220218,20220218,133820000,13:38:22,2526,46934,84401,2370167000,0,0,0
UR205,20220218,20220218,133823500,13:38:24,2526,46937,84398,2370318500,3,-3,151500
UR205,20220218,20220218,133824000,13:38:24,2526,46937,84398,2370318500,0,0,0
UR205,20220218,20220218,133840000,13:38:42,2528,47021,84361,2374560500,84,-37,4242000
UR205,20220218,20220218,133842000,13:38:43,2528,47021,84361,2374560500,0,0,0
UR205,20220218,20220218,133842500,13:38:43,2529,47046,84351,2375823000,25,-10,1262500
UR205,20220218,20220218,133843500,13:38:44,2529,47053,84344,2376176500,7,-7,353500
UR205,20220218,20220218,133844000,13:38:44,2529,47053,84344,2376176500,0,0,0
UR205,20220218,20220218,133845000,13:38:45,2529,47054,84344,2376227000,1,0,50500
UR205,20220218,20220218,133846000,13:38:46,2529,47059,84344,2376479500,5,0,252500
UR205,20220218,20220218,133847000,13:38:47,2529,47071,84344,2377085500,12,0,606000
UR205,20220218,20220218,133848500,13:38:48,2529,47071,84344,2377085500,0,0,0
UR205,20220218,20220218,133850500,13:38:50,2529,47072,84345,2377136000,1,1,50500
UR205,20220218,20220218,133851500,13:38:51,2529,47073,84345,2377186500,1,0,50500
UR205,20220218,20220218,133854000,13:38:54,2529,47075,84347,2377287500,2,2,101000
UR205,20220218,20220218,133856500,13:38:56,2529,47075,84347,2377287500,0,0,0
UR205,20220218,20220218,133857000,13:38:57,2529,47076,84347,2377338000,1,0,50500
UR205,20220218,20220218,133859500,13:38:59,2529,47076,84347,2377338000,0,0,0
UR205,20220218,20220218,133902000,13:39:02,2529,47078,84347,2377439000,2,0,101000
UR205,20220218,20220218,133902500,13:39:02,2528,47079,84346,2377489500,1,-1,50500
UR205,20220218,20220218,133906500,13:39:06,2528,47079,84346,2377489500,0,0,0
UR205,20220218,20220218,133907500,13:39:07,2529,47080,84347,2377540000,1,1,50500
UR205,20220218,20220218,133908500,13:39:08,2529,47081,84347,2377590500,1,0,50500
UR205,20220218,20220218,133910000,13:39:10,2529,47085,84348,2377792500,4,1,202000
UR205,20220218,20220218,133913500,13:39:13,2529,47088,84350,2377944000,3,2,151500
UR205,20220218,20220218,133914000,13:39:15,2529,47097,84345,2378398500,9,-5,454500
UR205,20220218,20220218,133914500,13:39:16,2529,47145,84333,2380822500,48,-12,2424000
UR205,20220218,20220218,133915000,13:39:19,2529,47145,84333,2380822500,0,0,0
UR205,20220218,20220218,133915500,13:39:19,2530,47146,84332,2380873000,1,-1,50500
UR205,20220218,20220218,133917000,13:39:19,2530,47150,84330,2381075000,4,-2,202000
UR205,20220218,20220218,133919000,13:39:19,2531,47246,84316,2385923000,96,-14,4848000
UR205,20220218,20220218,133920000,13:39:20,2531,47249,84314,2386074500,3,-2,151500
UR205,20220218,20220218,133921500,13:39:21,2531,47249,84314,2386074500,0,0,0
UR205,20220218,20220218,133922500,13:39:23,2532,47251,84313,2386175500,2,-1,101000
UR205,20220218,20220218,133924000,13:39:24,2532,47261,84313,2386680500,10,0,505000
UR205,20220218,20220218,133924500,13:39:24,2532,47263,84314,2386781500,2,1,101000
UR205,20220218,20220218,133925000,13:39:25,2532,47292,84293,2388246000,29,-21,1464500
UR205,20220218,20220218,133926000,13:39:26,2532,47292,84293,2388246000,0,0,0
UR205,20220218,20220218,133928000,13:39:28,2532,47322,84279,2389761000,30,-14,1515000
UR205,20220218,20220218,133929000,13:39:29,2531,47325,84282,2389912500,3,3,151500
UR205,20220218,20220218,133931000,13:39:31,2531,47335,84284,2390417500,10,2,505000
UR205,20220218,20220218,133932500,13:39:33,2530,47336,84284,2390468000,1,0,50500
UR205,20220218,20220218,133933500,13:39:33,2530,47336,84284,2390468000,0,0,0
UR205,20220218,20220218,133935000,13:39:35,2531,47337,84285,2390518500,1,1,50500
UR205,20220218,20220218,133936000,13:39:36,2531,47337,84285,2390518500,0,0,0
UR205,20220218,20220218,133937000,13:39:37,2531,47337,84285,2390518500,0,0,0
UR205,20220218,20220218,133938000,13:39:38,2531,47338,84286,2390569000,1,1,50500
UR205,20220218,20220218,133939500,13:39:39,2531,47338,84286,2390569000,0,0,0
UR205,20220218,20220218,133941000,13:39:41,2531,47340,84286,2390670000,2,0,101000
UR205,20220218,20220218,133943500,13:39:43,2531,47347,84284,2391023500,7,-2,353500
UR205,20220218,20220218,133944500,13:39:44,2532,47358,84273,2391579000,11,-11,555500
UR205,20220218,20220218,133945000,13:39:45,2531,47359,84272,2391629500,1,-1,50500
UR205,20220218,20220218,133945500,13:39:46,2533,47434,84256,2395417000,75,-16,3787500
UR205,20220218,20220218,133946000,13:39:47,2533,47472,84237,2397336000,38,-19,1919000
UR205,20220218,20220218,133946500,13:39:47,2533,47472,84237,2397336000,0,0,0
UR205,20220218,20220218,133947000,13:39:47,2533,47472,84237,2397336000,0,0,0
UR205,20220218,20220218,133947500,13:39:47,2533,47472,84237,2397336000,0,0,0
UR205,20220218,20220218,133948500,13:39:48,2533,47476,84234,2397538000,4,-3,202000
UR205,20220218,20220218,133949500,13:39:50,2534,47481,84231,2397790500,5,-3,252500
UR205,20220218,20220218,133950000,13:39:50,2534,47483,84231,2397891500,2,0,101000
UR205,20220218,20220218,133950500,13:39:50,2533,47484,84230,2397942000,1,-1,50500
UR205,20220218,20220218,133951000,13:39:51,2533,47484,84230,2397942000,0,0,0
UR205,20220218,20220218,133951500,13:39:51,2534,47485,84230,2397992500,1,0,50500
UR205,20220218,20220218,133952000,13:39:53,2534,47486,84229,2398043000,1,-1,50500
UR205,20220218,20220218,133952500,13:39:53,2534,47486,84229,2398043000,0,0,0
UR205,20220218,20220218,133953000,13:39:54,2533,47487,84229,2398093500,1,0,50500
UR205,20220218,20220218,133954500,13:39:55,2533,47489,84230,2398194500,2,1,101000
UR205,20220218,20220218,133955000,13:39:55,2534,47500,84225,2398750000,11,-5,555500
UR205,20220218,20220218,133956500,13:39:57,2533,47512,84223,2399356000,12,-2,606000
UR205,20220218,20220218,133957000,13:39:57,2533,47513,84222,2399406500,1,-1,50500
UR205,20220218,20220218,133957500,13:40:13,2534,47515,84220,2399507500,2,-2,101000
UR205,20220218,20220218,133958000,13:40:13,2534,47515,84220,2399507500,0,0,0
UR205,20220218,20220218,134012000,13:40:13,2534,47515,84220,2399507500,0,0,0
UR205,20220218,20220218,134013000,13:40:13,2534,47587,84223,2403143500,72,3,3636000
UR205,20220218,20220218,134013500,13:40:14,2534,47587,84223,2403143500,0,0,0
UR205,20220218,20220218,134014000,13:40:14,2534,47587,84223,2403143500,0,0,0
UR205,20220218,20220218,134015000,13:40:16,2534,47588,84222,2403194000,1,-1,50500
UR205,20220218,20220218,134015500,13:40:16,2534,47599,84217,2403749500,11,-5,555500
UR205,20220218,20220218,134016500,13:40:17,2534,47602,84216,2403901000,3,-1,151500
UR205,20220218,20220218,134017000,13:40:17,2534,47602,84216,2403901000,0,0,0
UR205,20220218,20220218,134017500,13:40:18,2534,47606,84220,2404103000,4,4,202000
UR205,20220218,20220218,134018500,13:40:19,2534,47606,84220,2404103000,0,0,0
UR205,20220218,20220218,134019000,13:40:19,2534,47607,84221,2404153500,1,1,50500
UR205,20220218,20220218,134019500,13:40:20,2533,47608,84221,2404204000,1,0,50500
UR205,20220218,20220218,134020500,13:40:21,2534,47616,84225,2404608000,8,4,404000
UR205,20220218,20220218,134021500,13:40:22,2534,47616,84225,2404608000,0,0,0
UR205,20220218,20220218,134022000,13:40:22,2533,47617,84225,2404658500,1,0,50500
UR205,20220218,20220218,134023000,13:40:23,2534,47619,84224,2404759500,2,-1,101000
UR205,20220218,20220218,134023500,13:40:23,2534,47619,84224,2404759500,0,0,0
UR205,20220218,20220218,134024000,13:40:24,2534,47620,84224,2404810000,1,0,50500
UR205,20220218,20220218,134025000,13:40:25,2534,47626,84224,2405113000,6,0,303000
UR205,20220218,20220218,134025500,13:40:26,2533,47627,84225,2405163500,1,1,50500
UR205,20220218,20220218,134026000,13:40:26,2533,47628,84225,2405214000,1,0,50500
UR205,20220218,20220218,134027000,13:40:27,2533,47644,84222,2406022000,16,-3,808000
UR205,20220218,20220218,134027500,13:40:28,2532,47663,84210,2406981500,19,-12,959500
UR205,20220218,20220218,134028000,13:40:28,2532,47663,84210,2406981500,0,0,0
UR205,20220218,20220218,134029000,13:40:30,2532,47663,84210,2406981500,0,0,0
UR205,20220218,20220218,134030000,13:40:30,2532,47664,84209,2407032000,1,-1,50500
UR205,20220218,20220218,134031500,13:40:32,2532,47686,84196,2408143000,22,-13,1111000
UR205,20220218,20220218,134032000,13:40:32,2532,47695,84196,2408597500,9,0,454500
UR205,20220218,20220218,134032500,13:40:32,2532,47695,84196,2408597500,0,0,0
UR205,20220218,20220218,134034000,13:40:34,2532,47696,84195,2408648000,1,-1,50500
UR205,20220218,20220218,134035000,13:40:35,2532,47710,84188,2409355000,14,-7,707000
UR205,20220218,20220218,134035500,13:40:36,2533,47711,84189,2409405500,1,1,50500
UR205,20220218,20220218,134036000,13:40:36,2533,47711,84189,2409405500,0,0,0
UR205,20220218,20220218,134036500,13:40:36,2533,47711,84189,2409405500,0,0,0
UR205,20220218,20220218,134037000,13:40:37,2533,47713,84188,2409506500,2,-1,101000
UR205,20220218,20220218,134039000,13:40:40,2533,47713,84188,2409506500,0,0,0
UR205,20220218,20220218,134039500,13:40:40,2533,47713,84188,2409506500,0,0,0
UR205,20220218,20220218,134040500,13:40:41,2532,47714,84187,2409557000,1,-1,50500
UR205,20220218,20220218,134043000,13:40:43,2532,47714,84187,2409557000,0,0,0
UR205,20220218,20220218,134045500,13:40:45,2533,47722,84190,2409961000,8,3,404000
UR205,20220218,20220218,134046500,13:40:46,2533,47722,84190,2409961000,0,0,0
UR205,20220218,20220218,134047500,13:40:47,2533,47722,84190,2409961000,0,0,0
UR205,20220218,20220218,134049500,13:40:49,2534,47732,84193,2410466000,10,3,505000
UR205,20220218,20220218,134050000,13:40:50,2534,47736,84192,2410668000,4,-1,202000
UR205,20220218,20220218,134051000,13:40:51,2534,47736,84192,2410668000,0,0,0
UR205,20220218,20220218,134051500,13:40:55,2533,47738,84192,2410769000,2,0,101000
UR205,20220218,20220218,134052500,13:40:55,2534,47791,84192,2413445500,53,0,2676500
UR205,20220218,20220218,134055000,13:40:55,2534,47791,84192,2413445500,0,0,0
UR205,20220218,20220218,134055500,13:40:57,2533,47792,84192,2413496000,1,0,50500
UR205,20220218,20220218,134056000,13:40:58,2533,47793,84192,2413546500,1,0,50500
UR205,20220218,20220218,134057000,13:40:58,2533,47793,84192,2413546500,0,0,0
UR205,20220218,20220218,134058000,13:40:58,2533,47804,84181,2414102000,11,-11,555500
UR205,20220218,20220218,134058500,13:40:59,2533,47805,84180,2414152500,1,-1,50500
UR205,20220218,20220218,134059000,13:40:59,2533,47805,84180,2414152500,0,0,0
UR205,20220218,20220218,134101000,13:41:01,2533,47806,84179,2414203000,1,-1,50500
UR205,20220218,20220218,134101500,13:41:01,2534,47814,84171,2414607000,8,-8,404000
UR205,20220218,20220218,134102500,13:41:02,2534,47814,84171,2414607000,0,0,0
UR205,20220218,20220218,134105000,13:41:06,2534,47818,84171,2414809000,4,0,202000
UR205,20220218,20220218,134106000,13:41:07,2533,47827,84163,2415263500,9,-8,454500
UR205,20220218,20220218,134107500,13:41:09,2533,47827,84163,2415263500,0,0,0
UR205,20220218,20220218,134108000,13:41:09,2534,47828,84163,2415314000,1,0,50500
UR205,20220218,20220218,134109000,13:41:10,2534,47833,84162,2415566500,5,-1,252500
UR205,20220218,20220218,134109500,13:41:10,2534,47835,84161,2415667500,2,-1,101000
UR205,20220218,20220218,134110000,13:41:10,2534,47838,84158,2415819000,3,-3,151500
UR205,20220218,20220218,134110500,13:41:10,2534,47840,84157,2415920000,2,-1,101000
UR205,20220218,20220218,134114000,13:41:15,2534,47842,84157,2416021000,2,0,101000
UR205,20220218,20220218,134114500,13:41:16,2534,47843,84157,2416071500,1,0,50500
UR205,20220218,20220218,134115500,13:41:16,2534,47843,84157,2416071500,0,0,0
UR205,20220218,20220218,134116000,13:41:17,2534,47843,84157,2416071500,0,0,0
UR205,20220218,20220218,134118000,13:41:19,2534,47843,84157,2416071500,0,0,0
UR205,20220218,20220218,134119500,13:41:20,2533,47851,84149,2416475500,8,-8,404000
UR205,20220218,20220218,134120000,13:41:20,2533,47851,84149,2416475500,0,0,0
UR205,20220218,20220218,134120500,13:41:23,2534,47853,84147,2416576500,2,-2,101000
UR205,20220218,20220218,134121000,13:41:23,2534,47885,84115,2418192500,32,-32,1616000
UR205,20220218,20220218,134121500,13:41:24,2533,47906,84096,2419253000,21,-19,1060500
UR205,20220218,20220218,134122000,13:41:24,2534,47910,84092,2419455000,4,-4,202000
UR205,20220218,20220218,134124000,13:41:24,2534,47915,84092,2419707500,5,0,252500
UR205,20220218,20220218,134125000,13:41:27,2533,47917,84093,2419808500,2,1,101000
UR205,20220218,20220218,134126000,13:41:27,2534,47920,84094,2419960000,3,1,151500
UR205,20220218,20220218,134126500,13:41:27,2534,47935,84079,2420717500,15,-15,757500
UR205,20220218,20220218,134127500,13:41:27,2533,47937,84079,2420818500,2,0,101000
UR205,20220218,20220218,134128500,13:41:28,2533,47938,84080,2420869000,1,1,50500
UR205,20220218,20220218,134129000,13:41:29,2534,47944,84074,2421172000,6,-6,303000
UR205,20220218,20220218,134129500,13:41:30,2534,47955,84063,2421727500,11,-11,555500
UR205,20220218,20220218,134130000,13:41:30,2533,47956,84064,2421778000,1,1,50500
UR205,20220218,20220218,134130500,13:41:31,2534,47994,84060,2423697000,38,-4,1919000
UR205,20220218,20220218,134131000,13:41:31,2534,47996,84058,2423798000,2,-2,101000
UR205,20220218,20220218,134131500,13:41:32,2535,48063,84019,2427181500,67,-39,3383500
UR205,20220218,20220218,134132000,13:41:33,2535,48128,83982,2430464000,65,-37,3282500
UR205,20220218,20220218,134132500,13:41:33,2536,48131,83980,2430615500,3,-2,151500
UR205,20220218,20220218,134133000,13:41:33,2536,48136,83978,2430868000,5,-2,252500
UR205,20220218,20220218,134133500,13:41:34,2536,48136,83978,2430868000,0,0,0
UR205,20220218,20220218,134134000,13:41:34,2536,48137,83978,2430918500,1,0,50500
UR205,20220218,20220218,134134500,13:41:34,2535,48146,83970,2431373000,9,-8,454500
UR205,20220218,20220218,134135000,13:41:35,2535,48148,83968,2431474000,2,-2,101000
UR205,20220218,20220218,134135500,13:41:35,2536,48151,83966,2431625500,3,-2,151500
UR205,20220218,20220218,134136000,13:41:39,2536,48151,83966,2431625500,0,0,0
UR205,20220218,20220218,134136500,13:41:39,2536,48152,83966,2431676000,1,0,50500
UR205,20220218,20220218,134137000,13:41:40,2536,48154,83966,2431777000,2,0,101000
UR205,20220218,20220218,134139500,13:41:41,2535,48161,83964,2432130500,7,-2,353500
UR205,20220218,20220218,134140000,13:41:42,2535,48166,83960,2432383000,5,-4,252500
UR205,20220218,20220218,134140500,13:41:42,2536,48168,83959,2432484000,2,-1,101000
UR205,20220218,20220218,134142000,13:41:42,2536,48174,83957,2432787000,6,-2,303000
UR205,20220218,20220218,134142500,13:41:42,2536,48174,83957,2432787000,0,0,0
UR205,20220218,20220218,134143000,13:41:43,2536,48178,83957,2432989000,4,0,202000
UR205,20220218,20220218,134144500,13:41:44,2536,48179,83957,2433039500,1,0,50500
UR205,20220218,20220218,134145000,13:41:45,2536,48180,83956,2433090000,1,-1,50500
UR205,20220218,20220218,134145500,13:41:45,2536,48185,83961,2433342500,5,5,252500
UR205,20220218,20220218,134146000,13:41:46,2536,48185,83961,2433342500,0,0,0
UR205,20220218,20220218,134146500,13:41:47,2536,48186,83961,2433393000,1,0,50500
UR205,20220218,20220218,134147000,13:41:47,2536,48187,83962,2433443500,1,1,50500
UR205,20220218,20220218,134147500,13:41:48,2536,48188,83962,2433494000,1,0,50500
UR205,20220218,20220218,134148000,13:41:48,2536,48188,83962,2433494000,0,0,0
UR205,20220218,20220218,134149500,13:41:50,2536,48189,83963,2433544500,1,1,50500
UR205,20220218,20220218,134150000,13:41:50,2535,48190,83964,2433595000,1,1,50500
UR205,20220218,20220218,134150500,13:41:51,2535,48191,83964,2433645500,1,0,50500
UR205,20220218,20220218,134151000,13:41:51,2536,48196,83965,2433898000,5,1,252500
UR205,20220218,20220218,134151500,13:41:52,2536,48197,83966,2433948500,1,1,50500
UR205,20220218,20220218,134152000,13:41:52,2536,48197,83966,2433948500,0,0,0
UR205,20220218,20220218,134152500,13:41:52,2536,48197,83966,2433948500,0,0,0
UR205,20220218,20220218,134153000,13:41:53,2536,48212,83961,2434706000,15,-5,757500
UR205,20220218,20220218,134154000,13:42:02,2535,48221,83953,2435160500,9,-8,454500
UR205,20220218,20220218,134154500,13:42:02,2536,48226,83953,2435413000,5,0,252500
UR205,20220218,20220218,134155000,13:42:06,2536,48226,83953,2435413000,0,0,0
UR205,20220218,20220218,134202000,13:42:10,2536,48239,83953,2436069500,13,0,656500
UR205,20220218,20220218,134210000,13:42:12,2536,48254,83958,2436827000,15,5,757500
UR205,20220218,20220218,134211000,13:42:12,2536,48261,83957,2437180500,7,-1,353500
UR205,20220218,20220218,134211500,13:42:12,2535,48262,83957,2437231000,1,0,50500
UR205,20220218,20220218,134212000,13:42:13,2536,48266,83960,2437433000,4,3,202000
UR205,20220218,20220218,134214000,13:42:14,2536,48266,83960,2437433000,0,0,0
UR205,20220218,20220218,134214500,13:42:15,2536,48270,83956,2437635000,4,-4,202000
UR205,20220218,20220218,134215000,13:42:15,2536,48270,83956,2437635000,0,0,0
UR205,20220218,20220218,134215500,13:42:16,2537,48271,83956,2437685500,1,0,50500
UR205,20220218,20220218,134216000,13:42:16,2537,48275,83953,2437887500,4,-3,202000
UR205,20220218,20220218,134216500,13:42:17,2536,48276,83953,2437938000,1,0,50500
UR205,20220218,20220218,134217000,13:42:19,2536,48276,83953,2437938000,0,0,0
UR205,20220218,20220218,134217500,13:42:19,2537,48277,83952,2437988500,1,-1,50500
UR205,20220218,20220218,134218000,13:42:20,2537,48287,83952,2438493500,10,0,505000
UR205,20220218,20220218,134218500,13:42:20,2537,48287,83952,2438493500,0,0,0
UR205,20220218,20220218,134219500,13:42:20,2537,48288,83951,2438544000,1,-1,50500
UR205,20220218,20220218,134220000,13:42:21,2536,48290,83951,2438645000,2,0,101000
UR205,20220218,20220218,134220500,13:42:21,2537,48326,83940,2440463000,36,-11,1818000
UR205,20220218,20220218,134221000,13:42:21,2537,48340,83939,2441170000,14,-1,707000
UR205,20220218,20220218,134222000,13:42:22,2537,48340,83939,2441170000,0,0,0
UR205,20220218,20220218,134222500,13:42:22,2537,48341,83938,2441220500,1,-1,50500
UR205,20220218,20220218,134223500,13:42:24,2537,48344,83938,2441372000,3,0,151500
UR205,20220218,20220218,134224000,13:42:25,2536,48350,83938,2441675000,6,0,303000
UR205,20220218,20220218,134224500,13:42:25,2536,48352,83937,2441776000,2,-1,101000
UR205,20220218,20220218,134225000,13:42:25,2537,48354,83935,2441877000,2,-2,101000
UR205,20220218,20220218,134225500,13:42:26,2537,48355,83935,2441927500,1,0,50500
UR205,20220218,20220218,134226000,13:42:27,2537,48358,83932,2442079000,3,-3,151500
UR205,20220218,20220218,134226500,13:42:28,2536,48359,83931,2442129500,1,-1,50500
UR205,20220218,20220218,134227000,13:42:28,2536,48361,83931,2442230500,2,0,101000
UR205,20220218,20220218,134227500,13:42:29,2536,48372,83942,2442786000,11,11,555500
UR205,20220218,20220218,134228000,13:42:29,2536,48372,83942,2442786000,0,0,0
UR205,20220218,20220218,134228500,13:42:29,2536,48374,83942,2442887000,2,0,101000
UR205,20220218,20220218,134229500,13:42:29,2536,48374,83942,2442887000,0,0,0
UR205,20220218,20220218,134239500,13:42:39,2536,48380,83943,2443190000,6,1,303000
UR205,20220218,20220218,134246000,13:42:46,2536,48381,83944,2443240500,1,1,50500
UR205,20220218,20220218,134255500,13:42:55,2536,48385,83947,2443442500,4,3,202000
UR205,20220218,20220218,134256000,13:42:56,2536,48386,83947,2443493000,1,0,50500
UR205,20220218,20220218,134256500,13:42:57,2535,48390,83951,2443695000,4,4,202000
UR205,20220218,20220218,134257000,13:42:59,2536,48459,83965,2447179500,69,14,3484500
UR205,20220218,20220218,134257500,13:42:59,2537,48460,83964,2447230000,1,-1,50500
UR205,20220218,20220218,134258000,13:42:59,2537,48461,83964,2447280500,1,0,50500
UR205,20220218,20220218,134259000,13:42:59,2536,48462,83965,2447331000,1,1,50500
UR205,20220218,20220218,134300000,13:43:01,2536,48465,83965,2447482500,3,0,151500
UR205,20220218,20220218,134301000,13:43:02,2536,48466,83965,2447533000,1,0,50500
UR205,20220218,20220218,134302500,13:43:03,2536,48466,83965,2447533000,0,0,0
UR205,20220218,20220218,134303000,13:43:05,2536,48467,83965,2447583500,1,0,50500
UR205,20220218,20220218,134303500,13:43:11,2536,48468,83965,2447634000,1,0,50500
UR205,20220218,20220218,134304000,13:43:11,2535,48473,83965,2447886500,5,0,252500
UR205,20220218,20220218,134304500,13:43:11,2535,48473,83965,2447886500,0,0,0
UR205,20220218,20220218,134310000,13:43:12,2535,48493,83967,2448896500,20,2,1010000
UR205,20220218,20220218,134312000,13:43:14,2536,48494,83967,2448947000,1,0,50500
UR205,20220218,20220218,134312500,13:43:14,2535,48495,83967,2448997500,1,0,50500
UR205,20220218,20220218,134313000,13:43:14,2535,48495,83967,2448997500,0,0,0
UR205,20220218,20220218,134314000,13:43:14,2535,48496,83967,2449048000,1,0,50500
UR205,20220218,20220218,134315000,13:43:15,2535,48497,83967,2449098500,1,0,50500
UR205,20220218,20220218,134316000,13:43:16,2535,48508,83974,2449654000,11,7,555500
UR205,20220218,20220218,134318000,13:43:18,2536,48510,83976,2449755000,2,2,101000
UR205,20220218,20220218,134319000,13:43:19,2536,48517,83979,2450108500,7,3,353500
UR205,20220218,20220218,134319500,13:43:19,2536,48517,83979,2450108500,0,0,0
UR205,20220218,20220218,134322000,13:43:22,2535,48518,83979,2450159000,1,0,50500
UR205,20220218,20220218,134323000,13:43:23,2535,48518,83979,2450159000,0,0,0
UR205,20220218,20220218,134323500,13:43:24,2535,48523,83984,2450411500,5,5,252500
UR205,20220218,20220218,134324500,13:43:25,2535,48526,83986,2450563000,3,2,151500
UR205,20220218,20220218,134325000,13:43:25,2535,48539,83980,2451219500,13,-6,656500
UR205,20220218,20220218,134326500,13:43:27,2535,48539,83980,2451219500,0,0,0
UR205,20220218,20220218,134328500,13:43:29,2535,48539,83980,2451219500,0,0,0
UR205,20220218,20220218,134329500,13:43:30,2535,48540,83980,2451270000,1,0,50500
UR205,20220218,20220218,134330000,13:43:30,2534,48542,83980,2451371000,2,0,101000
UR205,20220218,20220218,134331000,13:43:31,2534,48551,83971,2451825500,9,-9,454500
UR205,20220218,20220218,134332000,13:43:32,2534,48551,83971,2451825500,0,0,0
UR205,20220218,20220218,134332500,13:43:32,2534,48551,83971,2451825500,0,0,0
UR205,20220218,20220218,134333500,13:43:34,2535,48555,83969,2452027500,4,-2,202000
UR205,20220218,20220218,134334000,13:43:34,2535,48558,83970,2452179000,3,1,151500
UR205,20220218,20220218,134334500,13:43:34,2535,48558,83970,2452179000,0,0,0
UR205,20220218,20220218,134336500,13:43:37,2535,48561,83970,2452330500,3,0,151500
UR205,20220218,20220218,134337000,13:43:37,2535,48561,83970,2452330500,0,0,0
UR205,20220218,20220218,134337500,13:43:38,2535,48563,83970,2452431500,2,0,101000
UR205,20220218,20220218,134340500,13:43:58,2535,48564,83969,2452482000,1,-1,50500
UR205,20220218,20220218,134354000,13:44:04,2535,48577,83973,2453138500,13,4,656500
UR205,20220218,20220218,134356000,13:44:04,2535,48577,83973,2453138500,0,0,0
UR205,20220218,20220218,134402000,13:44:04,2535,48612,83964,2454906000,35,-9,1767500
UR205,20220218,20220218,134404000,13:44:04,2535,48612,83964,2454906000,0,0,0
UR205,20220218,20220218,134404500,13:44:05,2536,48613,83964,2454956500,1,0,50500
UR205,20220218,20220218,134405000,13:44:05,2536,48613,83964,2454956500,0,0,0
UR205,20220218,20220218,134405500,13:44:06,2536,48614,83964,2455007000,1,0,50500
UR205,20220218,20220218,134406000,13:44:06,2536,48614,83964,2455007000,0,0,0
UR205,20220218,20220218,134406500,13:44:06,2536,48614,83964,2455007000,0,0,0
UR205,20220218,20220218,134407000,13:44:07,2536,48616,83963,2455108000,2,-1,101000
UR205,20220218,20220218,134407500,13:44:08,2536,48616,83963,2455108000,0,0,0
UR205,20220218,20220218,134408000,13:44:08,2536,48616,83963,2455108000,0,0,0
UR205,20220218,20220218,134408500,13:44:09,2536,48616,83963,2455108000,0,0,0
UR205,20220218,20220218,134409000,13:44:17,2536,48618,83964,2455209000,2,1,101000
UR205,20220218,20220218,134409500,13:44:17,2535,48620,83962,2455310000,2,-2,101000
UR205,20220218,20220218,134410000,13:44:17,2535,48620,83962,2455310000,0,0,0
UR205,20220218,20220218,134416000,13:44:17,2535,48620,83962,2455310000,0,0,0
UR205,20220218,20220218,134418000,13:44:18,2535,48620,83962,2455310000,0,0,0
UR205,20220218,20220218,134421000,13:44:23,2535,48620,83962,2455310000,0,0,0
UR205,20220218,20220218,134425000,13:44:25,2535,48625,83958,2455562500,5,-4,252500
UR205,20220218,20220218,134427000,13:44:27,2536,48636,83960,2456118000,11,2,555500
UR205,20220218,20220218,134427500,13:44:28,2536,48638,83962,2456219000,2,2,101000
UR205,20220218,20220218,134428000,13:44:29,2536,48638,83962,2456219000,0,0,0
UR205,20220218,20220218,134429500,13:44:33,2536,48658,83974,2457229000,20,12,1010000
UR205,20220218,20220218,134430000,13:44:37,2536,48670,83979,2457835000,12,5,606000
UR205,20220218,20220218,134430500,13:44:37,2536,48670,83979,2457835000,0,0,0
UR205,20220218,20220218,134437000,13:44:37,2535,48672,83977,2457936000,2,-2,101000
UR205,20220218,20220218,134437500,13:44:38,2535,48674,83978,2458037000,2,1,101000
UR205,20220218,20220218,134442000,13:44:42,2535,48674,83978,2458037000,0,0,0
UR205,20220218,20220218,134443000,13:44:43,2535,48674,83978,2458037000,0,0,0
UR205,20220218,20220218,134444000,13:44:44,2535,48674,83978,2458037000,0,0,0
UR205,20220218,20220218,134445000,13:44:45,2536,48675,83977,2458087500,1,-1,50500
UR205,20220218,20220218,134445500,13:44:46,2536,48694,83967,2459047000,19,-10,959500
UR205,20220218,20220218,134446000,13:44:46,2536,48697,83965,2459198500,3,-2,151500
UR205,20220218,20220218,134447500,13:44:47,2536,48697,83965,2459198500,0,0,0
UR205,20220218,20220218,134448500,13:44:48,2536,48697,83965,2459198500,0,0,0
UR205,20220218,20220218,134449000,13:44:49,2537,48715,83947,2460107500,18,-18,909000
UR205,20220218,20220218,134449500,13:44:50,2536,48717,83946,2460208500,2,-1,101000
UR205,20220218,20220218,134450000,13:44:50,2536,48729,83944,2460814500,12,-2,606000
UR205,20220218,20220218,134450500,13:44:50,2536,48729,83944,2460814500,0,0,0
UR205,20220218,20220218,134452500,13:44:53,2536,48729,83944,2460814500,0,0,0
UR205,20220218,20220218,134455500,13:44:56,2536,48730,83943,2460865000,1,-1,50500
UR205,20220218,20220218,134457500,13:44:57,2536,48731,83942,2460915500,1,-1,50500
UR205,20220218,20220218,134458500,13:44:59,2536,48732,83941,2460966000,1,-1,50500
UR205,20220218,20220218,134459500,13:44:59,2536,48734,83942,2461067000,2,1,101000
UR205,20220218,20220218,134500000,13:45:00,2536,48735,83942,2461117500,1,0,50500
UR205,20220218,20220218,134500500,13:45:01,2536,48735,83942,2461117500,0,0,0
UR205,20220218,20220218,134501000,13:45:01,2536,48735,83942,2461117500,0,0,0
UR205,20220218,20220218,134502500,13:45:03,2536,48738,83945,2461269000,3,3,151500
UR205,20220218,20220218,134503000,13:45:03,2536,48739,83945,2461319500,1,0,50500
UR205,20220218,20220218,134503500,13:45:04,2536,48739,83945,2461319500,0,0,0
UR205,20220218,20220218,134504500,13:45:08,2536,48744,83942,2461572000,5,-3,252500
UR205,20220218,20220218,134508000,13:45:09,2536,48744,83942,2461572000,0,0,0
UR205,20220218,20220218,134508500,13:45:09,2536,48744,83942,2461572000,0,0,0
UR205,20220218,20220218,134509500,13:45:10,2536,48754,83939,2462077000,10,-3,505000
UR205,20220218,20220218,134510000,13:45:10,2536,48758,83941,2462279000,4,2,202000
UR205,20220218,20220218,134511000,13:45:11,2536,48758,83941,2462279000,0,0,0
UR205,20220218,20220218,134512500,13:45:13,2535,48760,83941,2462380000,2,0,101000
UR205,20220218,20220218,134513000,13:45:13,2535,48760,83941,2462380000,0,0,0
UR205,20220218,20220218,134514000,13:45:15,2536,48765,83940,2462632500,5,-1,252500
UR205,20220218,20220218,134514500,13:45:16,2536,48766,83940,2462683000,1,0,50500
UR205,20220218,20220218,134515000,13:45:17,2536,48767,83939,2462733500,1,-1,50500
UR205,20220218,20220218,134515500,13:45:17,2536,48767,83939,2462733500,0,0,0
UR205,20220218,20220218,134516500,13:45:17,2536,48768,83939,2462784000,1,0,50500
UR205,20220218,20220218,134518000,13:45:21,2536,48769,83938,2462834500,1,-1,50500
UR205,20220218,20220218,134520500,13:45:23,2536,48769,83938,2462834500,0,0,0
UR205,20220218,20220218,134521000,13:45:23,2536,48769,83938,2462834500,0,0,0
UR205,20220218,20220218,134523000,13:45:24,2535,48775,83938,2463137500,6,0,303000
UR205,20220218,20220218,134523500,13:45:24,2535,48775,83938,2463137500,0,0,0
UR205,20220218,20220218,134525000,13:45:26,2536,48777,83939,2463238500,2,1,101000
UR205,20220218,20220218,134526000,13:45:27,2535,48779,83938,2463339500,2,-1,101000
UR205,20220218,20220218,134527000,13:45:30,2536,48780,83938,2463390000,1,0,50500
UR205,20220218,20220218,134527500,13:45:30,2536,48780,83938,2463390000,0,0,0
UR205,20220218,20220218,134528000,13:45:30,2536,48780,83938,2463390000,0,0,0
UR205,20220218,20220218,134529000,13:45:30,2535,48788,83940,2463794000,8,2,404000
UR205,20220218,20220218,134530000,13:45:30,2535,48788,83940,2463794000,0,0,0
UR205,20220218,20220218,134533000,13:45:33,2535,48789,83941,2463844500,1,1,50500
UR205,20220218,20220218,134534000,13:45:35,2535,48789,83941,2463844500,0,0,0
UR205,20220218,20220218,134535000,13:45:35,2535,48790,83941,2463895000,1,0,50500
UR205,20220218,20220218,134536500,13:45:37,2535,48792,83943,2463996000,2,2,101000
UR205,20220218,20220218,134537000,13:45:37,2535,48792,83943,2463996000,0,0,0
UR205,20220218,20220218,134541500,13:45:42,2535,48792,83943,2463996000,0,0,0
UR205,20220218,20220218,134545500,13:45:46,2535,48792,83943,2463996000,0,0,0
UR205,20220218,20220218,134548000,13:45:48,2535,48792,83943,2463996000,0,0,0
UR205,20220218,20220218,134549500,13:45:53,2534,48794,83941,2464097000,2,-2,101000
UR205,20220218,20220218,134551000,13:45:54,2534,48795,83940,2464147500,1,-1,50500
UR205,20220218,20220218,134553500,13:45:54,2534,48797,83939,2464248500,2,-1,101000
UR205,20220218,20220218,134554000,13:45:54,2534,48799,83937,2464349500,2,-2,101000
UR205,20220218,20220218,134557000,13:46:00,2534,48799,83937,2464349500,0,0,0
UR205,20220218,20220218,134558000,13:46:01,2535,48801,83937,2464450500,2,0,101000
UR205,20220218,20220218,134600500,13:46:01,2535,48803,83937,2464551500,2,0,101000
UR205,20220218,20220218,134601000,13:46:02,2535,48803,83937,2464551500,0,0,0
UR205,20220218,20220218,134601500,13:46:02,2535,48803,83937,2464551500,0,0,0
UR205,20220218,20220218,134602000,13:46:03,2535,48805,83936,2464652500,2,-1,101000
UR205,20220218,20220218,134602500,13:46:04,2535,48805,83936,2464652500,0,0,0
UR205,20220218,20220218,134603000,13:46:04,2535,48808,83936,2464804000,3,0,151500
UR205,20220218,20220218,134603500,13:46:04,2535,48808,83936,2464804000,0,0,0
UR205,20220218,20220218,134604000,13:46:05,2536,48809,83936,2464854500,1,0,50500
UR205,20220218,20220218,134604500,13:46:05,2534,48810,83935,2464905000,1,-1,50500
UR205,20220218,20220218,134605000,13:46:05,2534,48810,83935,2464905000,0,0,0
UR205,20220218,20220218,134605500,13:46:05,2535,48811,83935,2464955500,1,0,50500
UR205,20220218,20220218,134606000,13:46:06,2535,48811,83935,2464955500,0,0,0
UR205,20220218,20220218,134606500,13:46:07,2535,48811,83935,2464955500,0,0,0
UR205,20220218,20220218,134610000,13:46:11,2535,48814,83935,2465107000,3,0,151500
UR205,20220218,20220218,134611500,13:46:11,2535,48814,83935,2465107000,0,0,0
UR205,20220218,20220218,134612000,13:46:13,2535,48829,83935,2465864500,15,0,757500
UR205,20220218,20220218,134612500,13:46:13,2535,48843,83949,2466571500,14,14,707000
UR205,20220218,20220218,134613000,13:46:13,2535,48852,83958,2467026000,9,9,454500
UR205,20220218,20220218,134613500,13:46:14,2535,48853,83958,2467076500,1,0,50500
UR205,20220218,20220218,134614500,13:46:15,2536,48863,83955,2467581500,10,-3,505000
UR205,20220218,20220218,134616500,13:46:18,2536,48866,83953,2467733000,3,-2,151500
UR205,20220218,20220218,134617000,13:46:18,2535,48868,83954,2467834000,2,1,101000
UR205,20220218,20220218,134618000,13:46:18,2534,48881,83954,2468490500,13,0,656500
UR205,20220218,20220218,134621000,13:46:21,2534,48881,83954,2468490500,0,0,0
UR205,20220218,20220218,134621500,13:46:21,2535,48883,83955,2468591500,2,1,101000
UR205,20220218,20220218,134622000,13:46:30,2536,48886,83955,2468743000,3,0,151500
UR205,20220218,20220218,134627000,13:46:31,2534,48909,83965,2469904500,23,10,1161500
UR205,20220218,20220218,134630500,13:46:31,2534,48911,83964,2470005500,2,-1,101000
UR205,20220218,20220218,134632000,13:46:32,2534,48912,83964,2470056000,1,0,50500
UR205,20220218,20220218,134632500,13:46:33,2536,48913,83964,2470106500,1,0,50500
UR205,20220218,20220218,134634500,13:46:35,2534,48914,83964,2470157000,1,0,50500
UR205,20220218,20220218,134635000,13:46:35,2534,48914,83964,2470157000,0,0,0
UR205,20220218,20220218,134636000,13:46:37,2535,48915,83964,2470207500,1,0,50500
UR205,20220218,20220218,134636500,13:46:37,2535,48915,83964,2470207500,0,0,0
UR205,20220218,20220218,134638000,13:46:38,2535,48915,83964,2470207500,0,0,0
UR205,20220218,20220218,134639000,13:46:39,2535,48915,83964,2470207500,0,0,0
UR205,20220218,20220218,134639500,13:46:40,2535,48915,83964,2470207500,0,0,0
UR205,20220218,20220218,134640500,13:46:42,2534,48916,83964,2470258000,1,0,50500
UR205,20220218,20220218,134641000,13:46:42,2534,48917,83963,2470308500,1,-1,50500
UR205,20220218,20220218,134642000,13:46:43,2534,48917,83963,2470308500,0,0,0
UR205,20220218,20220218,134643000,13:46:43,2536,48918,83962,2470359000,1,-1,50500
UR205,20220218,20220218,134643500,13:46:44,2536,48918,83962,2470359000,0,0,0
UR205,20220218,20220218,134645000,13:46:47,2536,48918,83962,2470359000,0,0,0
UR205,20220218,20220218,134646500,13:46:47,2536,48918,83962,2470359000,0,0,0
UR205,20220218,20220218,134649000,13:46:50,2536,48918,83962,2470359000,0,0,0
UR205,20220218,20220218,134651000,13:46:51,2536,48918,83962,2470359000,0,0,0
UR205,20220218,20220218,134651500,13:46:51,2534,48920,83961,2470460000,2,-1,101000
UR205,20220218,20220218,134653000,13:46:54,2534,48921,83960,2470510500,1,-1,50500
UR205,20220218,20220218,134653500,13:46:55,2535,48922,83960,2470561000,1,0,50500
UR205,20220218,20220218,134654000,13:46:55,2535,48922,83960,2470561000,0,0,0
UR205,20220218,20220218,134654500,13:46:55,2535,48922,83960,2470561000,0,0,0
