ZC205,20220218,20220218,111946000,11:20:04,801.4,6882,18098,543265080,6882,-46,543265080
ZC205,20220218,20220218,112005500,11:20:10,801.4,6883,18098,543344020,1,0,78939
ZC205,20220218,20220218,112007500,11:20:10,801.4,6883,18098,543344020,0,0,0
ZC205,20220218,20220218,112011000,11:20:11,801.4,6884,18099,543422960,1,1,78940
ZC205,20220218,20220218,112053000,11:20:53,801.8,6885,18098,543501900,1,-1,78940
ZC205,20220218,20220218,112053500,11:20:53,801.2,6886,18098,543580840,1,0,78939
ZC205,20220218,20220218,112103000,11:21:03,801.2,6887,18098,543659780,1,0,78940
ZC205,20220218,20220218,112103500,11:21:04,801.2,6887,18098,543659780,0,0,0
ZC205,20220218,20220218,112109000,11:21:10,801.2,6887,18098,543659780,0,0,0
ZC205,20220218,20220218,112123000,11:21:23,802,6888,18097,543738720,1,-1,78939
ZC205,20220218,20220218,112123500,11:21:23,802,6888,18097,543738720,0,0,0
ZC205,20220218,20220218,112124000,11:21:24,802,6888,18097,543738720,0,0,0
ZC205,20220218,20220218,112328000,11:23:33,802,6888,18097,543738720,0,0,0
ZC205,20220218,20220218,112333500,11:23:33,802,6900,18093,544686000,12,-4,947280
ZC205,20220218,20220218,112335000,11:23:35,802,6900,18093,544686000,0,0,0
ZC205,20220218,20220218,112335500,11:23:35,802,6900,18093,544686000,0,0,0
ZC205,20220218,20220218,112336000,11:23:37,802,6900,18093,544686000,0,0,0
ZC205,20220218,20220218,112346000,11:23:48,802,6900,18093,544686000,0,0,0
ZC205,20220218,20220218,112354000,11:23:54,802,6900,18093,544686000,0,0,0
ZC205,20220218,20220218,112354500,11:23:55,802,6900,18093,544686000,0,0,0
ZC205,20220218,20220218,112355000,11:23:55,799.8,6901,18093,544764940,1,0,78939
ZC205,20220218,20220218,112356500,11:23:56,799.8,6901,18093,544764940,0,0,0
ZC205,20220218,20220218,112357500,11:23:57,799.8,6901,18093,544764940,0,0,0
ZC205,20220218,20220218,112400000,11:24:00,799.8,6901,18093,544764940,0,0,0
ZC205,20220218,20220218,112401500,11:24:01,799.8,6902,18093,544843880,1,0,78940
ZC205,20220218,20220218,112450500,11:24:50,799.8,6902,18093,544843880,0,0,0
ZC205,20220218,20220218,112451000,11:24:51,799.8,6902,18093,544843880,0,0,0
ZC205,20220218,20220218,112501500,11:25:03,799.8,6902,18093,544843880,0,0,0
ZC205,20220218,20220218,112516500,11:25:16,800,6903,18094,544922820,1,1,78939
ZC205,20220218,20220218,112517500,11:25:18,800,6903,18094,544922820,0,0,0
ZC205,20220218,20220218,112528000,11:25:28,799.8,6906,18094,545159640,3,0,236820
ZC205,20220218,20220218,112607000,11:26:09,799.6,6907,18094,545238580,1,0,78940
ZC205,20220218,20220218,112608500,11:26:10,799.6,6910,18091,545475400,3,-3,236820
ZC205,20220218,20220218,112616500,11:26:17,801.4,6911,18090,545554340,1,-1,78939
ZC205,20220218,20220218,112621500,11:26:21,801.4,6911,18090,545554340,0,0,0
ZC205,20220218,20220218,112623000,11:26:23,801.4,6911,18090,545554340,0,0,0
ZC205,20220218,20220218,112624000,11:26:24,801.4,6911,18090,545554340,0,0,0
ZC205,20220218,20220218,112624500,11:26:24,801.4,6912,18090,545633280,1,0,78940
ZC205,20220218,20220218,112632500,11:26:32,801.4,6917,18085,546166320,5,-5,533039
ZC205,20220218,20220218,112635500,11:26:38,801.4,6920,18082,546403200,3,-3,236880
ZC205,20220218,20220218,112653500,11:27:10,801.4,6920,18082,546403200,0,0,0
ZC205,20220218,20220218,112708500,11:27:12,801.6,6926,18082,546876960,6,0,473760
ZC205,20220218,20220218,112712000,11:27:12,801.6,6926,18082,546876960,0,0,0
ZC205,20220218,20220218,112712500,11:27:13,801.6,6926,18082,546876960,0,0,0
ZC205,20220218,20220218,112716500,11:27:17,801.6,6926,18082,546876960,0,0,0
ZC205,20220218,20220218,112722000,11:27:22,801.6,6926,18082,546876960,0,0,0
ZC205,20220218,20220218,112722500,11:27:26,799.2,6928,18082,547034880,2,0,157920
ZC205,20220218,20220218,112723000,11:27:27,799.2,6930,18082,547192800,2,0,157920
ZC205,20220218,20220218,112723500,11:27:27,799.2,6930,18082,547192800,0,0,0
ZC205,20220218,20220218,112724000,11:27:27,799.2,6930,18082,547192800,0,0,0
ZC205,20220218,20220218,112726500,11:27:27,799.2,6930,18082,547192800,0,0,0
ZC205,20220218,20220218,112727000,11:27:27,799.2,6930,18082,547192800,0,0,0
ZC205,20220218,20220218,112727500,11:27:27,799.2,6930,18082,547192800,0,0,0
ZC205,20220218,20220218,112728000,11:27:28,799.2,6930,18082,547192800,0,0,0
ZC205,20220218,20220218,112729500,11:27:30,799.2,6930,18082,547192800,0,0,0
ZC205,20220218,20220218,112732000,11:27:35,798,6931,18081,547271760,1,-1,78960
ZC205,20220218,20220218,112735000,11:27:36,798,6931,18081,547271760,0,0,0
ZC205,20220218,20220218,112737500,11:27:38,798,6931,18081,547271760,0,0,0
ZC205,20220218,20220218,112738000,11:27:38,798,6931,18081,547271760,0,0,0
ZC205,20220218,20220218,112740000,11:27:40,798,6931,18081,547271760,0,0,0
ZC205,20220218,20220218,112741000,11:27:41,798,6931,18081,547271760,0,0,0
ZC205,20220218,20220218,112741500,11:27:41,798,6931,18081,547271760,0,0,0
ZC205,20220218,20220218,112742000,11:27:42,798,6931,18081,547271760,0,0,0
ZC205,20220218,20220218,112742500,11:27:43,798,6931,18081,547271760,0,0,0
ZC205,20220218,20220218,112743000,11:27:43,798,6931,18081,547271760,0,0,0
ZC205,20220218,20220218,112743500,11:27:43,798,6931,18081,547271760,0,0,0
ZC205,20220218,20220218,112745000,11:27:46,798.8,6935,18078,547587600,4,-3,315840
ZC205,20220218,20220218,112745500,11:27:46,798.8,6935,18078,547587600,0,0,0
ZC205,20220218,20220218,112746000,11:27:46,798.8,6935,18078,547587600,0,0,0
ZC205,20220218,20220218,112754500,11:27:55,798.8,6935,18078,547587600,0,0,0
ZC205,20220218,20220218,112755000,11:27:55,801,6936,18077,547666560,1,-1,78960
ZC205,20220218,20220218,112755500,11:27:55,801,6936,18077,547666560,0,0,0
ZC205,20220218,20220218,112757500,11:27:57,801,6936,18077,547666560,0,0,0
ZC205,20220218,20220218,112802000,11:28:03,801,6936,18077,547666560,0,0,0
ZC205,20220218,20220218,112802500,11:28:03,801,6937,18077,547745520,1,0,78960
ZC205,20220218,20220218,112804500,11:28:05,801,6937,18077,547745520,0,0,0
ZC205,20220218,20220218,112805000,11:28:06,801,6937,18077,547745520,0,0,0
ZC205,20220218,20220218,112807000,11:28:10,801.2,6938,18077,547824480,1,0,78960
ZC205,20220218,20220218,112809500,11:28:11,801.2,6938,18077,547824480,0,0,0
ZC205,20220218,20220218,112820000,11:28:20,799,6939,18077,547903440,1,0,78960
ZC205,20220218,20220218,112823000,11:28:23,799,6939,18077,547903440,0,0,0
ZC205,20220218,20220218,112823500,11:28:23,799,6939,18077,547903440,0,0,0
ZC205,20220218,20220218,112824000,11:28:24,799,6939,18077,547903440,0,0,0
ZC205,20220218,20220218,112824500,11:28:24,799,6939,18077,547903440,0,0,0
ZC205,20220218,20220218,112830500,11:28:31,801.2,6940,18077,547982400,1,0,78960
ZC205,20220218,20220218,112834000,11:28:34,801.2,6940,18077,547982400,0,0,0
ZC205,20220218,20220218,112844500,11:28:45,801.2,6940,18077,547982400,0,0,0
ZC205,20220218,20220218,112846500,11:28:46,800.2,6941,18077,548061360,1,0,78960
ZC205,20220218,20220218,112851500,11:28:51,800.2,6947,18077,548535120,6,0,473760
ZC205,20220218,20220218,112855000,11:28:55,800.2,6949,18077,548693040,2,0,157920
ZC205,20220218,20220218,112913000,11:29:13,800.2,6950,18078,548772000,1,1,78960
ZC205,20220218,20220218,112918500,11:29:21,800.2,6951,18078,548850960,1,0,78960
ZC205,20220218,20220218,112922500,11:29:24,800.2,6953,18078,549008880,2,0,157920
ZC205,20220218,20220218,112924000,11:29:24,801.2,6954,18078,549087840,1,0,78960
ZC205,20220218,20220218,112926500,11:29:26,800.2,6955,18079,549166800,1,1,78960
ZC205,20220218,20220218,112927000,11:29:27,800.2,6955,18079,549166800,0,0,0
ZC205,20220218,20220218,112928500,11:29:28,801,6957,18079,549324720,2,0,157920
ZC205,20220218,20220218,112929000,11:29:29,801,6960,18080,549561600,3,1,236880
ZC205,20220218,20220218,112929500,11:29:30,801.2,6961,18079,549640560,1,-1,78960
ZC205,20220218,20220218,112930000,11:29:30,801.2,6961,18079,549640560,0,0,0
ZC205,20220218,20220218,112930500,11:29:31,798.6,6962,18080,549719520,1,1,78960
ZC205,20220218,20220218,112931000,11:29:32,798.4,6963,18080,549798480,1,0,78960
ZC205,20220218,20220218,112931500,11:29:32,798.4,6963,18080,549798480,0,0,0
ZC205,20220218,20220218,112932000,11:29:36,798.6,6964,18080,549877440,1,0,78960
ZC205,20220218,20220218,112932500,11:29:36,798.6,6965,18080,549956400,1,0,78960
ZC205,20220218,20220218,112939500,11:29:40,800.2,6966,18080,550035360,1,0,78960
ZC205,20220218,20220218,112940000,11:29:40,800.2,6966,18080,550035360,0,0,0
ZC205,20220218,20220218,112940500,11:29:40,800.2,6966,18080,550035360,0,0,0
ZC205,20220218,20220218,112942000,11:29:43,798.8,6967,18079,550114320,1,-1,78960
ZC205,20220218,20220218,112942500,11:29:44,798.8,6969,18077,550272240,2,-2,157920
ZC205,20220218,20220218,112948000,11:29:49,798.8,6970,18077,550351200,1,0,78960
ZC205,20220218,20220218,112949500,11:29:50,798.8,6970,18077,550351200,0,0,0
ZC205,20220218,20220218,112956000,11:29:56,798,6971,18077,550430160,1,0,78960
ZC205,20220218,20220218,112957000,11:30:00,798,6971,18077,550430160,0,0,0
ZC205,20220218,20220218,112957500,11:30:02,798,6971,18077,550430160,0,0,0
ZC205,20220218,20220218,112959500,11:30:02,798,6971,18077,550430160,0,0,0
ZC205,20220218,20220218,113000000,11:30:03,798,6971,18077,550430160,0,0,0
ZC205,20220218,20220218,133001000,13:30:01,801.4,6975,18077,550746000,4,0,315840
ZC205,20220218,20220218,133001500,13:30:02,800,6977,18077,550903920,2,0,157920
ZC205,20220218,20220218,133002000,13:30:08,802,6995,18076,552325200,18,-1,1421280
ZC205,20220218,20220218,133004500,13:30:10,802,6995,18076,552325200,0,0,0
ZC205,20220218,20220218,133009500,13:30:10,802,6999,18073,552641040,4,-3,315840
ZC205,20220218,20220218,133010000,13:30:11,802,6999,18073,552641040,0,0,0
ZC205,20220218,20220218,133013000,13:30:13,802.2,7000,18072,552720000,1,-1,78960
ZC205,20220218,20220218,133013500,13:30:14,802.2,7000,18072,552720000,0,0,0
ZC205,20220218,20220218,133014000,13:30:15,802.2,7000,18072,552720000,0,0,0
ZC205,20220218,20220218,133014500,13:30:16,802.2,7000,18072,552720000,0,0,0
ZC205,20220218,20220218,133015000,13:30:17,802.2,7000,18072,552720000,0,0,0
ZC205,20220218,20220218,133016500,13:30:18,802.2,7000,18072,552720000,0,0,0
ZC205,20220218,20220218,133018000,13:30:19,802.8,7003,18072,552956880,3,0,236880
ZC205,20220218,20220218,133020500,13:30:21,803,7004,18072,553035840,1,0,78960
ZC205,20220218,20220218,133021000,13:30:21,804,7006,18073,553193760,2,1,157920
ZC205,20220218,20220218,133021500,13:30:22,804.8,7011,18074,553588560,5,1,394800
ZC205,20220218,20220218,133023000,13:30:40,805,7012,18075,553667520,1,1,78960
ZC205,20220218,20220218,133038000,13:30:40,804.6,7028,18086,554930880,16,11,1263360
ZC205,20220218,20220218,133038500,13:30:42,804.6,7028,18086,554930880,0,0,0
ZC205,20220218,20220218,133044500,13:30:46,804.6,7029,18085,555009840,1,-1,78960
ZC205,20220218,20220218,133045000,13:30:46,804.6,7030,18085,555229400,1,0,219560
ZC205,20220218,20220218,133045500,13:30:47,804.4,7035,18085,555624300,5,0,394900
ZC205,20220218,20220218,133046500,13:30:47,804.4,7035,18085,555624300,0,0,0
ZC205,20220218,20220218,133047500,13:30:48,804.4,7036,18085,555703280,1,0,78980
ZC205,20220218,20220218,133051500,13:30:52,804.4,7037,18085,555782260,1,0,78979
ZC205,20220218,20220218,133052000,13:30:53,804.4,7038,18086,555861240,1,1,78980
ZC205,20220218,20220218,133057500,13:30:58,804.4,7039,18086,555940220,1,0,78980
ZC205,20220218,20220218,133100000,13:31:00,804.4,7040,18087,556019200,1,1,78980
ZC205,20220218,20220218,133102000,13:31:02,804.2,7045,18087,556414100,5,0,394900
ZC205,20220218,20220218,133102500,13:31:02,804.2,7052,18087,556966960,7,0,552859
ZC205,20220218,20220218,133103000,13:31:03,804.2,7059,18094,557519820,7,7,552860
ZC205,20220218,20220218,133104000,13:31:06,804.2,7065,18097,557993700,6,3,473880
ZC205,20220218,20220218,133104500,13:31:06,803.8,7066,18098,558072680,1,1,78980
ZC205,20220218,20220218,133106000,13:31:08,803.8,7066,18098,558072680,0,0,0
ZC205,20220218,20220218,133107000,13:31:08,803.8,7066,18098,558072680,0,0,0
ZC205,20220218,20220218,133112000,13:31:13,803.8,7066,18098,558072680,0,0,0
ZC205,20220218,20220218,133112500,13:31:13,803.8,7066,18098,558072680,0,0,0
ZC205,20220218,20220218,133120500,13:31:21,803.8,7069,18098,558309620,3,0,236939
ZC205,20220218,20220218,133123000,13:31:25,802.8,7070,18097,558388600,1,-1,78980
ZC205,20220218,20220218,133123500,13:31:25,802.8,7070,18097,558388600,0,0,0
ZC205,20220218,20220218,133124000,13:31:25,802.8,7071,18096,558467580,1,-1,78980
ZC205,20220218,20220218,133124500,13:31:25,802.8,7071,18096,558467580,0,0,0
ZC205,20220218,20220218,133157500,13:31:57,802.8,7071,18096,558467580,0,0,0
ZC205,20220218,20220218,133158500,13:31:58,802.8,7071,18096,558467580,0,0,0
ZC205,20220218,20220218,133159000,13:31:59,802.8,7071,18096,558467580,0,0,0
ZC205,20220218,20220218,133200000,13:32:01,804,7081,18089,559257380,10,-7,789800
ZC205,20220218,20220218,133200500,13:32:01,804.2,7082,18089,559336360,1,0,78979
ZC205,20220218,20220218,133201000,13:32:01,802.2,7085,18088,559573300,3,-1,236940
ZC205,20220218,20220218,133201500,13:32:01,802.2,7086,18088,559652280,1,0,78980
ZC205,20220218,20220218,133202000,13:32:03,802.2,7086,18088,559652280,0,0,0
ZC205,20220218,20220218,133204000,13:32:05,802.2,7086,18088,559652280,0,0,0
ZC205,20220218,20220218,133205000,13:32:06,802.2,7086,18088,559652280,0,0,0
ZC205,20220218,20220218,133216000,13:32:17,802.2,7086,18088,559652280,0,0,0
ZC205,20220218,20220218,133216500,13:32:17,802.2,7087,18089,559731260,1,1,78979
ZC205,20220218,20220218,133222500,13:32:24,804,7088,18090,559810240,1,1,78980
ZC205,20220218,20220218,133224000,13:32:24,804,7089,18091,559889220,1,1,78980
ZC205,20220218,20220218,133224500,13:32:25,804,7089,18091,559889220,0,0,0
ZC205,20220218,20220218,133236000,13:32:37,804,7091,18093,560047180,2,2,157960
ZC205,20220218,20220218,133243500,13:32:43,804,7091,18093,560047180,0,0,0
ZC205,20220218,20220218,133244000,13:32:44,804,7093,18093,560205140,2,0,157959
ZC205,20220218,20220218,133245000,13:32:45,804,7094,18093,560284120,1,0,78980
ZC205,20220218,20220218,133245500,13:32:45,804.4,7095,18093,560363100,1,0,78980
ZC205,20220218,20220218,133247500,13:32:48,804.4,7098,18093,560600040,3,0,236939
ZC205,20220218,20220218,133248000,13:32:48,804.4,7102,18095,560915960,4,2,315920
ZC205,20220218,20220218,133250500,13:32:52,805,7103,18096,560994940,1,1,78980
ZC205,20220218,20220218,133311500,13:33:14,804.4,7105,18098,561152900,2,2,157960
ZC205,20220218,20220218,133312000,13:33:14,805,7107,18100,561310860,2,2,157959
ZC205,20220218,20220218,133312500,13:33:14,804.4,7110,18103,561547800,3,3,236940
ZC205,20220218,20220218,133318000,13:33:19,804.4,7113,18106,561784740,3,3,236939
ZC205,20220218,20220218,133318500,13:33:19,804.4,7113,18106,561784740,0,0,0
ZC205,20220218,20220218,133319000,13:33:20,805,7114,18107,561863720,1,1,78980
ZC205,20220218,20220218,133319500,13:33:20,805,7114,18107,561863720,0,0,0
ZC205,20220218,20220218,133320000,13:33:21,805,7144,18129,564376000,30,22,2512280
ZC205,20220218,20220218,133320500,13:33:21,805,7144,18129,564376000,0,0,0
ZC205,20220218,20220218,133321000,13:33:22,805,7144,18129,564376000,0,0,0
ZC205,20220218,20220218,133321500,13:33:22,805,7145,18129,564455000,1,0,79000
ZC205,20220218,20220218,133322000,13:33:22,805,7145,18129,564455000,0,0,0
ZC205,20220218,20220218,133322500,13:33:22,805,7146,18130,564534000,1,1,79000
ZC205,20220218,20220218,133323500,13:33:24,805,7146,18130,564534000,0,0,0
ZC205,20220218,20220218,133324500,13:33:25,805,7146,18130,564534000,0,0,0
ZC205,20220218,20220218,133325000,13:33:26,805,7147,18131,564613000,1,1,79000
ZC205,20220218,20220218,133325500,13:33:27,805,7147,18131,564613000,0,0,0
ZC205,20220218,20220218,133326000,13:33:28,805,7147,18131,564613000,0,0,0
ZC205,20220218,20220218,133327500,13:33:29,803.8,7148,18131,564692000,1,0,79000
ZC205,20220218,20220218,133328500,13:33:30,803.8,7148,18131,564692000,0,0,0
ZC205,20220218,20220218,133329500,13:33:30,803.8,7148,18131,564692000,0,0,0
ZC205,20220218,20220218,133331500,13:33:32,803.8,7148,18131,564692000,0,0,0
ZC205,20220218,20220218,133332000,13:33:32,803.8,7148,18131,564692000,0,0,0
ZC205,20220218,20220218,133332500,13:33:33,803.8,7148,18131,564692000,0,0,0
ZC205,20220218,20220218,133334500,13:33:35,804.4,7149,18132,564771000,1,1,79000
ZC205,20220218,20220218,133335000,13:33:35,804.4,7149,18132,564771000,0,0,0
ZC205,20220218,20220218,133335500,13:33:35,804.4,7149,18132,564771000,0,0,0
ZC205,20220218,20220218,133336000,13:33:36,804.4,7149,18132,564771000,0,0,0
ZC205,20220218,20220218,133337000,13:33:37,804.4,7149,18132,564771000,0,0,0
ZC205,20220218,20220218,133337500,13:33:37,804.4,7150,18133,564850000,1,1,79000
ZC205,20220218,20220218,133339000,13:33:39,804.4,7150,18133,564850000,0,0,0
ZC205,20220218,20220218,133339500,13:33:40,804.4,7151,18134,564929000,1,1,79000
ZC205,20220218,20220218,133340500,13:33:41,804.4,7152,18135,565008000,1,1,79000
ZC205,20220218,20220218,133341000,13:33:41,804.4,7152,18135,565008000,0,0,0
ZC205,20220218,20220218,133341500,13:33:42,804.4,7152,18135,565008000,0,0,0
ZC205,20220218,20220218,133342000,13:33:42,804.4,7152,18135,565008000,0,0,0
ZC205,20220218,20220218,133343000,13:33:43,804.4,7152,18135,565008000,0,0,0
ZC205,20220218,20220218,133343500,13:33:44,804.4,7152,18135,565008000,0,0,0
ZC205,20220218,20220218,133344000,13:33:45,804.4,7152,18135,565008000,0,0,0
ZC205,20220218,20220218,133348000,13:33:49,804.4,7152,18135,565008000,0,0,0
ZC205,20220218,20220218,133348500,13:33:49,804.4,7152,18135,565008000,0,0,0
ZC205,20220218,20220218,133349000,13:33:50,804.4,7152,18135,565008000,0,0,0
ZC205,20220218,20220218,133358000,13:33:58,803,7153,18135,565087000,1,0,79000
ZC205,20220218,20220218,133358500,13:33:59,803,7153,18135,565087000,0,0,0
ZC205,20220218,20220218,133359000,13:33:59,803,7153,18135,565087000,0,0,0
ZC205,20220218,20220218,133359500,13:34:00,803,7153,18135,565087000,0,0,0
ZC205,20220218,20220218,133402000,13:34:10,801.8,7154,18136,565166000,1,1,79000
ZC205,20220218,20220218,133402500,13:34:10,801.8,7154,18136,565166000,0,0,0
ZC205,20220218,20220218,133410000,13:34:11,801.8,7154,18136,565166000,0,0,0
ZC205,20220218,20220218,133411500,13:34:12,804.4,7167,18139,566193000,13,3,1027000
ZC205,20220218,20220218,133420000,13:34:20,804.6,7168,18139,566272000,1,0,79000
ZC205,20220218,20220218,133422000,13:34:24,804.6,7168,18139,566272000,0,0,0
ZC205,20220218,20220218,133429500,13:34:29,802.4,7169,18139,566351000,1,0,79000
ZC205,20220218,20220218,133430500,13:34:30,802,7170,18139,566430000,1,0,79000
ZC205,20220218,20220218,133431000,13:34:31,802,7170,18139,566430000,0,0,0
ZC205,20220218,20220218,133431500,13:34:31,802,7170,18139,566430000,0,0,0
ZC205,20220218,20220218,133432000,13:34:32,801.4,7171,18140,566509000,1,1,79000
ZC205,20220218,20220218,133432500,13:34:32,801.4,7173,18138,566667000,2,-2,158000
ZC205,20220218,20220218,133433000,13:34:33,801.4,7173,18138,566667000,0,0,0
ZC205,20220218,20220218,133434000,13:34:34,801.4,7173,18138,566667000,0,0,0
ZC205,20220218,20220218,133435000,13:34:35,801.4,7173,18138,566667000,0,0,0
ZC205,20220218,20220218,133435500,13:34:36,801.4,7173,18138,566667000,0,0,0
ZC205,20220218,20220218,133436500,13:34:36,801.4,7173,18138,566667000,0,0,0
ZC205,20220218,20220218,133439000,13:34:39,803.6,7174,18138,566746000,1,0,79000
ZC205,20220218,20220218,133439500,13:34:39,803.6,7174,18138,566746000,0,0,0
ZC205,20220218,20220218,133440500,13:34:41,803.6,7174,18138,566746000,0,0,0
ZC205,20220218,20220218,133441000,13:34:41,800.8,7175,18138,566825000,1,0,79000
ZC205,20220218,20220218,133447000,13:34:47,800.8,7175,18138,566825000,0,0,0
ZC205,20220218,20220218,133447500,13:34:47,800.8,7175,18138,566825000,0,0,0
ZC205,20220218,20220218,133448500,13:34:49,800.8,7175,18138,566825000,0,0,0
ZC205,20220218,20220218,133449000,13:34:49,800.8,7175,18138,566825000,0,0,0
ZC205,20220218,20220218,133449500,13:34:49,800.8,7176,18138,566904000,1,0,79000
ZC205,20220218,20220218,133456500,13:34:57,800.6,7177,18137,566983000,1,-1,79000
ZC205,20220218,20220218,133457000,13:34:57,800.6,7177,18137,566983000,0,0,0
ZC205,20220218,20220218,133500500,13:35:04,800.6,7178,18137,567062000,1,0,79000
ZC205,20220218,20220218,133504500,13:35:10,800.6,7178,18137,567062000,0,0,0
ZC205,20220218,20220218,133510000,13:35:10,804,7183,18139,567457000,5,2,395000
ZC205,20220218,20220218,133515500,13:35:16,804,7183,18139,567457000,0,0,0
ZC205,20220218,20220218,133516000,13:35:16,804,7185,18139,567615000,2,0,158000
ZC205,20220218,20220218,133516500,13:35:17,804,7185,18139,567615000,0,0,0
ZC205,20220218,20220218,133517500,13:35:18,801.4,7186,18140,567694000,1,1,79000
ZC205,20220218,20220218,133518000,13:35:19,801.4,7186,18140,567694000,0,0,0
ZC205,20220218,20220218,133518500,13:35:19,801.4,7186,18140,567694000,0,0,0
ZC205,20220218,20220218,133519000,13:35:19,801.4,7186,18140,567694000,0,0,0
ZC205,20220218,20220218,133522000,13:35:22,801.4,7186,18140,567694000,0,0,0
ZC205,20220218,20220218,133523500,13:35:23,803.8,7187,18140,567773000,1,0,79000
ZC205,20220218,20220218,133524000,13:35:25,803.8,7187,18140,567773000,0,0,0
ZC205,20220218,20220218,133524500,13:35:25,803.8,7187,18140,567773000,0,0,0
ZC205,20220218,20220218,133525000,13:35:25,803.8,7187,18140,567773000,0,0,0
ZC205,20220218,20220218,133527500,13:35:31,803.8,7187,18140,567773000,0,0,0
ZC205,20220218,20220218,133528000,13:35:32,803.8,7187,18140,567773000,0,0,0
ZC205,20220218,20220218,133531000,13:35:33,803.8,7187,18140,567773000,0,0,0
ZC205,20220218,20220218,133539500,13:35:43,803.8,7187,18140,567773000,0,0,0
ZC205,20220218,20220218,133544000,13:35:44,803.8,7187,18140,567773000,0,0,0
ZC205,20220218,20220218,133545500,13:35:46,803.8,7187,18140,567773000,0,0,0
ZC205,20220218,20220218,133553500,13:35:55,803.8,7191,18142,568089000,4,2,316000
ZC205,20220218,20220218,133556000,13:35:56,803.8,7191,18142,568089000,0,0,0
ZC205,20220218,20220218,133559000,13:36:03,804.8,7192,18142,568168000,1,0,79000
ZC205,20220218,20220218,133603500,13:36:05,803.8,7194,18141,568326000,2,-1,158000
ZC205,20220218,20220218,133610000,13:36:10,803.8,7194,18141,568326000,0,0,0
ZC205,20220218,20220218,133614500,13:36:14,804,7195,18141,568405000,1,0,79000
ZC205,20220218,20220218,133615500,13:36:15,804,7195,18141,568405000,0,0,0
ZC205,20220218,20220218,133621500,13:36:21,804.8,7196,18142,568484000,1,1,79000
ZC205,20220218,20220218,133623500,13:36:23,804.8,7196,18142,568484000,0,0,0
ZC205,20220218,20220218,133625000,13:36:25,804,7197,18141,568563000,1,-1,79000
ZC205,20220218,20220218,133626500,13:36:27,804,7199,18141,568721000,2,0,158000
ZC205,20220218,20220218,133629000,13:36:30,804,7199,18141,568721000,0,0,0
ZC205,20220218,20220218,133633500,13:36:33,804,7201,18141,568879000,2,0,158000
ZC205,20220218,20220218,133634500,13:36:35,804,7201,18141,568879000,0,0,0
ZC205,20220218,20220218,133638000,13:36:38,804.6,7202,18142,568958000,1,1,79000
ZC205,20220218,20220218,133638500,13:36:39,805,7206,18144,569274000,4,2,316000
ZC205,20220218,20220218,133639000,13:36:39,805,7206,18144,569274000,0,0,0
ZC205,20220218,20220218,133641000,13:36:41,804.8,7207,18144,569353000,1,0,79000
ZC205,20220218,20220218,133645500,13:36:46,804.8,7207,18144,569353000,0,0,0
ZC205,20220218,20220218,133646500,13:36:46,804.8,7207,18144,569353000,0,0,0
ZC205,20220218,20220218,133647000,13:36:47,804.8,7207,18144,569353000,0,0,0
ZC205,20220218,20220218,133706000,13:37:08,804.8,7208,18145,569432000,1,1,79000
ZC205,20220218,20220218,133709000,13:37:10,804.8,7208,18145,569432000,0,0,0
ZC205,20220218,20220218,133713000,13:37:13,805,7209,18146,569511000,1,1,79000
ZC205,20220218,20220218,133715000,13:37:15,805,7209,18146,569511000,0,0,0
ZC205,20220218,20220218,133717000,13:37:17,804.2,7210,18146,569590000,1,0,79000
ZC205,20220218,20220218,133720500,13:37:21,804.2,7211,18146,569669000,1,0,79000
ZC205,20220218,20220218,133721000,13:37:21,804.2,7211,18146,569669000,0,0,0
ZC205,20220218,20220218,133725500,13:37:26,804.2,7211,18146,569669000,0,0,0
ZC205,20220218,20220218,133726500,13:37:27,804.2,7212,18147,569748000,1,1,79000
ZC205,20220218,20220218,133727000,13:37:27,804.2,7213,18147,569827000,1,0,79000
ZC205,20220218,20220218,133731000,13:37:31,804,7214,18148,569906000,1,1,79000
ZC205,20220218,20220218,133734000,13:37:34,803.8,7215,18147,569985000,1,-1,79000
ZC205,20220218,20220218,133739000,13:37:39,805,7216,18147,570064000,1,0,79000
ZC205,20220218,20220218,133739500,13:37:39,805,7216,18147,570064000,0,0,0
ZC205,20220218,20220218,133744500,13:37:45,803.8,7217,18147,570143000,1,0,79000
ZC205,20220218,20220218,133745000,13:37:45,803.8,7217,18147,570143000,0,0,0
ZC205,20220218,20220218,133753000,13:37:54,803.8,7217,18147,570143000,0,0,0
ZC205,20220218,20220218,133753500,13:37:54,803.8,7217,18147,570143000,0,0,0
ZC205,20220218,20220218,133754000,13:37:55,803.8,7217,18147,570143000,0,0,0
ZC205,20220218,20220218,133757500,13:37:58,803.8,7217,18147,570143000,0,0,0
ZC205,20220218,20220218,133758000,13:37:58,803.8,7217,18147,570143000,0,0,0
ZC205,20220218,20220218,133758500,13:37:59,802.8,7218,18147,570222000,1,0,79000
ZC205,20220218,20220218,133804000,13:38:06,802.8,7219,18147,570301000,1,0,79000
ZC205,20220218,20220218,133809000,13:38:09,803.8,7220,18148,570380000,1,1,79000
ZC205,20220218,20220218,133809500,13:38:10,803.8,7220,18148,570380000,0,0,0
ZC205,20220218,20220218,133818500,13:38:19,803.8,7220,18148,570380000,0,0,0
ZC205,20220218,20220218,133819000,13:38:19,803.8,7221,18149,570459000,1,1,79000
ZC205,20220218,20220218,133824500,13:38:40,803.8,7221,18149,570459000,0,0,0
ZC205,20220218,20220218,133839500,13:38:42,803.8,7222,18149,570538000,1,0,79000
ZC205,20220218,20220218,133841000,13:38:43,802.2,7223,18149,570617000,1,0,79000
ZC205,20220218,20220218,133844000,13:38:44,802.2,7223,18149,570617000,0,0,0
ZC205,20220218,20220218,133846000,13:38:46,802.2,7223,18149,570617000,0,0,0
ZC205,20220218,20220218,133854000,13:38:54,803.8,7224,18148,570696000,1,-1,79000
ZC205,20220218,20220218,133856500,13:38:56,803.8,7224,18148,570696000,0,0,0
ZC205,20220218,20220218,133858000,13:38:58,803.8,7224,18148,570696000,0,0,0
ZC205,20220218,20220218,133901000,13:39:01,803.8,7224,18148,570696000,0,0,0
ZC205,20220218,20220218,133908000,13:39:08,803.8,7225,18148,570775000,1,0,79000
ZC205,20220218,20220218,133914000,13:39:15,803.6,7226,18148,570854000,1,0,79000
ZC205,20220218,20220218,133914500,13:39:16,804,7231,18149,571249000,5,1,395000
ZC205,20220218,20220218,133924500,13:39:24,804,7231,18149,571249000,0,0,0
ZC205,20220218,20220218,133945500,13:39:46,803.8,7233,18149,571551660,2,0,302660
ZC205,20220218,20220218,133946000,13:39:47,804.2,7235,18148,571709700,2,-1,158040
ZC205,20220218,20220218,133948500,13:39:48,804.8,7236,18148,571788720,1,0,79020
ZC205,20220218,20220218,133949500,13:39:50,804.8,7236,18148,571788720,0,0,0
ZC205,20220218,20220218,133950500,13:39:50,804.2,7237,18148,571867740,1,0,79020
ZC205,20220218,20220218,133954000,13:39:55,804.8,7240,18148,572104800,3,0,237060
ZC205,20220218,20220218,134004500,13:40:13,804,7242,18148,572262840,2,0,158040
ZC205,20220218,20220218,134013000,13:40:13,804,7243,18148,572341860,1,0,79020
ZC205,20220218,20220218,134033000,13:40:33,804.6,7244,18149,572420880,1,1,79020
ZC205,20220218,20220218,134036500,13:40:36,804.6,7245,18150,572499900,1,1,79019
ZC205,20220218,20220218,134041000,13:40:42,804.6,7246,18151,572578920,1,1,79020
ZC205,20220218,20220218,134042000,13:40:42,804.6,7246,18151,572578920,0,0,0
ZC205,20220218,20220218,134042500,13:40:42,804.8,7247,18151,572657940,1,0,79020
ZC205,20220218,20220218,134045500,13:40:45,804.8,7250,18152,572895000,3,1,237060
ZC205,20220218,20220218,134046500,13:40:46,804.8,7250,18152,572895000,0,0,0
ZC205,20220218,20220218,134047500,13:40:47,804.8,7251,18152,572974020,1,0,79020
ZC205,20220218,20220218,134049500,13:40:49,805,7252,18153,573053040,1,1,79020
ZC205,20220218,20220218,134050000,13:40:50,805,7252,18153,573053040,0,0,0
ZC205,20220218,20220218,134056000,13:40:58,805,7253,18154,573132060,1,1,79020
ZC205,20220218,20220218,134057500,13:40:58,805,7253,18154,573132060,0,0,0
ZC205,20220218,20220218,134100000,13:41:00,804.8,7254,18154,573211080,1,0,79020
ZC205,20220218,20220218,134102500,13:41:02,805,7256,18154,573369120,2,0,158039
ZC205,20220218,20220218,134103000,13:41:04,805,7256,18154,573369120,0,0,0
ZC205,20220218,20220218,134105500,13:41:06,805,7257,18155,573448140,1,1,79020
ZC205,20220218,20220218,134106500,13:41:07,804.8,7258,18156,573527160,1,1,79020
ZC205,20220218,20220218,134108500,13:41:10,804.8,7259,18156,573606180,1,0,79020
ZC205,20220218,20220218,134116500,13:41:17,805.2,7267,18160,574238340,8,4,632159
ZC205,20220218,20220218,134118500,13:41:19,805.2,7267,18160,574238340,0,0,0
ZC205,20220218,20220218,134119000,13:41:19,805.8,7271,18158,574554420,4,-2,316080
ZC205,20220218,20220218,134119500,13:41:20,806,7277,18161,575028540,6,3,474120
ZC205,20220218,20220218,134121000,13:41:23,805.8,7280,18160,575265600,3,-1,237060
ZC205,20220218,20220218,134123000,13:41:24,805.8,7281,18160,575344620,1,0,79020
ZC205,20220218,20220218,134123500,13:41:24,805.8,7281,18160,575344620,0,0,0
ZC205,20220218,20220218,134125000,13:41:27,805.8,7281,18160,575344620,0,0,0
ZC205,20220218,20220218,134125500,13:41:27,805.8,7281,18160,575344620,0,0,0
ZC205,20220218,20220218,134126500,13:41:27,805.8,7282,18161,575423640,1,1,79020
ZC205,20220218,20220218,134127000,13:41:27,805.8,7282,18161,575423640,0,0,0
ZC205,20220218,20220218,134131000,13:41:31,805.8,7282,18161,575423640,0,0,0
ZC205,20220218,20220218,134134000,13:41:34,805.8,7282,18161,575423640,0,0,0
ZC205,20220218,20220218,134136500,13:41:39,805.6,7283,18162,575502660,1,1,79020
ZC205,20220218,20220218,134137000,13:41:40,805.6,7283,18162,575502660,0,0,0
ZC205,20220218,20220218,134137500,13:41:41,805.6,7283,18162,575502660,0,0,0
ZC205,20220218,20220218,134140500,13:41:42,805.8,7289,18161,575976780,6,-1,474120
ZC205,20220218,20220218,134142500,13:41:42,805.8,7289,18161,575976780,0,0,0
ZC205,20220218,20220218,134143500,13:41:44,805.8,7289,18161,575976780,0,0,0
ZC205,20220218,20220218,134144500,13:41:44,805.8,7289,18161,575976780,0,0,0
ZC205,20220218,20220218,134146500,13:41:47,805.8,7289,18161,575976780,0,0,0
ZC205,20220218,20220218,134151500,13:41:52,805.4,7290,18161,576055800,1,0,79019
ZC205,20220218,20220218,134152500,13:41:52,805.2,7294,18161,576371880,4,0,316080
ZC205,20220218,20220218,134156500,13:42:10,805.2,7294,18161,576371880,0,0,0
ZC205,20220218,20220218,134208000,13:42:12,805.2,7296,18162,576529920,2,1,158039
ZC205,20220218,20220218,134216000,13:42:16,805.2,7296,18162,576529920,0,0,0
ZC205,20220218,20220218,134217500,13:42:19,805.2,7297,18162,576608940,1,0,79020
ZC205,20220218,20220218,134219000,13:42:20,805.4,7298,18162,576687960,1,0,79020
ZC205,20220218,20220218,134223000,13:42:23,805.4,7300,18162,576846000,2,0,158040
ZC205,20220218,20220218,134228000,13:42:29,805.4,7300,18162,576846000,0,0,0
ZC205,20220218,20220218,134228500,13:42:29,805.6,7302,18161,577004040,2,-1,158040
ZC205,20220218,20220218,134246000,13:42:46,805.2,7303,18161,577083060,1,0,79020
ZC205,20220218,20220218,134255500,13:42:55,805.6,7304,18161,577162080,1,0,79020
ZC205,20220218,20220218,134256000,13:42:56,805.6,7304,18161,577162080,0,0,0
ZC205,20220218,20220218,134256500,13:42:57,805.6,7304,18161,577162080,0,0,0
ZC205,20220218,20220218,134257000,13:42:59,805.4,7308,18161,577478160,4,0,316079
ZC205,20220218,20220218,134259000,13:42:59,805.4,7310,18161,577636200,2,0,158040
ZC205,20220218,20220218,134259500,13:43:01,805.4,7312,18161,577794240,2,0,158040
ZC205,20220218,20220218,134300500,13:43:02,805.4,7312,18161,577794240,0,0,0
ZC205,20220218,20220218,134310500,13:43:12,805.4,7312,18161,577794240,0,0,0
ZC205,20220218,20220218,134313000,13:43:14,805.6,7313,18161,577873260,1,0,79020
ZC205,20220218,20220218,134315000,13:43:15,805.6,7314,18161,577952280,1,0,79020
ZC205,20220218,20220218,134316000,13:43:16,805.6,7314,18161,577952280,0,0,0
ZC205,20220218,20220218,134319500,13:43:20,805.6,7315,18161,578031300,1,0,79019
ZC205,20220218,20220218,134322000,13:43:22,805.4,7318,18163,578268360,3,2,237060
ZC205,20220218,20220218,134325000,13:43:25,805.4,7319,18163,578347380,1,0,79020
ZC205,20220218,20220218,134325500,13:43:26,805.4,7321,18165,578505420,2,2,158039
ZC205,20220218,20220218,134333000,13:43:33,805.4,7321,18165,578505420,0,0,0
ZC205,20220218,20220218,134336000,13:43:36,805.6,7323,18163,578663460,2,-2,158040
ZC205,20220218,20220218,134351000,13:44:04,805.4,7324,18164,578742480,1,1,79020
ZC205,20220218,20220218,134359000,13:44:04,805.4,7325,18165,578821500,1,1,79019
ZC205,20220218,20220218,134405000,13:44:05,805.8,7326,18166,578900520,1,1,79020
ZC205,20220218,20220218,134433000,13:44:37,805.8,7326,18166,578900520,0,0,0
ZC205,20220218,20220218,134448000,13:44:48,805.8,7326,18166,578900520,0,0,0
ZC205,20220218,20220218,134454500,13:44:55,805.8,7326,18166,578900520,0,0,0
ZC205,20220218,20220218,134455000,13:44:55,805.8,7326,18166,578900520,0,0,0
ZC205,20220218,20220218,134500000,13:45:00,804.8,7328,18166,579058560,2,0,158040
ZC205,20220218,20220218,134503000,13:45:03,804.8,7328,18166,579058560,0,0,0
ZC205,20220218,20220218,134509000,13:45:10,804.6,7329,18166,579137580,1,0,79020
ZC205,20220218,20220218,134509500,13:45:10,805.4,7331,18166,579442240,2,0,304659
ZC205,20220218,20220218,134510000,13:45:10,805.4,7331,18166,579442240,0,0,0
ZC205,20220218,20220218,134515000,13:45:17,805.4,7331,18166,579442240,0,0,0
ZC205,20220218,20220218,134516000,13:45:17,805.4,7331,18166,579442240,0,0,0
ZC205,20220218,20220218,134522000,13:45:24,805.4,7332,18167,579521280,1,1,79040
ZC205,20220218,20220218,134525500,13:45:27,803.2,7334,18167,579679360,2,0,158079
ZC205,20220218,20220218,134526000,13:45:27,803.2,7334,18167,579679360,0,0,0
ZC205,20220218,20220218,134535500,13:45:35,803.2,7334,18167,579679360,0,0,0
ZC205,20220218,20220218,134536000,13:45:36,803.2,7334,18167,579679360,0,0,0
ZC205,20220218,20220218,134537000,13:45:37,803.2,7334,18167,579679360,0,0,0
ZC205,20220218,20220218,134540500,13:45:40,804,7335,18168,579758400,1,1,79040
ZC205,20220218,20220218,134541000,13:45:41,804,7335,18168,579758400,0,0,0
ZC205,20220218,20220218,134541500,13:45:42,804.8,7336,18169,579837440,1,1,79039
ZC205,20220218,20220218,134545500,13:45:46,805.6,7337,18169,579916480,1,0,79040
ZC205,20220218,20220218,134547000,13:45:47,805.8,7338,18169,579995520,1,0,79040
ZC205,20220218,20220218,134547500,13:45:47,805.8,7338,18169,579995520,0,0,0
ZC205,20220218,20220218,134548000,13:45:48,805.8,7338,18169,579995520,0,0,0
ZC205,20220218,20220218,134552500,13:45:54,805.8,7338,18169,579995520,0,0,0
ZC205,20220218,20220218,134604000,13:46:05,805.8,7338,18169,579995520,0,0,0
ZC205,20220218,20220218,134604500,13:46:05,805.8,7339,18170,580074560,1,1,79039
ZC205,20220218,20220218,134605000,13:46:05,805.8,7339,18170,580074560,0,0,0
ZC205,20220218,20220218,134616500,13:46:18,805.8,7339,18170,580074560,0,0,0
ZC205,20220218,20220218,134622000,13:46:30,805.8,7339,18170,580074560,0,0,0
ZC205,20220218,20220218,134634000,13:46:34,805.8,7339,18170,580074560,0,0,0
ZC205,20220218,20220218,134635000,13:46:35,805.8,7339,18170,580074560,0,0,0
ZC205,20220218,20220218,134636000,13:46:37,803.4,7340,18170,580153600,1,0,79040
ZC205,20220218,20220218,134637500,13:46:38,803.4,7340,18170,580153600,0,0,0
ZC205,20220218,20220218,134649500,13:46:50,805,7341,18170,580232640,1,0,79039
ZC205,20220218,20220218,134704500,13:47:05,805,7341,18170,580232640,0,0,0
ZC205,20220218,20220218,134723000,13:47:26,805.2,7343,18168,580390720,2,-2,158080
ZC205,20220218,20220218,134728500,13:47:28,805.2,7345,18166,580548800,2,-2,158080
ZC205,20220218,20220218,134731500,13:47:31,805.2,7347,18165,580706880,2,-1,158080
ZC205,20220218,20220218,134739000,13:47:39,806,7361,18165,581813440,14,0,1106559
ZC205,20220218,20220218,134743000,13:47:43,806,7371,18165,582603840,10,0,790400
ZC205,20220218,20220218,134753000,13:47:53,806,7371,18165,582603840,0,0,0
ZC205,20220218,20220218,134755500,13:47:55,806,7371,18165,582603840,0,0,0
ZC205,20220218,20220218,134818000,13:48:19,803.2,7374,18165,582840960,3,0,237120
ZC205,20220218,20220218,134818500,13:48:20,805.6,7375,18165,582920000,1,0,79040
ZC205,20220218,20220218,134821500,13:48:23,805.6,7375,18165,582920000,0,0,0
ZC205,20220218,20220218,134831000,13:48:32,805.8,7376,18165,582999040,1,0,79039
ZC205,20220218,20220218,134831500,13:48:32,805.8,7376,18165,582999040,0,0,0
ZC205,20220218,20220218,134834500,13:48:36,805.8,7377,18165,583078080,1,0,79040
ZC205,20220218,20220218,134836000,13:48:37,803.4,7378,18165,583157120,1,0,79040
ZC205,20220218,20220218,134836500,13:48:37,803.4,7378,18165,583157120,0,0,0
ZC205,20220218,20220218,134837000,13:48:37,803.4,7379,18165,583236160,1,0,79039
ZC205,20220218,20220218,134844500,13:48:44,805.8,7383,18165,583552320,4,0,316160
ZC205,20220218,20220218,134850000,13:48:50,805.8,7384,18166,583631360,1,1,79039
ZC205,20220218,20220218,134854000,13:48:55,805.8,7385,18166,583710400,1,0,79040
ZC205,20220218,20220218,134855000,13:48:56,805.8,7386,18166,583789440,1,0,79039
ZC205,20220218,20220218,134900500,13:49:00,805.8,7387,18167,583868480,1,1,79040
ZC205,20220218,20220218,134901000,13:49:01,805.8,7388,18168,583947520,1,1,79040
ZC205,20220218,20220218,134910500,13:49:10,805.8,7388,18168,583947520,0,0,0
ZC205,20220218,20220218,134912500,13:49:13,805.8,7389,18169,584026560,1,1,79039
ZC205,20220218,20220218,134913000,13:49:13,805.8,7389,18169,584026560,0,0,0
ZC205,20220218,20220218,134914000,13:49:14,803.4,7390,18169,584105600,1,0,79040
ZC205,20220218,20220218,134914500,13:49:14,803.4,7390,18169,584105600,0,0,0
ZC205,20220218,20220218,134923000,13:49:24,803.4,7390,18169,584105600,0,0,0
ZC205,20220218,20220218,134923500,13:49:24,803.4,7390,18169,584105600,0,0,0
ZC205,20220218,20220218,134930500,13:49:31,803.4,7390,18169,584105600,0,0,0
ZC205,20220218,20220218,134956000,13:49:56,803.2,7391,18169,584184640,1,0,79039
ZC205,20220218,20220218,134956500,13:49:57,803.2,7392,18169,584263680,1,0,79040
ZC205,20220218,20220218,135002000,13:50:02,803.2,7393,18169,584342720,1,0,79040
ZC205,20220218,20220218,135003000,13:50:03,803.2,7394,18170,584421760,1,1,79039
ZC205,20220218,20220218,135004000,13:50:04,803.2,7395,18170,584500800,1,0,79040
ZC205,20220218,20220218,135006000,13:50:06,803.4,7396,18170,584579840,1,0,79039
ZC205,20220218,20220218,135006500,13:50:07,803.4,7396,18170,584579840,0,0,0
ZC205,20220218,20220218,135025000,13:50:26,806,7403,18170,585133120,7,0,553280
ZC205,20220218,20220218,135026000,13:50:28,806,7405,18172,585291200,2,2,158080
ZC205,20220218,20220218,135028500,13:50:35,806,7406,18173,585370240,1,1,79039
ZC205,20220218,20220218,135033000,13:50:37,806,7406,18173,585370240,0,0,0
ZC205,20220218,20220218,135036000,13:50:38,806,7406,18173,585370240,0,0,0
ZC205,20220218,20220218,135044000,13:50:45,805.6,7407,18173,585449280,1,0,79040
ZC205,20220218,20220218,135044500,13:50:45,805.4,7408,18172,585528320,1,-1,79040
ZC205,20220218,20220218,135047500,13:50:48,805.6,7411,18169,585765440,3,-3,237119
ZC205,20220218,20220218,135053000,13:50:53,805.6,7411,18169,585765440,0,0,0
ZC205,20220218,20220218,135118000,13:51:21,805.6,7413,18168,585923520,2,-1,158080
ZC205,20220218,20220218,135121000,13:51:21,805.6,7413,18168,585923520,0,0,0
ZC205,20220218,20220218,135125500,13:51:26,805.6,7414,18168,586002560,1,0,79039
ZC205,20220218,20220218,135132000,13:51:32,805.6,7414,18168,586002560,0,0,0
ZC205,20220218,20220218,135137500,13:51:38,805.6,7414,18168,586002560,0,0,0
ZC205,20220218,20220218,135152000,13:51:52,805,7415,18168,586081600,1,0,79040
ZC205,20220218,20220218,135156500,13:51:57,805,7415,18168,586081600,0,0,0
ZC205,20220218,20220218,135158000,13:51:58,805,7415,18168,586081600,0,0,0
ZC205,20220218,20220218,135201000,13:52:01,805,7415,18168,586081600,0,0,0
ZC205,20220218,20220218,135202000,13:52:03,805,7415,18168,586081600,0,0,0
ZC205,20220218,20220218,135202500,13:52:03,805,7415,18168,586081600,0,0,0
ZC205,20220218,20220218,135206000,13:52:06,803.6,7416,18169,586160640,1,1,79039
ZC205,20220218,20220218,135207500,13:52:10,803.6,7416,18169,586160640,0,0,0
ZC205,20220218,20220218,135208000,13:52:10,803.6,7416,18169,586160640,0,0,0
ZC205,20220218,20220218,135208500,13:52:10,803.6,7416,18169,586160640,0,0,0
ZC205,20220218,20220218,135210500,13:52:11,805.2,7417,18170,586239680,1,1,79040
ZC205,20220218,20220218,135214000,13:52:14,805.2,7418,18170,586318720,1,0,79040
ZC205,20220218,20220218,135214500,13:52:15,805.2,7419,18171,586397760,1,1,79039
ZC205,20220218,20220218,135218500,13:52:20,805.2,7419,18171,586397760,0,0,0
ZC205,20220218,20220218,135242500,13:52:45,805.2,7421,18171,586555840,2,0,158080
ZC205,20220218,20220218,135249000,13:52:49,805,7422,18171,586634880,1,0,79040
ZC205,20220218,20220218,135253500,13:52:54,805,7422,18171,586634880,0,0,0
ZC205,20220218,20220218,135257000,13:52:57,803.2,7423,18172,586713920,1,1,79040
ZC205,20220218,20220218,135305000,13:53:06,803.2,7424,18172,586792960,1,0,79039
ZC205,20220218,20220218,135314000,13:53:14,803.2,7424,18172,586792960,0,0,0
ZC205,20220218,20220218,135326000,13:53:26,803.2,7424,18172,586792960,0,0,0
ZC205,20220218,20220218,135330000,13:53:30,803.2,7424,18172,586792960,0,0,0
ZC205,20220218,20220218,135332000,13:53:32,803.2,7424,18172,586792960,0,0,0
ZC205,20220218,20220218,135343500,13:53:45,803.2,7424,18172,586792960,0,0,0
ZC205,20220218,20220218,135354500,13:53:55,803.2,7424,18172,586792960,0,0,0
ZC205,20220218,20220218,135356000,13:53:56,803.4,7425,18172,586872000,1,0,79040
ZC205,20220218,20220218,135358500,13:54:00,803.4,7425,18172,586872000,0,0,0
ZC205,20220218,20220218,135410000,13:54:10,803.4,7425,18172,586872000,0,0,0
ZC205,20220218,20220218,135413500,13:54:14,803.4,7425,18172,586872000,0,0,0
ZC205,20220218,20220218,135426000,13:54:26,803.4,7427,18171,587030080,2,-1,158080
ZC205,20220218,20220218,135427500,13:54:30,804.2,7428,18170,587109120,1,-1,79040
ZC205,20220218,20220218,135429000,13:54:31,804.2,7428,18170,587109120,0,0,0
ZC205,20220218,20220218,135455000,13:54:55,804.2,7428,18170,587109120,0,0,0
ZC205,20220218,20220218,135505500,13:55:06,804.2,7428,18170,587109120,0,0,0
ZC205,20220218,20220218,135525000,13:55:26,804.2,7428,18170,587109120,0,0,0
ZC205,20220218,20220218,135530000,13:55:30,803.2,7429,18171,587188160,1,1,79039
ZC205,20220218,20220218,135537000,13:55:37,803.2,7429,18171,587188160,0,0,0
ZC205,20220218,20220218,135537500,13:55:37,803.2,7429,18171,587188160,0,0,0
ZC205,20220218,20220218,135538000,13:55:38,803.2,7430,18171,587415800,1,0,227640
ZC205,20220218,20220218,135541500,13:55:41,803.2,7430,18171,587415800,0,0,0
ZC205,20220218,20220218,135549500,13:55:50,803.2,7430,18171,587415800,0,0,0
ZC205,20220218,20220218,135553000,13:55:53,803.2,7431,18171,587494860,1,0,79060
ZC205,20220218,20220218,135555000,13:55:55,803.4,7432,18170,587573920,1,-1,79060
ZC205,20220218,20220218,135559000,13:55:59,803.2,7433,18170,587652980,1,0,79060
ZC205,20220218,20220218,135600000,13:56:00,803.2,7433,18170,587652980,0,0,0
ZC205,20220218,20220218,135608500,13:56:23,803.2,7436,18173,587890160,3,3,237180
ZC205,20220218,20220218,135624500,13:56:24,803.2,7441,18173,588285460,5,0,395300
ZC205,20220218,20220218,135628500,13:56:35,803.4,7442,18174,588364520,1,1,79060
ZC205,20220218,20220218,135638500,13:56:39,803.4,7443,18175,588443580,1,1,79060
ZC205,20220218,20220218,135641500,13:56:42,803.4,7446,18178,588680760,3,3,237180
ZC205,20220218,20220218,135648500,13:56:50,803.4,7448,18180,588838880,2,2,158120
ZC205,20220218,20220218,135655500,13:56:55,803.4,7448,18180,588838880,0,0,0
ZC205,20220218,20220218,135700000,13:57:01,800.6,7508,18169,593582480,60,-11,4743600
ZC205,20220218,20220218,135700500,13:57:01,800.4,7511,18169,593819660,3,0,237180
ZC205,20220218,20220218,135701000,13:57:02,800.4,7511,18169,593819660,0,0,0
ZC205,20220218,20220218,135704000,13:57:04,800.4,7511,18169,593819660,0,0,0
