ag2205,20220218,20220218,112003000,11:20:04,4888,27181,26540,1985940975,27181,563,1985940975
ag2205,20220218,20220218,112006500,11:20:10,4888,27181,26540,1985940975,0,0,0
ag2205,20220218,20220218,112010000,11:20:10,4888,27181,26540,1985940975,0,0,0
ag2205,20220218,20220218,112012500,11:20:12,4888,27181,26540,1985940975,0,0,0
ag2205,20220218,20220218,112013000,11:20:13,4888,27181,26540,1985940975,0,0,0
ag2205,20220218,20220218,112016500,11:20:16,4888,27181,26540,1985940975,0,0,0
ag2205,20220218,20220218,112017000,11:20:17,4888,27181,26540,1985940975,0,0,0
ag2205,20220218,20220218,112017500,11:20:17,4888,27181,26540,1985940975,0,0,0
ag2205,20220218,20220218,112018000,11:20:18,4888,27181,26540,1985940975,0,0,0
ag2205,20220218,20220218,112018500,11:20:18,4888,27181,26540,1985940975,0,0,0
ag2205,20220218,20220218,112019000,11:20:19,4888,27181,26540,1985940975,0,0,0
ag2205,20220218,20220218,112019500,11:20:20,4888,27181,26540,1985940975,0,0,0
ag2205,20220218,20220218,112020000,11:20:20,4888,27181,26540,1985940975,0,0,0
ag2205,20220218,20220218,112020500,11:20:20,4888,27181,26540,1985940975,0,0,0
ag2205,20220218,20220218,112021000,11:20:21,4888,27181,26540,1985940975,0,0,0
ag2205,20220218,20220218,112021500,11:20:21,4888,27181,26540,1985940975,0,0,0
ag2205,20220218,20220218,112022000,11:20:22,4888,27181,26540,1985940975,0,0,0
ag2205,20220218,20220218,112022500,11:20:23,4888,27181,26540,1985940975,0,0,0
ag2205,20220218,20220218,112024000,11:20:24,4887,27182,26540,1986014280,1,0,73305
ag2205,20220218,20220218,112024500,11:20:24,4887,27183,26540,1986087585,1,0,73305
ag2205,20220218,20220218,112025000,11:20:25,4887,27183,26540,1986087585,0,0,0
ag2205,20220218,20220218,112025500,11:20:25,4887,27183,26540,1986087585,0,0,0
ag2205,20220218,20220218,112026000,11:20:26,4887,27183,26540,1986087585,0,0,0
ag2205,20220218,20220218,112027500,11:20:28,4887,27183,26540,1986087585,0,0,0
ag2205,20220218,20220218,112028000,11:20:28,4887,27183,26540,1986087585,0,0,0
ag2205,20220218,20220218,112028500,11:20:28,4887,27183,26540,1986087585,0,0,0
ag2205,20220218,20220218,112029000,11:20:29,4887,27183,26540,1986087585,0,0,0
ag2205,20220218,20220218,112029500,11:20:30,4887,27183,26540,1986087585,0,0,0
ag2205,20220218,20220218,112030000,11:20:31,4887,27183,26540,1986087585,0,0,0
ag2205,20220218,20220218,112030500,11:20:31,4887,27183,26540,1986087585,0,0,0
ag2205,20220218,20220218,112032000,11:20:32,4887,27183,26540,1986087585,0,0,0
ag2205,20220218,20220218,112032500,11:20:32,4887,27186,26538,1986307500,3,-2,219915
ag2205,20220218,20220218,112033000,11:20:33,4887,27188,26538,1986454110,2,0,146610
ag2205,20220218,20220218,112033500,11:20:33,4887,27188,26538,1986454110,0,0,0
ag2205,20220218,20220218,112034000,11:20:34,4887,27188,26538,1986454110,0,0,0
ag2205,20220218,20220218,112034500,11:20:35,4887,27188,26538,1986454110,0,0,0
ag2205,20220218,20220218,112035000,11:20:35,4887,27188,26538,1986454110,0,0,0
ag2205,20220218,20220218,112035500,11:20:35,4887,27188,26538,1986454110,0,0,0
ag2205,20220218,20220218,112036500,11:20:37,4887,27188,26538,1986454110,0,0,0
ag2205,20220218,20220218,112037000,11:20:37,4887,27188,26538,1986454110,0,0,0
ag2205,20220218,20220218,112037500,11:20:38,4887,27188,26538,1986454110,0,0,0
ag2205,20220218,20220218,112038500,11:20:38,4887,27188,26538,1986454110,0,0,0
ag2205,20220218,20220218,112040000,11:20:40,4887,27188,26538,1986454110,0,0,0
ag2205,20220218,20220218,112040500,11:20:41,4887,27188,26538,1986454110,0,0,0
ag2205,20220218,20220218,112041000,11:20:41,4887,27188,26538,1986454110,0,0,0
ag2205,20220218,20220218,112041500,11:20:41,4887,27188,26538,1986454110,0,0,0
ag2205,20220218,20220218,112042000,11:20:42,4887,27188,26538,1986454110,0,0,0
ag2205,20220218,20220218,112042500,11:20:42,4887,27188,26538,1986454110,0,0,0
ag2205,20220218,20220218,112043000,11:20:43,4887,27188,26538,1986454110,0,0,0
ag2205,20220218,20220218,112043500,11:20:44,4887,27188,26538,1986454110,0,0,0
ag2205,20220218,20220218,112044500,11:20:44,4887,27188,26538,1986454110,0,0,0
ag2205,20220218,20220218,112045000,11:20:45,4887,27188,26538,1986454110,0,0,0
ag2205,20220218,20220218,112045500,11:20:46,4887,27188,26538,1986454110,0,0,0
ag2205,20220218,20220218,112047500,11:20:48,4887,27188,26538,1986454110,0,0,0
ag2205,20220218,20220218,112048000,11:20:48,4887,27188,26538,1986454110,0,0,0
ag2205,20220218,20220218,112048500,11:20:49,4887,27189,26537,1986527415,1,-1,73305
ag2205,20220218,20220218,112049000,11:20:50,4887,27189,26537,1986527415,0,0,0
ag2205,20220218,20220218,112049500,11:20:50,4887,27189,26537,1986527415,0,0,0
ag2205,20220218,20220218,112050500,11:20:50,4887,27189,26537,1986527415,0,0,0
ag2205,20220218,20220218,112052000,11:20:52,4887,27189,26537,1986527415,0,0,0
ag2205,20220218,20220218,112055500,11:20:56,4887,27189,26537,1986527415,0,0,0
ag2205,20220218,20220218,112056500,11:20:56,4887,27189,26537,1986527415,0,0,0
ag2205,20220218,20220218,112057000,11:20:57,4887,27189,26537,1986527415,0,0,0
ag2205,20220218,20220218,112057500,11:20:58,4887,27189,26537,1986527415,0,0,0
ag2205,20220218,20220218,112058000,11:20:58,4887,27189,26537,1986527415,0,0,0
ag2205,20220218,20220218,112058500,11:20:59,4887,27189,26537,1986527415,0,0,0
ag2205,20220218,20220218,112059000,11:20:59,4887,27189,26537,1986527415,0,0,0
ag2205,20220218,20220218,112059500,11:21:00,4887,27189,26537,1986527415,0,0,0
ag2205,20220218,20220218,112100000,11:21:00,4887,27189,26537,1986527415,0,0,0
ag2205,20220218,20220218,112100500,11:21:01,4887,27189,26537,1986527415,0,0,0
ag2205,20220218,20220218,112101000,11:21:01,4887,27189,26537,1986527415,0,0,0
ag2205,20220218,20220218,112102500,11:21:03,4887,27189,26537,1986527415,0,0,0
ag2205,20220218,20220218,112103000,11:21:03,4887,27189,26537,1986527415,0,0,0
ag2205,20220218,20220218,112103500,11:21:03,4887,27189,26537,1986527415,0,0,0
ag2205,20220218,20220218,112104500,11:21:05,4887,27189,26537,1986527415,0,0,0
ag2205,20220218,20220218,112105000,11:21:05,4887,27189,26537,1986527415,0,0,0
ag2205,20220218,20220218,112105500,11:21:06,4887,27189,26537,1986527415,0,0,0
ag2205,20220218,20220218,112106000,11:21:07,4888,27194,26540,1986894015,5,3,366600
ag2205,20220218,20220218,112106500,11:21:07,4888,27194,26540,1986894015,0,0,0
ag2205,20220218,20220218,112107000,11:21:09,4888,27194,26540,1986894015,0,0,0
ag2205,20220218,20220218,112107500,11:21:10,4890,27201,26537,1987407375,7,-3,513360
ag2205,20220218,20220218,112108000,11:21:10,4890,27201,26537,1987407375,0,0,0
ag2205,20220218,20220218,112108500,11:21:10,4890,27201,26537,1987407375,0,0,0
ag2205,20220218,20220218,112110000,11:21:10,4890,27201,26537,1987407375,0,0,0
ag2205,20220218,20220218,112111000,11:21:11,4890,27201,26537,1987407375,0,0,0
ag2205,20220218,20220218,112111500,11:21:12,4890,27201,26537,1987407375,0,0,0
ag2205,20220218,20220218,112112000,11:21:12,4890,27201,26537,1987407375,0,0,0
ag2205,20220218,20220218,112112500,11:21:12,4890,27201,26537,1987407375,0,0,0
ag2205,20220218,20220218,112113000,11:21:13,4890,27201,26537,1987407375,0,0,0
ag2205,20220218,20220218,112114000,11:21:14,4890,27201,26537,1987407375,0,0,0
ag2205,20220218,20220218,112114500,11:21:14,4890,27201,26537,1987407375,0,0,0
ag2205,20220218,20220218,112115000,11:21:15,4890,27201,26537,1987407375,0,0,0
ag2205,20220218,20220218,112115500,11:21:15,4890,27201,26537,1987407375,0,0,0
ag2205,20220218,20220218,112116000,11:21:16,4889,27206,26537,1987774050,5,0,366675
ag2205,20220218,20220218,112116500,11:21:16,4889,27212,26536,1988214060,6,-1,440010
ag2205,20220218,20220218,112117000,11:21:17,4889,27212,26536,1988214060,0,0,0
ag2205,20220218,20220218,112117500,11:21:18,4889,27212,26536,1988214060,0,0,0
ag2205,20220218,20220218,112118000,11:21:18,4889,27213,26536,1988287395,1,0,73335
ag2205,20220218,20220218,112118500,11:21:18,4889,27214,26536,1988360730,1,0,73335
ag2205,20220218,20220218,112119500,11:21:19,4889,27221,26536,1988874075,7,0,513345
ag2205,20220218,20220218,112120500,11:21:21,4889,27221,26536,1988874075,0,0,0
ag2205,20220218,20220218,112121500,11:21:22,4889,27221,26536,1988874075,0,0,0
ag2205,20220218,20220218,112122000,11:21:22,4889,27221,26536,1988874075,0,0,0
ag2205,20220218,20220218,112124500,11:21:25,4889,27221,26536,1988874075,0,0,0
ag2205,20220218,20220218,112126000,11:23:32,4889,27221,26536,1988874075,0,0,0
ag2205,20220218,20220218,112126500,11:23:33,4889,27221,26536,1988874075,0,0,0
ag2205,20220218,20220218,112331500,11:23:33,4889,27221,26536,1988874075,0,0,0
ag2205,20220218,20220218,112333000,11:23:33,4889,27221,26536,1988874075,0,0,0
ag2205,20220218,20220218,112333500,11:23:33,4889,27221,26536,1988874075,0,0,0
ag2205,20220218,20220218,112335000,11:23:35,4889,27221,26536,1988874075,0,0,0
ag2205,20220218,20220218,112337000,11:23:38,4889,27221,26536,1988874075,0,0,0
ag2205,20220218,20220218,112338000,11:23:38,4889,27221,26536,1988874075,0,0,0
ag2205,20220218,20220218,112338500,11:23:38,4889,27221,26536,1988874075,0,0,0
ag2205,20220218,20220218,112339000,11:23:39,4889,27221,26536,1988874075,0,0,0
ag2205,20220218,20220218,112339500,11:23:39,4889,27221,26536,1988874075,0,0,0
ag2205,20220218,20220218,112340000,11:23:40,4889,27221,26536,1988874075,0,0,0
ag2205,20220218,20220218,112341500,11:23:42,4887,27321,26522,1996205160,100,-14,7331085
ag2205,20220218,20220218,112342000,11:23:42,4887,27321,26522,1996205160,0,0,0
ag2205,20220218,20220218,112342500,11:23:42,4887,27321,26522,1996205160,0,0,0
ag2205,20220218,20220218,112343000,11:23:43,4887,27321,26522,1996205160,0,0,0
ag2205,20220218,20220218,112343500,11:23:43,4887,27321,26522,1996205160,0,0,0
ag2205,20220218,20220218,112344000,11:23:45,4887,27321,26522,1996205160,0,0,0
ag2205,20220218,20220218,112344500,11:23:48,4887,27321,26522,1996205160,0,0,0
ag2205,20220218,20220218,112345000,11:23:48,4887,27322,26522,1996278465,1,0,73305
ag2205,20220218,20220218,112345500,11:23:48,4887,27322,26522,1996278465,0,0,0
ag2205,20220218,20220218,112346000,11:23:48,4887,27322,26522,1996278465,0,0,0
ag2205,20220218,20220218,112347500,11:23:48,4887,27322,26522,1996278465,0,0,0
ag2205,20220218,20220218,112352500,11:23:52,4887,27322,26522,1996278465,0,0,0
ag2205,20220218,20220218,112353000,11:23:53,4887,27322,26522,1996278465,0,0,0
ag2205,20220218,20220218,112353500,11:23:53,4887,27322,26522,1996278465,0,0,0
ag2205,20220218,20220218,112354000,11:23:54,4887,27322,26522,1996278465,0,0,0
ag2205,20220218,20220218,112354500,11:23:55,4887,27322,26522,1996278465,0,0,0
ag2205,20220218,20220218,112355000,11:23:55,4887,27322,26522,1996278465,0,0,0
ag2205,20220218,20220218,112356500,11:23:56,4887,27322,26522,1996278465,0,0,0
ag2205,20220218,20220218,112357000,11:23:57,4887,27322,26522,1996278465,0,0,0
ag2205,20220218,20220218,112357500,11:23:57,4887,27325,26520,1996498380,3,-2,219915
ag2205,20220218,20220218,112358000,11:23:58,4887,27326,26520,1996571685,1,0,73305
ag2205,20220218,20220218,112358500,11:23:58,4887,27326,26520,1996571685,0,0,0
ag2205,20220218,20220218,112359000,11:23:59,4887,27326,26520,1996571685,0,0,0
ag2205,20220218,20220218,112359500,11:23:59,4887,27326,26520,1996571685,0,0,0
ag2205,20220218,20220218,112400000,11:24:00,4887,27326,26520,1996571685,0,0,0
ag2205,20220218,20220218,112401000,11:24:01,4887,27326,26520,1996571685,0,0,0
ag2205,20220218,20220218,112401500,11:24:01,4887,27326,26520,1996571685,0,0,0
ag2205,20220218,20220218,112402000,11:24:02,4887,27326,26520,1996571685,0,0,0
ag2205,20220218,20220218,112402500,11:24:02,4887,27326,26520,1996571685,0,0,0
ag2205,20220218,20220218,112403000,11:24:03,4887,27326,26520,1996571685,0,0,0
ag2205,20220218,20220218,112403500,11:24:03,4887,27326,26520,1996571685,0,0,0
ag2205,20220218,20220218,112404000,11:24:04,4887,27326,26520,1996571685,0,0,0
ag2205,20220218,20220218,112405000,11:24:05,4887,27326,26520,1996571685,0,0,0
ag2205,20220218,20220218,112405500,11:24:05,4887,27326,26520,1996571685,0,0,0
ag2205,20220218,20220218,112406500,11:24:06,4887,27326,26520,1996571685,0,0,0
ag2205,20220218,20220218,112407000,11:24:07,4887,27326,26520,1996571685,0,0,0
ag2205,20220218,20220218,112407500,11:24:08,4887,27326,26520,1996571685,0,0,0
ag2205,20220218,20220218,112408000,11:24:08,4887,27326,26520,1996571685,0,0,0
ag2205,20220218,20220218,112408500,11:24:08,4887,27326,26520,1996571685,0,0,0
ag2205,20220218,20220218,112414000,11:24:14,4887,27327,26519,1996644990,1,-1,73305
ag2205,20220218,20220218,112414500,11:24:14,4887,27327,26519,1996644990,0,0,0
ag2205,20220218,20220218,112415000,11:24:15,4887,27327,26519,1996644990,0,0,0
ag2205,20220218,20220218,112415500,11:24:15,4887,27327,26519,1996644990,0,0,0
ag2205,20220218,20220218,112418500,11:24:19,4887,27327,26519,1996644990,0,0,0
ag2205,20220218,20220218,112420500,11:24:20,4887,27327,26519,1996644990,0,0,0
ag2205,20220218,20220218,112425000,11:24:25,4887,27327,26519,1996644990,0,0,0
ag2205,20220218,20220218,112425500,11:24:25,4887,27327,26519,1996644990,0,0,0
ag2205,20220218,20220218,112430500,11:24:30,4887,27327,26519,1996644990,0,0,0
ag2205,20220218,20220218,112431000,11:24:31,4887,27327,26519,1996644990,0,0,0
ag2205,20220218,20220218,112432000,11:24:32,4887,27327,26519,1996644990,0,0,0
ag2205,20220218,20220218,112433500,11:24:33,4887,27327,26519,1996644990,0,0,0
ag2205,20220218,20220218,112437000,11:24:37,4887,27327,26519,1996644990,0,0,0
ag2205,20220218,20220218,112442000,11:24:42,4887,27327,26519,1996644990,0,0,0
ag2205,20220218,20220218,112442500,11:24:42,4887,27327,26519,1996644990,0,0,0
ag2205,20220218,20220218,112443000,11:24:43,4887,27327,26519,1996644990,0,0,0
ag2205,20220218,20220218,112443500,11:24:43,4887,27327,26519,1996644990,0,0,0
ag2205,20220218,20220218,112446500,11:24:46,4887,27327,26519,1996644990,0,0,0
ag2205,20220218,20220218,112449000,11:24:49,4887,27327,26519,1996644990,0,0,0
ag2205,20220218,20220218,112454500,11:24:54,4887,27327,26519,1996644990,0,0,0
ag2205,20220218,20220218,112459500,11:24:59,4887,27327,26519,1996644990,0,0,0
ag2205,20220218,20220218,112503000,11:25:06,4887,27327,26519,1996644990,0,0,0
ag2205,20220218,20220218,112503500,11:25:06,4887,27327,26519,1996644990,0,0,0
ag2205,20220218,20220218,112506500,11:25:07,4887,27327,26519,1996644990,0,0,0
ag2205,20220218,20220218,112507000,11:25:07,4887,27327,26519,1996644990,0,0,0
ag2205,20220218,20220218,112508000,11:25:08,4887,27327,26519,1996644990,0,0,0
ag2205,20220218,20220218,112509500,11:25:09,4887,27327,26519,1996644990,0,0,0
ag2205,20220218,20220218,112512500,11:25:12,4887,27327,26519,1996644990,0,0,0
ag2205,20220218,20220218,112518500,11:25:19,4887,27327,26519,1996644990,0,0,0
ag2205,20220218,20220218,112526000,11:25:26,4887,27327,26519,1996644990,0,0,0
ag2205,20220218,20220218,112527500,11:25:28,4887,27327,26519,1996644990,0,0,0
ag2205,20220218,20220218,112528000,11:25:28,4887,27327,26519,1996644990,0,0,0
ag2205,20220218,20220218,112529000,11:25:29,4887,27327,26519,1996644990,0,0,0
ag2205,20220218,20220218,112529500,11:25:30,4887,27327,26519,1996644990,0,0,0
ag2205,20220218,20220218,112530000,11:25:30,4887,27327,26519,1996644990,0,0,0
ag2205,20220218,20220218,112530500,11:25:31,4887,27327,26519,1996644990,0,0,0
ag2205,20220218,20220218,112538500,11:25:39,4887,27327,26519,1996644990,0,0,0
ag2205,20220218,20220218,112539000,11:25:39,4887,27329,26519,1996791600,2,0,146610
ag2205,20220218,20220218,112539500,11:25:40,4887,27330,26518,1996864905,1,-1,73305
ag2205,20220218,20220218,112540000,11:25:40,4887,27330,26518,1996864905,0,0,0
ag2205,20220218,20220218,112540500,11:25:40,4887,27330,26518,1996864905,0,0,0
ag2205,20220218,20220218,112541000,11:25:41,4887,27330,26518,1996864905,0,0,0
ag2205,20220218,20220218,112541500,11:25:41,4887,27330,26518,1996864905,0,0,0
ag2205,20220218,20220218,112542000,11:25:42,4887,27330,26518,1996864905,0,0,0
ag2205,20220218,20220218,112542500,11:25:42,4887,27330,26518,1996864905,0,0,0
ag2205,20220218,20220218,112543000,11:25:43,4887,27330,26518,1996864905,0,0,0
ag2205,20220218,20220218,112543500,11:25:43,4887,27330,26518,1996864905,0,0,0
ag2205,20220218,20220218,112544000,11:25:44,4887,27330,26518,1996864905,0,0,0
ag2205,20220218,20220218,112544500,11:25:44,4887,27330,26518,1996864905,0,0,0
ag2205,20220218,20220218,112545500,11:25:46,4887,27330,26518,1996864905,0,0,0
ag2205,20220218,20220218,112546000,11:25:46,4887,27330,26518,1996864905,0,0,0
ag2205,20220218,20220218,112546500,11:25:47,4887,27330,26518,1996864905,0,0,0
ag2205,20220218,20220218,112547000,11:25:48,4887,27330,26518,1996864905,0,0,0
ag2205,20220218,20220218,112547500,11:25:48,4887,27330,26518,1996864905,0,0,0
ag2205,20220218,20220218,112548000,11:25:48,4887,27330,26518,1996864905,0,0,0
ag2205,20220218,20220218,112548500,11:25:48,4887,27330,26518,1996864905,0,0,0
ag2205,20220218,20220218,112549000,11:25:49,4887,27330,26518,1996864905,0,0,0
ag2205,20220218,20220218,112549500,11:25:49,4887,27330,26518,1996864905,0,0,0
ag2205,20220218,20220218,112550000,11:25:50,4887,27330,26518,1996864905,0,0,0
ag2205,20220218,20220218,112550500,11:25:50,4887,27330,26518,1996864905,0,0,0
ag2205,20220218,20220218,112551000,11:25:51,4887,27330,26518,1996864905,0,0,0
ag2205,20220218,20220218,112551500,11:25:51,4887,27330,26518,1996864905,0,0,0
ag2205,20220218,20220218,112553000,11:25:53,4887,27330,26518,1996864905,0,0,0
ag2205,20220218,20220218,112557500,11:25:57,4887,27336,26524,1997304735,6,6,439830
ag2205,20220218,20220218,112558000,11:25:59,4887,27336,26524,1997304735,0,0,0
ag2205,20220218,20220218,112558500,11:25:59,4887,27336,26524,1997304735,0,0,0
ag2205,20220218,20220218,112601000,11:26:01,4887,27336,26524,1997304735,0,0,0
ag2205,20220218,20220218,112602500,11:26:03,4887,27336,26524,1997304735,0,0,0
ag2205,20220218,20220218,112605000,11:26:05,4887,27336,26524,1997304735,0,0,0
ag2205,20220218,20220218,112606000,11:26:06,4887,27336,26524,1997304735,0,0,0
ag2205,20220218,20220218,112606500,11:26:06,4887,27336,26524,1997304735,0,0,0
ag2205,20220218,20220218,112607000,11:26:09,4887,27336,26524,1997304735,0,0,0
ag2205,20220218,20220218,112609500,11:26:10,4887,27336,26524,1997304735,0,0,0
ag2205,20220218,20220218,112610000,11:26:10,4887,27336,26524,1997304735,0,0,0
ag2205,20220218,20220218,112610500,11:26:10,4887,27336,26524,1997304735,0,0,0
ag2205,20220218,20220218,112613000,11:26:15,4887,27337,26525,1997378040,1,1,73305
ag2205,20220218,20220218,112614000,11:26:15,4887,27337,26525,1997378040,0,0,0
ag2205,20220218,20220218,112614500,11:26:15,4887,27337,26525,1997378040,0,0,0
ag2205,20220218,20220218,112615000,11:26:16,4887,27337,26525,1997378040,0,0,0
ag2205,20220218,20220218,112616500,11:26:16,4887,27337,26525,1997378040,0,0,0
ag2205,20220218,20220218,112617000,11:26:17,4887,27337,26525,1997378040,0,0,0
ag2205,20220218,20220218,112617500,11:26:17,4887,27337,26525,1997378040,0,0,0
ag2205,20220218,20220218,112618000,11:26:18,4887,27337,26525,1997378040,0,0,0
ag2205,20220218,20220218,112618500,11:26:18,4887,27337,26525,1997378040,0,0,0
ag2205,20220218,20220218,112619000,11:26:19,4887,27337,26525,1997378040,0,0,0
ag2205,20220218,20220218,112619500,11:26:20,4887,27337,26525,1997378040,0,0,0
ag2205,20220218,20220218,112620000,11:26:20,4887,27337,26525,1997378040,0,0,0
ag2205,20220218,20220218,112620500,11:26:20,4887,27337,26525,1997378040,0,0,0
ag2205,20220218,20220218,112621000,11:26:21,4887,27337,26525,1997378040,0,0,0
ag2205,20220218,20220218,112621500,11:26:21,4887,27337,26525,1997378040,0,0,0
ag2205,20220218,20220218,112622000,11:26:22,4887,27337,26525,1997378040,0,0,0
ag2205,20220218,20220218,112622500,11:26:22,4887,27337,26525,1997378040,0,0,0
ag2205,20220218,20220218,112623000,11:26:23,4887,27337,26525,1997378040,0,0,0
ag2205,20220218,20220218,112623500,11:26:23,4887,27337,26525,1997378040,0,0,0
ag2205,20220218,20220218,112624000,11:26:24,4887,27337,26525,1997378040,0,0,0
ag2205,20220218,20220218,112625500,11:26:25,4887,27337,26525,1997378040,0,0,0
ag2205,20220218,20220218,112626500,11:26:26,4887,27337,26525,1997378040,0,0,0
ag2205,20220218,20220218,112628500,11:26:28,4887,27337,26525,1997378040,0,0,0
ag2205,20220218,20220218,112630500,11:26:31,4887,27337,26525,1997378040,0,0,0
ag2205,20220218,20220218,112631500,11:26:32,4887,27337,26525,1997378040,0,0,0
ag2205,20220218,20220218,112632000,11:26:32,4887,27337,26525,1997378040,0,0,0
ag2205,20220218,20220218,112632500,11:26:32,4887,27337,26525,1997378040,0,0,0
ag2205,20220218,20220218,112635000,11:26:37,4887,27337,26525,1997378040,0,0,0
ag2205,20220218,20220218,112636000,11:26:38,4887,27337,26525,1997378040,0,0,0
ag2205,20220218,20220218,112638000,11:27:10,4887,27337,26525,1997378040,0,0,0
ag2205,20220218,20220218,112651500,11:27:10,4887,27337,26525,1997378040,0,0,0
ag2205,20220218,20220218,112709500,11:27:12,4887,27337,26525,1997378040,0,0,0
ag2205,20220218,20220218,112712000,11:27:12,4887,27337,26525,1997378040,0,0,0
ag2205,20220218,20220218,112713000,11:27:13,4887,27337,26525,1997378040,0,0,0
ag2205,20220218,20220218,112715000,11:27:15,4887,27337,26525,1997378040,0,0,0
ag2205,20220218,20220218,112719500,11:27:20,4887,27337,26525,1997378040,0,0,0
ag2205,20220218,20220218,112721000,11:27:21,4887,27337,26525,1997378040,0,0,0
ag2205,20220218,20220218,112722000,11:27:22,4887,27337,26525,1997378040,0,0,0
ag2205,20220218,20220218,112722500,11:27:22,4887,27337,26525,1997378040,0,0,0
ag2205,20220218,20220218,112723000,11:27:26,4887,27337,26525,1997378040,0,0,0
ag2205,20220218,20220218,112723500,11:27:27,4887,27337,26525,1997378040,0,0,0
ag2205,20220218,20220218,112725500,11:27:27,4887,27337,26525,1997378040,0,0,0
ag2205,20220218,20220218,112728000,11:27:28,4887,27337,26525,1997378040,0,0,0
ag2205,20220218,20220218,112731000,11:27:32,4887,27337,26525,1997378040,0,0,0
ag2205,20220218,20220218,112732000,11:27:35,4887,27337,26525,1997378040,0,0,0
ag2205,20220218,20220218,112732500,11:27:36,4887,27337,26525,1997378040,0,0,0
ag2205,20220218,20220218,112734000,11:27:36,4887,27337,26525,1997378040,0,0,0
ag2205,20220218,20220218,112737500,11:27:38,4887,27337,26525,1997378040,0,0,0
ag2205,20220218,20220218,112738000,11:27:38,4887,27337,26525,1997378040,0,0,0
ag2205,20220218,20220218,112738500,11:27:39,4887,27337,26525,1997378040,0,0,0
ag2205,20220218,20220218,112739000,11:27:39,4887,27337,26525,1997378040,0,0,0
ag2205,20220218,20220218,112739500,11:27:39,4887,27337,26525,1997378040,0,0,0
ag2205,20220218,20220218,112741500,11:27:41,4886,27343,26521,1997817795,6,-4,439755
ag2205,20220218,20220218,112742000,11:27:42,4886,27344,26520,1997891085,1,-1,73290
ag2205,20220218,20220218,112742500,11:27:43,4886,27344,26520,1997891085,0,0,0
ag2205,20220218,20220218,112743000,11:27:43,4886,27344,26520,1997891085,0,0,0
ag2205,20220218,20220218,112743500,11:27:43,4886,27344,26520,1997891085,0,0,0
ag2205,20220218,20220218,112744500,11:27:45,4886,27344,26520,1997891085,0,0,0
ag2205,20220218,20220218,112746500,11:27:47,4886,27344,26520,1997891085,0,0,0
ag2205,20220218,20220218,112747000,11:27:47,4886,27344,26520,1997891085,0,0,0
ag2205,20220218,20220218,112747500,11:27:47,4886,27344,26520,1997891085,0,0,0
ag2205,20220218,20220218,112748000,11:27:48,4886,27344,26520,1997891085,0,0,0
ag2205,20220218,20220218,112748500,11:27:54,4886,27344,26520,1997891085,0,0,0
ag2205,20220218,20220218,112749000,11:27:54,4886,27344,26520,1997891085,0,0,0
ag2205,20220218,20220218,112754000,11:27:54,4886,27344,26520,1997891085,0,0,0
ag2205,20220218,20220218,112754500,11:27:54,4886,27344,26520,1997891085,0,0,0
ag2205,20220218,20220218,112755000,11:27:55,4886,27344,26520,1997891085,0,0,0
ag2205,20220218,20220218,112755500,11:27:55,4886,27344,26520,1997891085,0,0,0
ag2205,20220218,20220218,112756500,11:27:56,4886,27344,26520,1997891085,0,0,0
ag2205,20220218,20220218,112757000,11:27:57,4886,27344,26520,1997891085,0,0,0
ag2205,20220218,20220218,112757500,11:27:57,4886,27344,26520,1997891085,0,0,0
ag2205,20220218,20220218,112758000,11:27:58,4886,27344,26520,1997891085,0,0,0
ag2205,20220218,20220218,112758500,11:27:59,4886,27344,26520,1997891085,0,0,0
ag2205,20220218,20220218,112759000,11:27:59,4886,27344,26520,1997891085,0,0,0
ag2205,20220218,20220218,112800500,11:28:01,4886,27344,26520,1997891085,0,0,0
ag2205,20220218,20220218,112801000,11:28:01,4886,27344,26520,1997891085,0,0,0
ag2205,20220218,20220218,112801500,11:28:02,4886,27344,26520,1997891085,0,0,0
ag2205,20220218,20220218,112802000,11:28:03,4887,27352,26513,1998477435,8,-7,586350
ag2205,20220218,20220218,112802500,11:28:03,4887,27352,26513,1998477435,0,0,0
ag2205,20220218,20220218,112803000,11:28:04,4887,27352,26513,1998477435,0,0,0
ag2205,20220218,20220218,112803500,11:28:04,4887,27352,26513,1998477435,0,0,0
ag2205,20220218,20220218,112804500,11:28:05,4887,27352,26513,1998477435,0,0,0
ag2205,20220218,20220218,112805000,11:28:06,4887,27352,26513,1998477435,0,0,0
ag2205,20220218,20220218,112810000,11:28:11,4887,27354,26514,1998624045,2,1,146610
ag2205,20220218,20220218,112810500,11:28:11,4887,27354,26514,1998624045,0,0,0
ag2205,20220218,20220218,112811000,11:28:12,4887,27354,26514,1998624045,0,0,0
ag2205,20220218,20220218,112812000,11:28:12,4887,27354,26514,1998624045,0,0,0
ag2205,20220218,20220218,112812500,11:28:13,4887,27354,26514,1998624045,0,0,0
ag2205,20220218,20220218,112815000,11:28:15,4887,27354,26514,1998624045,0,0,0
ag2205,20220218,20220218,112815500,11:28:15,4887,27354,26514,1998624045,0,0,0
ag2205,20220218,20220218,112816000,11:28:16,4887,27354,26514,1998624045,0,0,0
ag2205,20220218,20220218,112817000,11:28:17,4887,27354,26514,1998624045,0,0,0
ag2205,20220218,20220218,112817500,11:28:17,4887,27354,26514,1998624045,0,0,0
ag2205,20220218,20220218,112818000,11:28:18,4887,27354,26514,1998624045,0,0,0
ag2205,20220218,20220218,112818500,11:28:18,4887,27354,26514,1998624045,0,0,0
ag2205,20220218,20220218,112819000,11:28:19,4887,27354,26514,1998624045,0,0,0
ag2205,20220218,20220218,112820000,11:28:20,4887,27354,26514,1998624045,0,0,0
ag2205,20220218,20220218,112820500,11:28:20,4887,27354,26514,1998624045,0,0,0
ag2205,20220218,20220218,112821000,11:28:21,4887,27354,26514,1998624045,0,0,0
ag2205,20220218,20220218,112821500,11:28:21,4887,27354,26514,1998624045,0,0,0
ag2205,20220218,20220218,112822000,11:28:22,4887,27354,26514,1998624045,0,0,0
ag2205,20220218,20220218,112822500,11:28:22,4887,27354,26514,1998624045,0,0,0
ag2205,20220218,20220218,112823500,11:28:23,4887,27354,26514,1998624045,0,0,0
ag2205,20220218,20220218,112824000,11:28:24,4887,27354,26514,1998624045,0,0,0
ag2205,20220218,20220218,112824500,11:28:24,4887,27354,26514,1998624045,0,0,0
ag2205,20220218,20220218,112825000,11:28:25,4887,27354,26514,1998624045,0,0,0
ag2205,20220218,20220218,112825500,11:28:25,4887,27354,26514,1998624045,0,0,0
ag2205,20220218,20220218,112826000,11:28:26,4887,27354,26514,1998624045,0,0,0
ag2205,20220218,20220218,112826500,11:28:26,4887,27354,26514,1998624045,0,0,0
ag2205,20220218,20220218,112828000,11:28:28,4887,27354,26514,1998624045,0,0,0
ag2205,20220218,20220218,112829000,11:28:29,4887,27354,26514,1998624045,0,0,0
ag2205,20220218,20220218,112829500,11:28:29,4887,27354,26514,1998624045,0,0,0
ag2205,20220218,20220218,112830500,11:28:31,4887,27354,26514,1998624045,0,0,0
ag2205,20220218,20220218,112833500,11:28:33,4887,27354,26514,1998624045,0,0,0
ag2205,20220218,20220218,112834000,11:28:34,4887,27354,26514,1998624045,0,0,0
ag2205,20220218,20220218,112834500,11:28:34,4887,27354,26514,1998624045,0,0,0
ag2205,20220218,20220218,112835000,11:28:35,4887,27354,26514,1998624045,0,0,0
ag2205,20220218,20220218,112835500,11:28:35,4887,27354,26514,1998624045,0,0,0
ag2205,20220218,20220218,112837000,11:28:37,4887,27354,26514,1998624045,0,0,0
ag2205,20220218,20220218,112838500,11:28:38,4887,27354,26514,1998624045,0,0,0
ag2205,20220218,20220218,112839000,11:28:39,4887,27354,26514,1998624045,0,0,0
ag2205,20220218,20220218,112839500,11:28:40,4887,27354,26514,1998624045,0,0,0
ag2205,20220218,20220218,112840000,11:28:40,4887,27354,26514,1998624045,0,0,0
ag2205,20220218,20220218,112841000,11:28:41,4887,27355,26513,1998697350,1,-1,73305
ag2205,20220218,20220218,112843000,11:28:43,4887,27355,26513,1998697350,0,0,0
ag2205,20220218,20220218,112843500,11:28:44,4887,27355,26513,1998697350,0,0,0
ag2205,20220218,20220218,112844000,11:28:44,4887,27356,26513,1998770655,1,0,73305
ag2205,20220218,20220218,112845000,11:28:45,4887,27356,26513,1998770655,0,0,0
ag2205,20220218,20220218,112848000,11:28:48,4887,27356,26513,1998770655,0,0,0
ag2205,20220218,20220218,112849000,11:28:49,4887,27356,26513,1998770655,0,0,0
ag2205,20220218,20220218,112853000,11:28:54,4887,27356,26513,1998770655,0,0,0
ag2205,20220218,20220218,112853500,11:28:54,4887,27356,26513,1998770655,0,0,0
ag2205,20220218,20220218,112854000,11:28:54,4887,27356,26513,1998770655,0,0,0
ag2205,20220218,20220218,112854500,11:28:54,4887,27356,26513,1998770655,0,0,0
ag2205,20220218,20220218,112855000,11:28:55,4887,27356,26513,1998770655,0,0,0
ag2205,20220218,20220218,112855500,11:28:55,4887,27356,26513,1998770655,0,0,0
ag2205,20220218,20220218,112856000,11:28:56,4887,27356,26513,1998770655,0,0,0
ag2205,20220218,20220218,112856500,11:28:56,4887,27356,26513,1998770655,0,0,0
ag2205,20220218,20220218,112857000,11:28:57,4887,27356,26513,1998770655,0,0,0
ag2205,20220218,20220218,112858000,11:28:58,4887,27356,26513,1998770655,0,0,0
ag2205,20220218,20220218,112859500,11:29:00,4887,27356,26513,1998770655,0,0,0
ag2205,20220218,20220218,112900000,11:29:00,4887,27356,26513,1998770655,0,0,0
ag2205,20220218,20220218,112900500,11:29:01,4887,27356,26513,1998770655,0,0,0
ag2205,20220218,20220218,112901000,11:29:01,4887,27356,26513,1998770655,0,0,0
ag2205,20220218,20220218,112901500,11:29:01,4887,27356,26513,1998770655,0,0,0
ag2205,20220218,20220218,112902000,11:29:02,4887,27356,26513,1998770655,0,0,0
ag2205,20220218,20220218,112902500,11:29:03,4887,27356,26513,1998770655,0,0,0
ag2205,20220218,20220218,112903000,11:29:03,4887,27356,26513,1998770655,0,0,0
ag2205,20220218,20220218,112903500,11:29:04,4887,27356,26513,1998770655,0,0,0
ag2205,20220218,20220218,112907000,11:29:07,4887,27356,26513,1998770655,0,0,0
ag2205,20220218,20220218,112909000,11:29:09,4887,27356,26513,1998770655,0,0,0
ag2205,20220218,20220218,112909500,11:29:09,4887,27356,26513,1998770655,0,0,0
ag2205,20220218,20220218,112910000,11:29:10,4887,27356,26513,1998770655,0,0,0
ag2205,20220218,20220218,112911500,11:29:12,4887,27356,26513,1998770655,0,0,0
ag2205,20220218,20220218,112912000,11:29:12,4887,27356,26513,1998770655,0,0,0
ag2205,20220218,20220218,112912500,11:29:12,4887,27356,26513,1998770655,0,0,0
ag2205,20220218,20220218,112916500,11:29:16,4887,27356,26513,1998770655,0,0,0
ag2205,20220218,20220218,112917000,11:29:20,4887,27356,26513,1998770655,0,0,0
ag2205,20220218,20220218,112917500,11:29:20,4887,27356,26513,1998770655,0,0,0
ag2205,20220218,20220218,112918000,11:29:21,4887,27356,26513,1998770655,0,0,0
ag2205,20220218,20220218,112920000,11:29:21,4887,27356,26513,1998770655,0,0,0
ag2205,20220218,20220218,112921500,11:29:23,4887,27356,26513,1998770655,0,0,0
ag2205,20220218,20220218,112922000,11:29:24,4887,27356,26513,1998770655,0,0,0
ag2205,20220218,20220218,112922500,11:29:24,4887,27356,26513,1998770655,0,0,0
ag2205,20220218,20220218,112924000,11:29:24,4887,27356,26513,1998770655,0,0,0
ag2205,20220218,20220218,112930500,11:29:30,4887,27356,26513,1998770655,0,0,0
ag2205,20220218,20220218,112931000,11:29:32,4887,27356,26513,1998770655,0,0,0
ag2205,20220218,20220218,112931500,11:29:32,4887,27356,26513,1998770655,0,0,0
ag2205,20220218,20220218,112932000,11:29:32,4887,27356,26513,1998770655,0,0,0
ag2205,20220218,20220218,112932500,11:29:36,4887,27356,26513,1998770655,0,0,0
ag2205,20220218,20220218,112933000,11:29:37,4887,27356,26513,1998770655,0,0,0
ag2205,20220218,20220218,112933500,11:29:37,4887,27356,26513,1998770655,0,0,0
ag2205,20220218,20220218,112934500,11:29:38,4887,27356,26513,1998770655,0,0,0
ag2205,20220218,20220218,112938000,11:29:38,4887,27356,26513,1998770655,0,0,0
ag2205,20220218,20220218,112940000,11:29:40,4887,27358,26511,1998917265,2,-2,146610
ag2205,20220218,20220218,112940500,11:29:40,4887,27358,26511,1998917265,0,0,0
ag2205,20220218,20220218,112941000,11:29:41,4887,27358,26511,1998917265,0,0,0
ag2205,20220218,20220218,112941500,11:29:42,4887,27358,26511,1998917265,0,0,0
ag2205,20220218,20220218,112942000,11:29:42,4887,27358,26511,1998917265,0,0,0
ag2205,20220218,20220218,112945500,11:29:46,4887,27358,26511,1998917265,0,0,0
ag2205,20220218,20220218,112946000,11:29:46,4887,27358,26511,1998917265,0,0,0
ag2205,20220218,20220218,112946500,11:29:47,4887,27358,26511,1998917265,0,0,0
ag2205,20220218,20220218,112947000,11:29:47,4887,27358,26511,1998917265,0,0,0
ag2205,20220218,20220218,112947500,11:29:48,4887,27359,26510,1998990570,1,-1,73305
ag2205,20220218,20220218,112948000,11:29:48,4887,27359,26510,1998990570,0,0,0
ag2205,20220218,20220218,112948500,11:29:49,4887,27359,26510,1998990570,0,0,0
ag2205,20220218,20220218,112949000,11:29:50,4887,27359,26510,1998990570,0,0,0
ag2205,20220218,20220218,112950500,11:29:51,4887,27359,26510,1998990570,0,0,0
ag2205,20220218,20220218,112951500,11:29:52,4887,27359,26510,1998990570,0,0,0
ag2205,20220218,20220218,112952000,11:29:52,4887,27359,26510,1998990570,0,0,0
ag2205,20220218,20220218,112952500,11:29:53,4887,27359,26510,1998990570,0,0,0
ag2205,20220218,20220218,112955000,11:29:55,4887,27359,26510,1998990570,0,0,0
ag2205,20220218,20220218,112955500,11:29:55,4887,27359,26510,1998990570,0,0,0
ag2205,20220218,20220218,112956000,11:29:56,4887,27359,26510,1998990570,0,0,0
ag2205,20220218,20220218,112957000,11:30:00,4887,27359,26510,1998990570,0,0,0
ag2205,20220218,20220218,112957500,11:30:02,4887,27359,26510,1998990570,0,0,0
ag2205,20220218,20220218,112959500,11:30:02,4887,27359,26510,1998990570,0,0,0
ag2205,20220218,20220218,113000000,11:30:03,4887,27359,26510,1998990570,0,0,0
ag2205,20220218,20220218,113001000,11:30:03,4887,27359,26510,1998990570,0,0,0
ag2205,20220218,20220218,113001500,11:30:03,4887,27359,26510,1998990570,0,0,0
ag2205,20220218,20220218,133002000,13:30:08,4880,27414,26534,2003018130,55,24,4027560
ag2205,20220218,20220218,133002500,13:30:09,4876,27471,26565,2007188955,57,31,4170825
ag2205,20220218,20220218,133008500,13:30:10,4877,27594,26551,2016188295,123,-14,8999340
ag2205,20220218,20220218,133009500,13:30:10,4876,27608,26551,2017212255,14,0,1023960
ag2205,20220218,20220218,133010000,13:30:11,4876,27611,26548,2017431675,3,-3,219420
ag2205,20220218,20220218,133010500,13:30:11,4877,27623,26550,2018309535,12,2,877860
ag2205,20220218,20220218,133011000,13:30:12,4877,27623,26550,2018309535,0,0,0
ag2205,20220218,20220218,133011500,13:30:13,4877,27623,26550,2018309535,0,0,0
ag2205,20220218,20220218,133012500,13:30:13,4877,27623,26550,2018309535,0,0,0
ag2205,20220218,20220218,133013000,13:30:13,4878,27627,26549,2018602200,4,-1,292665
ag2205,20220218,20220218,133013500,13:30:14,4878,27627,26549,2018602200,0,0,0
ag2205,20220218,20220218,133014000,13:30:15,4878,27627,26549,2018602200,0,0,0
ag2205,20220218,20220218,133014500,13:30:16,4878,27627,26549,2018602200,0,0,0
ag2205,20220218,20220218,133015000,13:30:17,4878,27627,26549,2018602200,0,0,0
ag2205,20220218,20220218,133016500,13:30:18,4878,27627,26549,2018602200,0,0,0
ag2205,20220218,20220218,133017000,13:30:18,4878,27629,26549,2018748540,2,0,146340
ag2205,20220218,20220218,133017500,13:30:18,4878,27630,26550,2018821710,1,1,73170
ag2205,20220218,20220218,133018000,13:30:19,4878,27630,26550,2018821710,0,0,0
ag2205,20220218,20220218,133018500,13:30:20,4878,27630,26550,2018821710,0,0,0
ag2205,20220218,20220218,133019000,13:30:20,4879,27632,26548,2018968080,2,-2,146370
ag2205,20220218,20220218,133019500,13:30:20,4878,27635,26547,2019187590,3,-1,219510
ag2205,20220218,20220218,133020000,13:30:21,4878,27635,26547,2019187590,0,0,0
ag2205,20220218,20220218,133020500,13:30:21,4878,27635,26547,2019187590,0,0,0
ag2205,20220218,20220218,133021000,13:30:21,4878,27635,26547,2019187590,0,0,0
ag2205,20220218,20220218,133021500,13:30:22,4878,27636,26548,2019260760,1,1,73170
ag2205,20220218,20220218,133022000,13:30:22,4878,27636,26548,2019260760,0,0,0
ag2205,20220218,20220218,133022500,13:30:38,4878,27636,26548,2019260760,0,0,0
ag2205,20220218,20220218,133023000,13:30:38,4878,27636,26548,2019260760,0,0,0
ag2205,20220218,20220218,133038000,13:30:40,4878,27647,26543,2020065705,11,-5,804945
ag2205,20220218,20220218,133038500,13:30:41,4878,27647,26543,2020065705,0,0,0
ag2205,20220218,20220218,133040500,13:30:42,4879,27648,26543,2020138890,1,0,73185
ag2205,20220218,20220218,133041000,13:30:43,4879,27651,26543,2020358445,3,0,219555
ag2205,20220218,20220218,133041500,13:30:43,4879,27653,26541,2020504815,2,-2,146370
ag2205,20220218,20220218,133042500,13:30:44,4879,27653,26541,2020504815,0,0,0
ag2205,20220218,20220218,133043000,13:30:44,4879,27653,26541,2020504815,0,0,0
ag2205,20220218,20220218,133043500,13:30:44,4879,27653,26541,2020504815,0,0,0
ag2205,20220218,20220218,133044500,13:30:46,4879,27653,26541,2020504815,0,0,0
ag2205,20220218,20220218,133045000,13:30:46,4879,27653,26541,2020504815,0,0,0
ag2205,20220218,20220218,133045500,13:30:46,4879,27653,26541,2020504815,0,0,0
ag2205,20220218,20220218,133046000,13:30:47,4879,27653,26541,2020504815,0,0,0
ag2205,20220218,20220218,133046500,13:30:47,4879,27653,26541,2020504815,0,0,0
ag2205,20220218,20220218,133047000,13:30:47,4879,27658,26538,2020870740,5,-3,365925
ag2205,20220218,20220218,133047500,13:30:48,4879,27658,26538,2020870740,0,0,0
ag2205,20220218,20220218,133048000,13:30:48,4879,27658,26538,2020870740,0,0,0
ag2205,20220218,20220218,133049000,13:30:49,4879,27658,26538,2020870740,0,0,0
ag2205,20220218,20220218,133051000,13:30:52,4879,27658,26538,2020870740,0,0,0
ag2205,20220218,20220218,133051500,13:30:52,4879,27658,26538,2020870740,0,0,0
ag2205,20220218,20220218,133052000,13:30:53,4879,27658,26538,2020870740,0,0,0
ag2205,20220218,20220218,133052500,13:30:53,4879,27658,26538,2020870740,0,0,0
ag2205,20220218,20220218,133053000,13:30:54,4879,27658,26538,2020870740,0,0,0
ag2205,20220218,20220218,133054500,13:30:55,4879,27658,26538,2020870740,0,0,0
ag2205,20220218,20220218,133055000,13:30:55,4879,27658,26538,2020870740,0,0,0
ag2205,20220218,20220218,133055500,13:30:56,4879,27658,26538,2020870740,0,0,0
ag2205,20220218,20220218,133056000,13:30:57,4879,27658,26538,2020870740,0,0,0
ag2205,20220218,20220218,133056500,13:30:57,4879,27658,26538,2020870740,0,0,0
ag2205,20220218,20220218,133057000,13:30:57,4879,27658,26538,2020870740,0,0,0
ag2205,20220218,20220218,133057500,13:30:58,4879,27658,26538,2020870740,0,0,0
ag2205,20220218,20220218,133058500,13:30:59,4879,27658,26538,2020870740,0,0,0
ag2205,20220218,20220218,133059500,13:30:59,4879,27658,26538,2020870740,0,0,0
ag2205,20220218,20220218,133100000,13:31:00,4879,27658,26538,2020870740,0,0,0
ag2205,20220218,20220218,133100500,13:31:00,4879,27658,26538,2020870740,0,0,0
ag2205,20220218,20220218,133101000,13:31:01,4880,27662,26537,2021163525,4,-1,292785
ag2205,20220218,20220218,133101500,13:31:01,4880,27666,26537,2021456325,4,0,292800
ag2205,20220218,20220218,133102000,13:31:02,4880,27666,26537,2021456325,0,0,0
ag2205,20220218,20220218,133102500,13:31:02,4880,27666,26537,2021456325,0,0,0
ag2205,20220218,20220218,133103000,13:31:03,4880,27666,26537,2021456325,0,0,0
ag2205,20220218,20220218,133103500,13:31:04,4880,27666,26537,2021456325,0,0,0
ag2205,20220218,20220218,133105500,13:31:07,4880,27666,26537,2021456325,0,0,0
ag2205,20220218,20220218,133106000,13:31:08,4880,27667,26537,2021529525,1,0,73200
ag2205,20220218,20220218,133107500,13:31:08,4880,27667,26537,2021529525,0,0,0
ag2205,20220218,20220218,133108500,13:31:09,4880,27667,26537,2021529525,0,0,0
ag2205,20220218,20220218,133109000,13:31:09,4880,27667,26537,2021529525,0,0,0
ag2205,20220218,20220218,133109500,13:31:10,4880,27667,26537,2021529525,0,0,0
ag2205,20220218,20220218,133111000,13:31:11,4880,27667,26537,2021529525,0,0,0
ag2205,20220218,20220218,133111500,13:31:12,4880,27667,26537,2021529525,0,0,0
ag2205,20220218,20220218,133112500,13:31:13,4880,27667,26537,2021529525,0,0,0
ag2205,20220218,20220218,133114000,13:31:15,4880,27667,26537,2021529525,0,0,0
ag2205,20220218,20220218,133115000,13:31:15,4880,27667,26537,2021529525,0,0,0
ag2205,20220218,20220218,133116000,13:31:16,4881,27671,26537,2021822385,4,0,292860
ag2205,20220218,20220218,133116500,13:31:17,4881,27671,26537,2021822385,0,0,0
ag2205,20220218,20220218,133117000,13:31:17,4881,27671,26537,2021822385,0,0,0
ag2205,20220218,20220218,133117500,13:31:18,4881,27671,26537,2021822385,0,0,0
ag2205,20220218,20220218,133118000,13:31:18,4881,27672,26536,2021895600,1,-1,73215
ag2205,20220218,20220218,133118500,13:31:19,4881,27681,26536,2022554535,9,0,658935
ag2205,20220218,20220218,133119000,13:31:19,4881,27681,26536,2022554535,0,0,0
ag2205,20220218,20220218,133119500,13:31:20,4881,27681,26536,2022554535,0,0,0
ag2205,20220218,20220218,133120000,13:31:20,4881,27681,26536,2022554535,0,0,0
ag2205,20220218,20220218,133120500,13:31:21,4881,27682,26536,2022627750,1,0,73215
ag2205,20220218,20220218,133121000,13:31:21,4881,27682,26536,2022627750,0,0,0
ag2205,20220218,20220218,133122500,13:31:23,4881,27682,26536,2022627750,0,0,0
ag2205,20220218,20220218,133123000,13:31:25,4881,27682,26536,2022627750,0,0,0
ag2205,20220218,20220218,133123500,13:31:25,4881,27682,26536,2022627750,0,0,0
ag2205,20220218,20220218,133133500,13:31:33,4881,27682,26536,2022627750,0,0,0
ag2205,20220218,20220218,133158500,13:31:58,4881,27682,26536,2022627750,0,0,0
ag2205,20220218,20220218,133159000,13:31:59,4881,27682,26536,2022627750,0,0,0
ag2205,20220218,20220218,133159500,13:32:00,4881,27682,26536,2022627750,0,0,0
ag2205,20220218,20220218,133200000,13:32:00,4881,27682,26536,2022627750,0,0,0
ag2205,20220218,20220218,133200500,13:32:01,4881,27692,26540,2023359855,10,4,732105
ag2205,20220218,20220218,133201000,13:32:01,4881,27692,26540,2023359855,0,0,0
ag2205,20220218,20220218,133201500,13:32:01,4881,27692,26540,2023359855,0,0,0
ag2205,20220218,20220218,133202000,13:32:03,4881,27692,26540,2023359855,0,0,0
ag2205,20220218,20220218,133202500,13:32:03,4881,27692,26540,2023359855,0,0,0
ag2205,20220218,20220218,133203000,13:32:04,4881,27692,26540,2023359855,0,0,0
ag2205,20220218,20220218,133206000,13:32:06,4881,27692,26540,2023359855,0,0,0
ag2205,20220218,20220218,133208000,13:32:09,4881,27692,26540,2023359855,0,0,0
ag2205,20220218,20220218,133209500,13:32:10,4881,27693,26540,2023433070,1,0,73215
ag2205,20220218,20220218,133210000,13:32:10,4881,27693,26540,2023433070,0,0,0
ag2205,20220218,20220218,133210500,13:32:13,4881,27693,26540,2023433070,0,0,0
ag2205,20220218,20220218,133211000,13:32:14,4881,27693,26540,2023433070,0,0,0
ag2205,20220218,20220218,133216500,13:32:17,4881,27693,26540,2023433070,0,0,0
ag2205,20220218,20220218,133217500,13:32:18,4881,27693,26540,2023433070,0,0,0
ag2205,20220218,20220218,133218000,13:32:18,4881,27693,26540,2023433070,0,0,0
ag2205,20220218,20220218,133218500,13:32:18,4881,27693,26540,2023433070,0,0,0
ag2205,20220218,20220218,133222000,13:32:22,4881,27696,26540,2023652715,3,0,219645
ag2205,20220218,20220218,133222500,13:32:23,4881,27696,26540,2023652715,0,0,0
ag2205,20220218,20220218,133224000,13:32:24,4881,27696,26540,2023652715,0,0,0
ag2205,20220218,20220218,133224500,13:32:24,4881,27696,26540,2023652715,0,0,0
ag2205,20220218,20220218,133225000,13:32:25,4881,27696,26540,2023652715,0,0,0
ag2205,20220218,20220218,133229500,13:32:34,4881,27696,26540,2023652715,0,0,0
ag2205,20220218,20220218,133230500,13:32:34,4881,27696,26540,2023652715,0,0,0
ag2205,20220218,20220218,133234500,13:32:35,4881,27696,26540,2023652715,0,0,0
ag2205,20220218,20220218,133235000,13:32:36,4881,27696,26540,2023652715,0,0,0
ag2205,20220218,20220218,133235500,13:32:36,4881,27696,26540,2023652715,0,0,0
ag2205,20220218,20220218,133236000,13:32:36,4881,27696,26540,2023652715,0,0,0
ag2205,20220218,20220218,133236500,13:32:37,4882,27698,26538,2023799175,2,-2,146460
ag2205,20220218,20220218,133237000,13:32:37,4883,27699,26537,2023872420,1,-1,73245
ag2205,20220218,20220218,133237500,13:32:37,4881,27700,26536,2023945635,1,-1,73215
ag2205,20220218,20220218,133238000,13:32:38,4881,27700,26536,2023945635,0,0,0
ag2205,20220218,20220218,133238500,13:32:39,4881,27700,26536,2023945635,0,0,0
ag2205,20220218,20220218,133239000,13:32:39,4881,27700,26536,2023945635,0,0,0
ag2205,20220218,20220218,133240000,13:32:40,4881,27701,26537,2024018850,1,1,73215
ag2205,20220218,20220218,133240500,13:32:40,4881,27701,26537,2024018850,0,0,0
ag2205,20220218,20220218,133241000,13:32:41,4881,27701,26537,2024018850,0,0,0
ag2205,20220218,20220218,133241500,13:32:42,4881,27701,26537,2024018850,0,0,0
ag2205,20220218,20220218,133242000,13:32:42,4881,27702,26536,2024092065,1,-1,73215
ag2205,20220218,20220218,133242500,13:32:42,4882,27703,26535,2024165295,1,-1,73230
ag2205,20220218,20220218,133243000,13:32:43,4881,27704,26535,2024238510,1,0,73215
ag2205,20220218,20220218,133243500,13:32:43,4882,27705,26534,2024311740,1,-1,73230
ag2205,20220218,20220218,133244000,13:32:44,4882,27705,26534,2024311740,0,0,0
ag2205,20220218,20220218,133244500,13:32:45,4882,27705,26534,2024311740,0,0,0
ag2205,20220218,20220218,133245000,13:32:45,4882,27705,26534,2024311740,0,0,0
ag2205,20220218,20220218,133245500,13:32:45,4882,27705,26534,2024311740,0,0,0
ag2205,20220218,20220218,133248000,13:32:48,4882,27705,26534,2024311740,0,0,0
ag2205,20220218,20220218,133249000,13:32:49,4882,27705,26534,2024311740,0,0,0
ag2205,20220218,20220218,133249500,13:32:50,4882,27705,26534,2024311740,0,0,0
ag2205,20220218,20220218,133250000,13:32:50,4882,27705,26534,2024311740,0,0,0
ag2205,20220218,20220218,133250500,13:32:52,4882,27705,26534,2024311740,0,0,0
ag2205,20220218,20220218,133251000,13:32:52,4882,27705,26534,2024311740,0,0,0
ag2205,20220218,20220218,133251500,13:32:53,4882,27705,26534,2024311740,0,0,0
ag2205,20220218,20220218,133252000,13:32:53,4882,27706,26534,2024384970,1,0,73230
ag2205,20220218,20220218,133252500,13:32:53,4883,27707,26533,2024458215,1,-1,73245
ag2205,20220218,20220218,133253500,13:32:54,4882,27708,26532,2024531445,1,-1,73230
ag2205,20220218,20220218,133254000,13:32:54,4883,27709,26531,2024604690,1,-1,73245
ag2205,20220218,20220218,133254500,13:32:55,4883,27709,26531,2024604690,0,0,0
ag2205,20220218,20220218,133255000,13:32:55,4883,27709,26531,2024604690,0,0,0
ag2205,20220218,20220218,133255500,13:32:55,4882,27710,26531,2024677920,1,0,73230
ag2205,20220218,20220218,133256000,13:32:56,4883,27711,26530,2024751165,1,-1,73245
ag2205,20220218,20220218,133256500,13:32:56,4883,27711,26530,2024751165,0,0,0
ag2205,20220218,20220218,133257000,13:32:59,4882,27712,26530,2024824395,1,0,73230
ag2205,20220218,20220218,133257500,13:33:00,4882,27712,26530,2024824395,0,0,0
ag2205,20220218,20220218,133258000,13:33:00,4882,27712,26530,2024824395,0,0,0
ag2205,20220218,20220218,133258500,13:33:00,4883,27713,26529,2024897640,1,-1,73245
ag2205,20220218,20220218,133259500,13:33:01,4883,27713,26529,2024897640,0,0,0
ag2205,20220218,20220218,133300000,13:33:01,4883,27713,26529,2024897640,0,0,0
ag2205,20220218,20220218,133302500,13:33:03,4883,27713,26529,2024897640,0,0,0
ag2205,20220218,20220218,133305000,13:33:05,4883,27713,26529,2024897640,0,0,0
ag2205,20220218,20220218,133305500,13:33:05,4883,27713,26529,2024897640,0,0,0
ag2205,20220218,20220218,133308500,13:33:09,4883,27713,26529,2024897640,0,0,0
ag2205,20220218,20220218,133309000,13:33:09,4883,27713,26529,2024897640,0,0,0
ag2205,20220218,20220218,133309500,13:33:10,4883,27713,26529,2024897640,0,0,0
ag2205,20220218,20220218,133310000,13:33:11,4883,27713,26529,2024897640,0,0,0
ag2205,20220218,20220218,133312000,13:33:14,4883,27713,26529,2024897640,0,0,0
ag2205,20220218,20220218,133314000,13:33:17,4882,27714,26529,2024970870,1,0,73230
ag2205,20220218,20220218,133314500,13:33:17,4883,27715,26529,2025044115,1,0,73245
ag2205,20220218,20220218,133315000,13:33:18,4883,27715,26529,2025044115,0,0,0
ag2205,20220218,20220218,133317000,13:33:18,4883,27717,26527,2025190590,2,-2,146475
ag2205,20220218,20220218,133317500,13:33:19,4883,27717,26527,2025190590,0,0,0
ag2205,20220218,20220218,133318000,13:33:19,4883,27717,26527,2025190590,0,0,0
ag2205,20220218,20220218,133318500,13:33:19,4883,27717,26527,2025190590,0,0,0
ag2205,20220218,20220218,133319000,13:33:20,4883,27717,26527,2025190590,0,0,0
ag2205,20220218,20220218,133319500,13:33:20,4883,27718,26528,2025263835,1,1,73245
ag2205,20220218,20220218,133320000,13:33:21,4883,27718,26528,2025263835,0,0,0
ag2205,20220218,20220218,133320500,13:33:21,4882,27719,26527,2025337065,1,-1,73230
ag2205,20220218,20220218,133321000,13:33:22,4883,27720,26527,2025410310,1,0,73245
ag2205,20220218,20220218,133321500,13:33:22,4883,27720,26527,2025410310,0,0,0
ag2205,20220218,20220218,133322000,13:33:22,4883,27720,26527,2025410310,0,0,0
ag2205,20220218,20220218,133322500,13:33:22,4883,27720,26527,2025410310,0,0,0
ag2205,20220218,20220218,133323500,13:33:24,4883,27720,26527,2025410310,0,0,0
ag2205,20220218,20220218,133324000,13:33:24,4883,27720,26527,2025410310,0,0,0
ag2205,20220218,20220218,133324500,13:33:25,4883,27720,26527,2025410310,0,0,0
ag2205,20220218,20220218,133325000,13:33:26,4883,27720,26527,2025410310,0,0,0
ag2205,20220218,20220218,133325500,13:33:26,4883,27720,26527,2025410310,0,0,0
ag2205,20220218,20220218,133327500,13:33:29,4883,27720,26527,2025410310,0,0,0
ag2205,20220218,20220218,133329500,13:33:30,4883,27720,26527,2025410310,0,0,0
ag2205,20220218,20220218,133330000,13:33:30,4883,27720,26527,2025410310,0,0,0
ag2205,20220218,20220218,133330500,13:33:31,4883,27721,26527,2025483555,1,0,73245
ag2205,20220218,20220218,133331000,13:33:32,4883,27721,26527,2025483555,0,0,0
ag2205,20220218,20220218,133331500,13:33:32,4883,27721,26527,2025483555,0,0,0
ag2205,20220218,20220218,133332000,13:33:32,4883,27721,26527,2025483555,0,0,0
ag2205,20220218,20220218,133333500,13:33:33,4883,27721,26527,2025483555,0,0,0
ag2205,20220218,20220218,133334000,13:33:34,4883,27721,26527,2025483555,0,0,0
ag2205,20220218,20220218,133335000,13:33:35,4883,27721,26527,2025483555,0,0,0
ag2205,20220218,20220218,133335500,13:33:35,4883,27721,26527,2025483555,0,0,0
ag2205,20220218,20220218,133336000,13:33:36,4883,27721,26527,2025483555,0,0,0
ag2205,20220218,20220218,133336500,13:33:36,4883,27721,26527,2025483555,0,0,0
ag2205,20220218,20220218,133338500,13:33:39,4883,27721,26527,2025483555,0,0,0
ag2205,20220218,20220218,133341000,13:33:41,4882,27723,26527,2025630015,2,0,146460
ag2205,20220218,20220218,133341500,13:33:42,4882,27723,26527,2025630015,0,0,0
ag2205,20220218,20220218,133342000,13:33:42,4882,27723,26527,2025630015,0,0,0
ag2205,20220218,20220218,133342500,13:33:42,4881,27725,26526,2025776445,2,-1,146430
ag2205,20220218,20220218,133343000,13:33:43,4881,27725,26526,2025776445,0,0,0
ag2205,20220218,20220218,133343500,13:33:44,4881,27725,26526,2025776445,0,0,0
ag2205,20220218,20220218,133344000,13:33:44,4881,27725,26526,2025776445,0,0,0
ag2205,20220218,20220218,133344500,13:33:45,4881,27725,26526,2025776445,0,0,0
ag2205,20220218,20220218,133346000,13:33:47,4881,27725,26526,2025776445,0,0,0
ag2205,20220218,20220218,133346500,13:33:48,4881,27725,26526,2025776445,0,0,0
ag2205,20220218,20220218,133347000,13:33:48,4881,27725,26526,2025776445,0,0,0
ag2205,20220218,20220218,133347500,13:33:49,4881,27725,26526,2025776445,0,0,0
ag2205,20220218,20220218,133348000,13:33:49,4881,27725,26526,2025776445,0,0,0
ag2205,20220218,20220218,133348500,13:33:49,4881,27725,26526,2025776445,0,0,0
ag2205,20220218,20220218,133349000,13:33:50,4881,27725,26526,2025776445,0,0,0
ag2205,20220218,20220218,133350000,13:33:50,4881,27725,26526,2025776445,0,0,0
ag2205,20220218,20220218,133351500,13:33:52,4881,27725,26526,2025776445,0,0,0
ag2205,20220218,20220218,133352000,13:33:52,4881,27725,26526,2025776445,0,0,0
ag2205,20220218,20220218,133352500,13:33:52,4881,27725,26526,2025776445,0,0,0
ag2205,20220218,20220218,133353000,13:33:53,4881,27725,26526,2025776445,0,0,0
ag2205,20220218,20220218,133353500,13:33:53,4881,27725,26526,2025776445,0,0,0
ag2205,20220218,20220218,133354000,13:33:54,4881,27725,26526,2025776445,0,0,0
ag2205,20220218,20220218,133354500,13:33:54,4881,27725,26526,2025776445,0,0,0
ag2205,20220218,20220218,133355000,13:33:56,4881,27725,26526,2025776445,0,0,0
ag2205,20220218,20220218,133355500,13:33:56,4881,27725,26526,2025776445,0,0,0
ag2205,20220218,20220218,133358500,13:33:58,4881,27725,26526,2025776445,0,0,0
ag2205,20220218,20220218,133400000,13:34:00,4881,27725,26526,2025776445,0,0,0
ag2205,20220218,20220218,133400500,13:34:00,4881,27725,26526,2025776445,0,0,0
ag2205,20220218,20220218,133402500,13:34:10,4881,27725,26526,2025776445,0,0,0
ag2205,20220218,20220218,133403500,13:34:11,4881,27725,26526,2025776445,0,0,0
ag2205,20220218,20220218,133410000,13:34:12,4884,27736,26522,2026582125,11,-4,805680
ag2205,20220218,20220218,133410500,13:34:12,4884,27736,26522,2026582125,0,0,0
ag2205,20220218,20220218,133411000,13:34:12,4884,27736,26522,2026582125,0,0,0
ag2205,20220218,20220218,133411500,13:34:12,4884,27737,26522,2026655385,1,0,73260
ag2205,20220218,20220218,133412000,13:34:12,4884,27737,26522,2026655385,0,0,0
ag2205,20220218,20220218,133412500,13:34:13,4884,27737,26522,2026655385,0,0,0
ag2205,20220218,20220218,133413000,13:34:13,4884,27737,26522,2026655385,0,0,0
ag2205,20220218,20220218,133416500,13:34:16,4884,27737,26522,2026655385,0,0,0
ag2205,20220218,20220218,133419000,13:34:19,4884,27737,26522,2026655385,0,0,0
ag2205,20220218,20220218,133419500,13:34:20,4884,27737,26522,2026655385,0,0,0
ag2205,20220218,20220218,133420000,13:34:20,4885,27748,26525,2027461260,11,3,805875
ag2205,20220218,20220218,133420500,13:34:21,4884,27750,26524,2027607780,2,-1,146520
ag2205,20220218,20220218,133421000,13:34:23,4884,27750,26524,2027607780,0,0,0
ag2205,20220218,20220218,133421500,13:34:23,4884,27750,26524,2027607780,0,0,0
ag2205,20220218,20220218,133423500,13:34:24,4884,27750,26524,2027607780,0,0,0
ag2205,20220218,20220218,133424000,13:34:24,4884,27750,26524,2027607780,0,0,0
ag2205,20220218,20220218,133424500,13:34:24,4884,27750,26524,2027607780,0,0,0
ag2205,20220218,20220218,133427000,13:34:27,4884,27750,26524,2027607780,0,0,0
ag2205,20220218,20220218,133427500,13:34:27,4884,27750,26524,2027607780,0,0,0
ag2205,20220218,20220218,133428000,13:34:28,4884,27750,26524,2027607780,0,0,0
ag2205,20220218,20220218,133428500,13:34:28,4884,27750,26524,2027607780,0,0,0
ag2205,20220218,20220218,133429000,13:34:29,4884,27750,26524,2027607780,0,0,0
ag2205,20220218,20220218,133429500,13:34:29,4884,27750,26524,2027607780,0,0,0
ag2205,20220218,20220218,133430000,13:34:30,4884,27750,26524,2027607780,0,0,0
ag2205,20220218,20220218,133430500,13:34:30,4884,27750,26524,2027607780,0,0,0
ag2205,20220218,20220218,133431500,13:34:31,4884,27750,26524,2027607780,0,0,0
ag2205,20220218,20220218,133432000,13:34:32,4884,27750,26524,2027607780,0,0,0
ag2205,20220218,20220218,133432500,13:34:32,4883,27751,26524,2027681025,1,0,73245
ag2205,20220218,20220218,133433000,13:34:33,4883,27751,26524,2027681025,0,0,0
ag2205,20220218,20220218,133433500,13:34:34,4883,27752,26523,2027754270,1,-1,73245
ag2205,20220218,20220218,133434000,13:34:34,4883,27752,26523,2027754270,0,0,0
ag2205,20220218,20220218,133434500,13:34:35,4882,27754,26523,2027900730,2,0,146460
ag2205,20220218,20220218,133435000,13:34:35,4882,27754,26523,2027900730,0,0,0
ag2205,20220218,20220218,133435500,13:34:36,4882,27754,26523,2027900730,0,0,0
ag2205,20220218,20220218,133436000,13:34:36,4882,27754,26523,2027900730,0,0,0
ag2205,20220218,20220218,133436500,13:34:36,4882,27754,26523,2027900730,0,0,0
ag2205,20220218,20220218,133437500,13:34:38,4882,27754,26523,2027900730,0,0,0
ag2205,20220218,20220218,133440500,13:34:41,4882,27754,26523,2027900730,0,0,0
ag2205,20220218,20220218,133442000,13:34:43,4882,27754,26523,2027900730,0,0,0
ag2205,20220218,20220218,133442500,13:34:44,4882,27754,26523,2027900730,0,0,0
ag2205,20220218,20220218,133443000,13:34:45,4882,27754,26523,2027900730,0,0,0
ag2205,20220218,20220218,133443500,13:34:45,4882,27754,26523,2027900730,0,0,0
ag2205,20220218,20220218,133444000,13:34:45,4882,27754,26523,2027900730,0,0,0
ag2205,20220218,20220218,133444500,13:34:46,4882,27754,26523,2027900730,0,0,0
ag2205,20220218,20220218,133445500,13:34:46,4882,27754,26523,2027900730,0,0,0
ag2205,20220218,20220218,133446000,13:34:46,4882,27754,26523,2027900730,0,0,0
ag2205,20220218,20220218,133446500,13:34:47,4884,27765,26526,2028706440,11,3,805710
ag2205,20220218,20220218,133447000,13:34:47,4884,27765,26526,2028706440,0,0,0
ag2205,20220218,20220218,133447500,13:34:47,4884,27765,26526,2028706440,0,0,0
ag2205,20220218,20220218,133448000,13:34:48,4884,27765,26526,2028706440,0,0,0
ag2205,20220218,20220218,133448500,13:34:49,4883,27770,26528,2029072665,5,2,366225
ag2205,20220218,20220218,133449000,13:34:49,4881,27774,26528,2029365570,4,0,292905
ag2205,20220218,20220218,133449500,13:34:49,4881,27774,26528,2029365570,0,0,0
ag2205,20220218,20220218,133450000,13:34:50,4881,27774,26528,2029365570,0,0,0
ag2205,20220218,20220218,133450500,13:34:51,4881,27774,26528,2029365570,0,0,0
ag2205,20220218,20220218,133451500,13:34:51,4881,27774,26528,2029365570,0,0,0
ag2205,20220218,20220218,133452000,13:34:52,4881,27774,26528,2029365570,0,0,0
ag2205,20220218,20220218,133452500,13:34:52,4881,27774,26528,2029365570,0,0,0
ag2205,20220218,20220218,133453000,13:34:53,4881,27774,26528,2029365570,0,0,0
ag2205,20220218,20220218,133453500,13:34:55,4881,27774,26528,2029365570,0,0,0
ag2205,20220218,20220218,133454000,13:34:56,4881,27774,26528,2029365570,0,0,0
ag2205,20220218,20220218,133454500,13:34:56,4881,27774,26528,2029365570,0,0,0
ag2205,20220218,20220218,133455500,13:34:56,4881,27774,26528,2029365570,0,0,0
ag2205,20220218,20220218,133456000,13:34:56,4881,27774,26528,2029365570,0,0,0
ag2205,20220218,20220218,133456500,13:34:57,4881,27774,26528,2029365570,0,0,0
ag2205,20220218,20220218,133459000,13:34:59,4881,27774,26528,2029365570,0,0,0
ag2205,20220218,20220218,133459500,13:35:00,4881,27774,26528,2029365570,0,0,0
ag2205,20220218,20220218,133501500,13:35:04,4881,27774,26528,2029365570,0,0,0
ag2205,20220218,20220218,133502000,13:35:10,4881,27774,26528,2029365570,0,0,0
ag2205,20220218,20220218,133504500,13:35:10,4881,27774,26528,2029365570,0,0,0
ag2205,20220218,20220218,133505000,13:35:10,4881,27774,26528,2029365570,0,0,0
ag2205,20220218,20220218,133508500,13:35:10,4881,27774,26528,2029365570,0,0,0
ag2205,20220218,20220218,133512500,13:35:13,4881,27774,26528,2029365570,0,0,0
ag2205,20220218,20220218,133514000,13:35:14,4881,27774,26528,2029365570,0,0,0
ag2205,20220218,20220218,133516000,13:35:16,4882,27775,26529,2029438800,1,1,73230
ag2205,20220218,20220218,133516500,13:35:16,4882,27775,26529,2029438800,0,0,0
ag2205,20220218,20220218,133517000,13:35:17,4882,27775,26529,2029438800,0,0,0
ag2205,20220218,20220218,133517500,13:35:18,4884,27785,26532,2030171265,10,3,732465
ag2205,20220218,20220218,133518000,13:35:18,4884,27785,26532,2030171265,0,0,0
ag2205,20220218,20220218,133518500,13:35:19,4884,27785,26532,2030171265,0,0,0
ag2205,20220218,20220218,133519000,13:35:19,4884,27785,26532,2030171265,0,0,0
ag2205,20220218,20220218,133519500,13:35:20,4884,27785,26532,2030171265,0,0,0
ag2205,20220218,20220218,133520000,13:35:20,4884,27785,26532,2030171265,0,0,0
ag2205,20220218,20220218,133521000,13:35:21,4884,27785,26532,2030171265,0,0,0
ag2205,20220218,20220218,133521500,13:35:22,4884,27785,26532,2030171265,0,0,0
ag2205,20220218,20220218,133522000,13:35:22,4884,27785,26532,2030171265,0,0,0
ag2205,20220218,20220218,133522500,13:35:23,4884,27785,26532,2030171265,0,0,0
ag2205,20220218,20220218,133523000,13:35:23,4884,27785,26532,2030171265,0,0,0
ag2205,20220218,20220218,133524000,13:35:24,4884,27785,26532,2030171265,0,0,0
ag2205,20220218,20220218,133525000,13:35:25,4884,27785,26532,2030171265,0,0,0
ag2205,20220218,20220218,133525500,13:35:26,4884,27785,26532,2030171265,0,0,0
ag2205,20220218,20220218,133526000,13:35:26,4884,27785,26532,2030171265,0,0,0
ag2205,20220218,20220218,133526500,13:35:27,4884,27785,26532,2030171265,0,0,0
ag2205,20220218,20220218,133527000,13:35:27,4884,27785,26532,2030171265,0,0,0
ag2205,20220218,20220218,133527500,13:35:31,4884,27785,26532,2030171265,0,0,0
ag2205,20220218,20220218,133528500,13:35:32,4884,27785,26532,2030171265,0,0,0
ag2205,20220218,20220218,133529000,13:35:33,4884,27785,26532,2030171265,0,0,0
ag2205,20220218,20220218,133540000,13:35:43,4884,27785,26532,2030171265,0,0,0
ag2205,20220218,20220218,133545500,13:35:46,4884,27785,26532,2030171265,0,0,0
ag2205,20220218,20220218,133546000,13:35:46,4884,27785,26532,2030171265,0,0,0
ag2205,20220218,20220218,133546500,13:35:46,4884,27786,26532,2030244525,1,0,73260
ag2205,20220218,20220218,133547500,13:35:48,4884,27786,26532,2030244525,0,0,0
ag2205,20220218,20220218,133548000,13:35:48,4884,27786,26532,2030244525,0,0,0
ag2205,20220218,20220218,133548500,13:35:48,4884,27786,26532,2030244525,0,0,0
ag2205,20220218,20220218,133550000,13:35:50,4884,27786,26532,2030244525,0,0,0
ag2205,20220218,20220218,133552000,13:35:52,4884,27786,26532,2030244525,0,0,0
ag2205,20220218,20220218,133552500,13:35:52,4884,27786,26532,2030244525,0,0,0
ag2205,20220218,20220218,133554000,13:35:55,4884,27789,26535,2030464305,3,3,219780
ag2205,20220218,20220218,133554500,13:35:55,4884,27789,26535,2030464305,0,0,0
ag2205,20220218,20220218,133555000,13:35:56,4884,27789,26535,2030464305,0,0,0
ag2205,20220218,20220218,133555500,13:35:56,4884,27789,26535,2030464305,0,0,0
ag2205,20220218,20220218,133556000,13:35:56,4884,27789,26535,2030464305,0,0,0
ag2205,20220218,20220218,133556500,13:35:56,4884,27789,26535,2030464305,0,0,0
ag2205,20220218,20220218,133557000,13:35:58,4884,27789,26535,2030464305,0,0,0
ag2205,20220218,20220218,133557500,13:35:59,4884,27789,26535,2030464305,0,0,0
ag2205,20220218,20220218,133558000,13:36:01,4884,27789,26535,2030464305,0,0,0
ag2205,20220218,20220218,133558500,13:36:02,4884,27789,26535,2030464305,0,0,0
ag2205,20220218,20220218,133559500,13:36:03,4884,27789,26535,2030464305,0,0,0
ag2205,20220218,20220218,133600000,13:36:03,4884,27789,26535,2030464305,0,0,0
ag2205,20220218,20220218,133601500,13:36:03,4884,27790,26535,2030537565,1,0,73260
ag2205,20220218,20220218,133602500,13:36:03,4884,27790,26535,2030537565,0,0,0
ag2205,20220218,20220218,133603000,13:36:05,4884,27790,26535,2030537565,0,0,0
ag2205,20220218,20220218,133603500,13:36:05,4884,27790,26535,2030537565,0,0,0
ag2205,20220218,20220218,133604000,13:36:06,4884,27790,26535,2030537565,0,0,0
ag2205,20220218,20220218,133605500,13:36:07,4884,27790,26535,2030537565,0,0,0
ag2205,20220218,20220218,133606000,13:36:07,4884,27790,26535,2030537565,0,0,0
ag2205,20220218,20220218,133606500,13:36:07,4884,27790,26535,2030537565,0,0,0
ag2205,20220218,20220218,133607000,13:36:07,4884,27792,26537,2030684085,2,2,146520
ag2205,20220218,20220218,133607500,13:36:08,4884,27792,26537,2030684085,0,0,0
ag2205,20220218,20220218,133608000,13:36:08,4884,27792,26537,2030684085,0,0,0
ag2205,20220218,20220218,133609500,13:36:10,4884,27792,26537,2030684085,0,0,0
ag2205,20220218,20220218,133610000,13:36:10,4884,27792,26537,2030684085,0,0,0
ag2205,20220218,20220218,133611500,13:36:12,4884,27796,26540,2030977125,4,3,293040
ag2205,20220218,20220218,133612000,13:36:12,4884,27796,26540,2030977125,0,0,0
ag2205,20220218,20220218,133612500,13:36:12,4884,27796,26540,2030977125,0,0,0
ag2205,20220218,20220218,133613000,13:36:13,4884,27796,26540,2030977125,0,0,0
ag2205,20220218,20220218,133616000,13:36:16,4884,27798,26539,2031123645,2,-1,146520
ag2205,20220218,20220218,133616500,13:36:17,4884,27798,26539,2031123645,0,0,0
ag2205,20220218,20220218,133617000,13:36:17,4884,27798,26539,2031123645,0,0,0
ag2205,20220218,20220218,133617500,13:36:19,4884,27798,26539,2031123645,0,0,0
ag2205,20220218,20220218,133620000,13:36:20,4884,27798,26539,2031123645,0,0,0
ag2205,20220218,20220218,133620500,13:36:20,4884,27798,26539,2031123645,0,0,0
ag2205,20220218,20220218,133621500,13:36:21,4884,27798,26539,2031123645,0,0,0
ag2205,20220218,20220218,133623000,13:36:23,4884,27798,26539,2031123645,0,0,0
ag2205,20220218,20220218,133623500,13:36:23,4884,27798,26539,2031123645,0,0,0
ag2205,20220218,20220218,133624000,13:36:24,4884,27798,26539,2031123645,0,0,0
ag2205,20220218,20220218,133624500,13:36:24,4884,27798,26539,2031123645,0,0,0
ag2205,20220218,20220218,133625000,13:36:25,4884,27798,26539,2031123645,0,0,0
ag2205,20220218,20220218,133626500,13:36:27,4884,27798,26539,2031123645,0,0,0
ag2205,20220218,20220218,133627000,13:36:27,4884,27798,26539,2031123645,0,0,0
ag2205,20220218,20220218,133627500,13:36:28,4884,27798,26539,2031123645,0,0,0
ag2205,20220218,20220218,133628500,13:36:29,4884,27798,26539,2031123645,0,0,0
ag2205,20220218,20220218,133629000,13:36:29,4884,27798,26539,2031123645,0,0,0
ag2205,20220218,20220218,133629500,13:36:30,4884,27798,26539,2031123645,0,0,0
ag2205,20220218,20220218,133630000,13:36:30,4884,27798,26539,2031123645,0,0,0
ag2205,20220218,20220218,133630500,13:36:31,4885,27805,26542,2031636480,7,3,512835
ag2205,20220218,20220218,133631000,13:36:31,4885,27805,26542,2031636480,0,0,0
ag2205,20220218,20220218,133631500,13:36:31,4885,27805,26542,2031636480,0,0,0
ag2205,20220218,20220218,133632000,13:36:32,4885,27805,26542,2031636480,0,0,0
ag2205,20220218,20220218,133632500,13:36:32,4885,27805,26542,2031636480,0,0,0
ag2205,20220218,20220218,133633000,13:36:33,4885,27805,26542,2031636480,0,0,0
ag2205,20220218,20220218,133633500,13:36:33,4885,27805,26542,2031636480,0,0,0
ag2205,20220218,20220218,133635500,13:36:36,4885,27805,26542,2031636480,0,0,0
ag2205,20220218,20220218,133637000,13:36:38,4885,27805,26542,2031636480,0,0,0
ag2205,20220218,20220218,133644000,13:36:44,4885,27805,26542,2031636480,0,0,0
ag2205,20220218,20220218,133648000,13:36:48,4885,27805,26542,2031636480,0,0,0
ag2205,20220218,20220218,133648500,13:36:48,4885,27805,26542,2031636480,0,0,0
ag2205,20220218,20220218,133649500,13:36:49,4885,27805,26542,2031636480,0,0,0
ag2205,20220218,20220218,133651000,13:36:51,4885,27805,26542,2031636480,0,0,0
ag2205,20220218,20220218,133652000,13:36:52,4885,27805,26542,2031636480,0,0,0
ag2205,20220218,20220218,133652500,13:36:53,4885,27805,26542,2031636480,0,0,0
ag2205,20220218,20220218,133653000,13:36:53,4885,27809,26545,2031929580,4,3,293100
ag2205,20220218,20220218,133653500,13:36:54,4885,27809,26545,2031929580,0,0,0
ag2205,20220218,20220218,133654000,13:36:54,4885,27809,26545,2031929580,0,0,0
ag2205,20220218,20220218,133654500,13:36:54,4885,27809,26545,2031929580,0,0,0
ag2205,20220218,20220218,133655000,13:36:55,4885,27809,26545,2031929580,0,0,0
ag2205,20220218,20220218,133656500,13:36:57,4885,27809,26545,2031929580,0,0,0
ag2205,20220218,20220218,133657000,13:36:58,4885,27809,26545,2031929580,0,0,0
ag2205,20220218,20220218,133657500,13:36:58,4885,27809,26545,2031929580,0,0,0
ag2205,20220218,20220218,133658000,13:36:58,4885,27809,26545,2031929580,0,0,0
ag2205,20220218,20220218,133658500,13:36:59,4885,27809,26545,2031929580,0,0,0
ag2205,20220218,20220218,133659000,13:36:59,4885,27809,26545,2031929580,0,0,0
ag2205,20220218,20220218,133659500,13:36:59,4885,27809,26545,2031929580,0,0,0
ag2205,20220218,20220218,133700000,13:37:00,4885,27809,26545,2031929580,0,0,0
ag2205,20220218,20220218,133700500,13:37:00,4885,27809,26545,2031929580,0,0,0
ag2205,20220218,20220218,133701000,13:37:01,4885,27809,26545,2031929580,0,0,0
ag2205,20220218,20220218,133701500,13:37:01,4885,27809,26545,2031929580,0,0,0
ag2205,20220218,20220218,133702000,13:37:02,4885,27809,26545,2031929580,0,0,0
ag2205,20220218,20220218,133702500,13:37:03,4885,27809,26545,2031929580,0,0,0
ag2205,20220218,20220218,133703000,13:37:03,4885,27809,26545,2031929580,0,0,0
ag2205,20220218,20220218,133703500,13:37:03,4885,27809,26545,2031929580,0,0,0
ag2205,20220218,20220218,133705000,13:37:05,4885,27809,26545,2031929580,0,0,0
ag2205,20220218,20220218,133705500,13:37:07,4885,27809,26545,2031929580,0,0,0
ag2205,20220218,20220218,133706000,13:37:08,4885,27809,26545,2031929580,0,0,0
ag2205,20220218,20220218,133707000,13:37:08,4885,27809,26545,2031929580,0,0,0
ag2205,20220218,20220218,133707500,13:37:08,4885,27809,26545,2031929580,0,0,0
ag2205,20220218,20220218,133708000,13:37:08,4885,27809,26545,2031929580,0,0,0
ag2205,20220218,20220218,133708500,13:37:08,4885,27809,26545,2031929580,0,0,0
ag2205,20220218,20220218,133709500,13:37:10,4885,27809,26545,2031929580,0,0,0
ag2205,20220218,20220218,133710000,13:37:11,4885,27809,26545,2031929580,0,0,0
ag2205,20220218,20220218,133710500,13:37:11,4885,27809,26545,2031929580,0,0,0
ag2205,20220218,20220218,133711000,13:37:11,4885,27811,26545,2032076145,2,0,146565
ag2205,20220218,20220218,133711500,13:37:13,4885,27811,26545,2032076145,0,0,0
ag2205,20220218,20220218,133712000,13:37:13,4885,27811,26545,2032076145,0,0,0
ag2205,20220218,20220218,133712500,13:37:13,4886,27812,26544,2032149435,1,-1,73290
ag2205,20220218,20220218,133713000,13:37:13,4886,27812,26544,2032149435,0,0,0
ag2205,20220218,20220218,133713500,13:37:14,4886,27812,26544,2032149435,0,0,0
ag2205,20220218,20220218,133714000,13:37:14,4886,27812,26544,2032149435,0,0,0
ag2205,20220218,20220218,133714500,13:37:14,4886,27812,26544,2032149435,0,0,0
ag2205,20220218,20220218,133715000,13:37:15,4886,27812,26544,2032149435,0,0,0
ag2205,20220218,20220218,133715500,13:37:16,4886,27812,26544,2032149435,0,0,0
ag2205,20220218,20220218,133716000,13:37:16,4886,27812,26544,2032149435,0,0,0
ag2205,20220218,20220218,133716500,13:37:16,4886,27812,26544,2032149435,0,0,0
ag2205,20220218,20220218,133717000,13:37:17,4886,27812,26544,2032149435,0,0,0
ag2205,20220218,20220218,133718000,13:37:18,4886,27812,26544,2032149435,0,0,0
ag2205,20220218,20220218,133718500,13:37:19,4886,27812,26544,2032149435,0,0,0
ag2205,20220218,20220218,133719000,13:37:19,4886,27812,26544,2032149435,0,0,0
ag2205,20220218,20220218,133719500,13:37:19,4886,27812,26544,2032149435,0,0,0
ag2205,20220218,20220218,133720000,13:37:20,4886,27813,26544,2032222725,1,0,73290
ag2205,20220218,20220218,133720500,13:37:21,4886,27813,26544,2032222725,0,0,0
ag2205,20220218,20220218,133721000,13:37:21,4886,27813,26544,2032222725,0,0,0
ag2205,20220218,20220218,133721500,13:37:21,4886,27813,26544,2032222725,0,0,0
ag2205,20220218,20220218,133722000,13:37:22,4886,27813,26544,2032222725,0,0,0
ag2205,20220218,20220218,133723000,13:37:23,4886,27813,26544,2032222725,0,0,0
ag2205,20220218,20220218,133723500,13:37:23,4886,27813,26544,2032222725,0,0,0
ag2205,20220218,20220218,133724000,13:37:24,4886,27813,26544,2032222725,0,0,0
ag2205,20220218,20220218,133724500,13:37:25,4886,27813,26544,2032222725,0,0,0
ag2205,20220218,20220218,133725000,13:37:25,4886,27813,26544,2032222725,0,0,0
ag2205,20220218,20220218,133727000,13:37:27,4885,27814,26544,2032296000,1,0,73275
ag2205,20220218,20220218,133727500,13:37:27,4885,27814,26544,2032296000,0,0,0
ag2205,20220218,20220218,133728000,13:37:28,4885,27814,26544,2032296000,0,0,0
ag2205,20220218,20220218,133728500,13:37:28,4885,27814,26544,2032296000,0,0,0
ag2205,20220218,20220218,133729000,13:37:29,4885,27814,26544,2032296000,0,0,0
ag2205,20220218,20220218,133729500,13:37:29,4885,27814,26544,2032296000,0,0,0
ag2205,20220218,20220218,133730000,13:37:30,4885,27814,26544,2032296000,0,0,0
ag2205,20220218,20220218,133730500,13:37:31,4885,27814,26544,2032296000,0,0,0
ag2205,20220218,20220218,133731000,13:37:31,4885,27814,26544,2032296000,0,0,0
ag2205,20220218,20220218,133731500,13:37:31,4885,27814,26544,2032296000,0,0,0
ag2205,20220218,20220218,133732500,13:37:33,4885,27814,26544,2032296000,0,0,0
ag2205,20220218,20220218,133733000,13:37:33,4885,27814,26544,2032296000,0,0,0
ag2205,20220218,20220218,133734500,13:37:34,4884,27815,26543,2032369260,1,-1,73260
ag2205,20220218,20220218,133735000,13:37:35,4884,27815,26543,2032369260,0,0,0
ag2205,20220218,20220218,133735500,13:37:36,4884,27815,26543,2032369260,0,0,0
ag2205,20220218,20220218,133736000,13:37:36,4884,27815,26543,2032369260,0,0,0
ag2205,20220218,20220218,133736500,13:37:37,4884,27815,26543,2032369260,0,0,0
ag2205,20220218,20220218,133737000,13:37:37,4884,27815,26543,2032369260,0,0,0
ag2205,20220218,20220218,133737500,13:37:37,4884,27815,26543,2032369260,0,0,0
ag2205,20220218,20220218,133738000,13:37:38,4884,27815,26543,2032369260,0,0,0
ag2205,20220218,20220218,133738500,13:37:39,4884,27815,26543,2032369260,0,0,0
ag2205,20220218,20220218,133739000,13:37:39,4884,27815,26543,2032369260,0,0,0
ag2205,20220218,20220218,133739500,13:37:39,4884,27815,26543,2032369260,0,0,0
ag2205,20220218,20220218,133740000,13:37:40,4884,27815,26543,2032369260,0,0,0
ag2205,20220218,20220218,133740500,13:37:40,4884,27815,26543,2032369260,0,0,0
ag2205,20220218,20220218,133741000,13:37:41,4884,27815,26543,2032369260,0,0,0
ag2205,20220218,20220218,133741500,13:37:41,4884,27815,26543,2032369260,0,0,0
ag2205,20220218,20220218,133742000,13:37:42,4884,27815,26543,2032369260,0,0,0
ag2205,20220218,20220218,133742500,13:37:43,4884,27815,26543,2032369260,0,0,0
ag2205,20220218,20220218,133743000,13:37:43,4884,27815,26543,2032369260,0,0,0
ag2205,20220218,20220218,133743500,13:37:44,4884,27815,26543,2032369260,0,0,0
ag2205,20220218,20220218,133744000,13:37:44,4884,27815,26543,2032369260,0,0,0
ag2205,20220218,20220218,133744500,13:37:45,4884,27815,26543,2032369260,0,0,0
ag2205,20220218,20220218,133745000,13:37:45,4884,27815,26543,2032369260,0,0,0
ag2205,20220218,20220218,133745500,13:37:45,4884,27815,26543,2032369260,0,0,0
ag2205,20220218,20220218,133746000,13:37:46,4884,27815,26543,2032369260,0,0,0
ag2205,20220218,20220218,133746500,13:37:47,4884,27815,26543,2032369260,0,0,0
ag2205,20220218,20220218,133747000,13:37:47,4884,27815,26543,2032369260,0,0,0
ag2205,20220218,20220218,133747500,13:37:48,4884,27815,26543,2032369260,0,0,0
ag2205,20220218,20220218,133748000,13:37:48,4884,27815,26543,2032369260,0,0,0
ag2205,20220218,20220218,133748500,13:37:48,4884,27815,26543,2032369260,0,0,0
ag2205,20220218,20220218,133749000,13:37:49,4884,27815,26543,2032369260,0,0,0
ag2205,20220218,20220218,133753500,13:37:54,4884,27815,26543,2032369260,0,0,0
ag2205,20220218,20220218,133754000,13:37:55,4884,27815,26543,2032369260,0,0,0
ag2205,20220218,20220218,133755500,13:37:55,4884,27815,26543,2032369260,0,0,0
ag2205,20220218,20220218,133756000,13:37:56,4884,27815,26543,2032369260,0,0,0
ag2205,20220218,20220218,133756500,13:37:57,4884,27815,26543,2032369260,0,0,0
ag2205,20220218,20220218,133759500,13:38:00,4884,27815,26543,2032369260,0,0,0
ag2205,20220218,20220218,133800000,13:38:00,4884,27815,26543,2032369260,0,0,0
ag2205,20220218,20220218,133800500,13:38:02,4884,27815,26543,2032369260,0,0,0
ag2205,20220218,20220218,133803500,13:38:06,4884,27815,26543,2032369260,0,0,0
ag2205,20220218,20220218,133805500,13:38:07,4884,27815,26543,2032369260,0,0,0
ag2205,20220218,20220218,133806000,13:38:08,4884,27815,26543,2032369260,0,0,0
ag2205,20220218,20220218,133806500,13:38:09,4884,27815,26543,2032369260,0,0,0
ag2205,20220218,20220218,133808500,13:38:09,4884,27815,26543,2032369260,0,0,0
ag2205,20220218,20220218,133810000,13:38:10,4884,27815,26543,2032369260,0,0,0
ag2205,20220218,20220218,133810500,13:38:10,4884,27815,26543,2032369260,0,0,0
ag2205,20220218,20220218,133817000,13:38:18,4884,27815,26543,2032369260,0,0,0
ag2205,20220218,20220218,133820500,13:38:22,4884,27815,26543,2032369260,0,0,0
ag2205,20220218,20220218,133821500,13:38:22,4884,27815,26543,2032369260,0,0,0
ag2205,20220218,20220218,133823000,13:38:23,4885,27816,26542,2032442535,1,-1,73275
ag2205,20220218,20220218,133823500,13:38:24,4885,27816,26542,2032442535,0,0,0
ag2205,20220218,20220218,133824000,13:38:24,4885,27816,26542,2032442535,0,0,0
ag2205,20220218,20220218,133824500,13:38:32,4885,27816,26542,2032442535,0,0,0
ag2205,20220218,20220218,133825000,13:38:41,4885,27816,26542,2032442535,0,0,0
ag2205,20220218,20220218,133839000,13:38:42,4885,27816,26542,2032442535,0,0,0
ag2205,20220218,20220218,133842000,13:38:43,4885,27816,26542,2032442535,0,0,0
ag2205,20220218,20220218,133845000,13:38:45,4885,27816,26542,2032442535,0,0,0
ag2205,20220218,20220218,133845500,13:38:45,4885,27816,26542,2032442535,0,0,0
ag2205,20220218,20220218,133847000,13:38:47,4885,27816,26542,2032442535,0,0,0
ag2205,20220218,20220218,133848500,13:38:48,4885,27816,26542,2032442535,0,0,0
ag2205,20220218,20220218,133850500,13:38:50,4885,27816,26542,2032442535,0,0,0
ag2205,20220218,20220218,133851500,13:38:51,4885,27816,26542,2032442535,0,0,0
ag2205,20220218,20220218,133854000,13:38:54,4885,27816,26542,2032442535,0,0,0
ag2205,20220218,20220218,133858000,13:38:58,4885,27816,26542,2032442535,0,0,0
ag2205,20220218,20220218,133900000,13:39:00,4885,27816,26542,2032442535,0,0,0
ag2205,20220218,20220218,133901000,13:39:01,4885,27816,26542,2032442535,0,0,0
ag2205,20220218,20220218,133902000,13:39:02,4885,27816,26542,2032442535,0,0,0
ag2205,20220218,20220218,133908500,13:39:08,4885,27816,26542,2032442535,0,0,0
ag2205,20220218,20220218,133910000,13:39:10,4885,27816,26542,2032442535,0,0,0
ag2205,20220218,20220218,133912000,13:39:12,4885,27816,26542,2032442535,0,0,0
ag2205,20220218,20220218,133913500,13:39:13,4885,27816,26542,2032442535,0,0,0
ag2205,20220218,20220218,133914000,13:39:14,4885,27816,26542,2032442535,0,0,0
ag2205,20220218,20220218,133914500,13:39:15,4885,27816,26542,2032442535,0,0,0
ag2205,20220218,20220218,133915000,13:39:18,4885,27816,26542,2032442535,0,0,0
ag2205,20220218,20220218,133915500,13:39:19,4885,27816,26542,2032442535,0,0,0
ag2205,20220218,20220218,133916000,13:39:19,4885,27816,26542,2032442535,0,0,0
ag2205,20220218,20220218,133918000,13:39:19,4885,27816,26542,2032442535,0,0,0
ag2205,20220218,20220218,133920000,13:39:20,4885,27816,26542,2032442535,0,0,0
ag2205,20220218,20220218,133924000,13:39:24,4885,27816,26542,2032442535,0,0,0
ag2205,20220218,20220218,133925000,13:39:25,4885,27820,26544,2032735635,4,2,293100
ag2205,20220218,20220218,133926000,13:39:26,4885,27820,26544,2032735635,0,0,0
ag2205,20220218,20220218,133928000,13:39:28,4885,27820,26544,2032735635,0,0,0
ag2205,20220218,20220218,133929000,13:39:29,4885,27820,26544,2032735635,0,0,0
ag2205,20220218,20220218,133936000,13:39:36,4885,27820,26544,2032735635,0,0,0
ag2205,20220218,20220218,133937000,13:39:37,4885,27822,26545,2032882185,2,1,146550
ag2205,20220218,20220218,133938000,13:39:38,4885,27822,26545,2032882185,0,0,0
ag2205,20220218,20220218,133938500,13:39:38,4885,27822,26545,2032882185,0,0,0
ag2205,20220218,20220218,133939500,13:39:39,4885,27822,26545,2032882185,0,0,0
ag2205,20220218,20220218,133940500,13:39:41,4885,27822,26545,2032882185,0,0,0
ag2205,20220218,20220218,133941000,13:39:41,4885,27822,26545,2032882185,0,0,0
ag2205,20220218,20220218,133943500,13:39:43,4885,27822,26545,2032882185,0,0,0
ag2205,20220218,20220218,133944500,13:39:44,4885,27822,26545,2032882185,0,0,0
ag2205,20220218,20220218,133945000,13:39:45,4885,27822,26545,2032882185,0,0,0
ag2205,20220218,20220218,133945500,13:39:46,4885,27822,26545,2032882185,0,0,0
ag2205,20220218,20220218,133946000,13:39:47,4885,27822,26545,2032882185,0,0,0
ag2205,20220218,20220218,133946500,13:39:47,4885,27822,26545,2032882185,0,0,0
ag2205,20220218,20220218,133947000,13:39:47,4885,27822,26545,2032882185,0,0,0
ag2205,20220218,20220218,133947500,13:39:47,4885,27822,26545,2032882185,0,0,0
ag2205,20220218,20220218,133948000,13:39:48,4885,27822,26545,2032882185,0,0,0
ag2205,20220218,20220218,133948500,13:39:48,4885,27822,26545,2032882185,0,0,0
ag2205,20220218,20220218,133949000,13:39:49,4885,27822,26545,2032882185,0,0,0
ag2205,20220218,20220218,133949500,13:39:50,4885,27822,26545,2032882185,0,0,0
ag2205,20220218,20220218,133950000,13:39:50,4885,27822,26545,2032882185,0,0,0
ag2205,20220218,20220218,133950500,13:39:50,4885,27822,26545,2032882185,0,0,0
ag2205,20220218,20220218,133951000,13:39:51,4885,27822,26545,2032882185,0,0,0
ag2205,20220218,20220218,133955000,13:39:55,4885,27822,26545,2032882185,0,0,0
ag2205,20220218,20220218,133955500,13:39:55,4885,27822,26545,2032882185,0,0,0
ag2205,20220218,20220218,133958500,13:40:13,4885,27822,26545,2032882185,0,0,0
ag2205,20220218,20220218,134011500,13:40:13,4885,27822,26545,2032882185,0,0,0
ag2205,20220218,20220218,134015500,13:40:16,4886,27836,26549,2033908215,14,4,1026030
ag2205,20220218,20220218,134016000,13:40:16,4886,27836,26549,2033908215,0,0,0
ag2205,20220218,20220218,134016500,13:40:16,4886,27836,26549,2033908215,0,0,0
ag2205,20220218,20220218,134017000,13:40:17,4886,27836,26549,2033908215,0,0,0
ag2205,20220218,20220218,134017500,13:40:18,4886,27836,26549,2033908215,0,0,0
ag2205,20220218,20220218,134019500,13:40:20,4886,27836,26549,2033908215,0,0,0
ag2205,20220218,20220218,134020000,13:40:20,4886,27836,26549,2033908215,0,0,0
ag2205,20220218,20220218,134021000,13:40:21,4886,27836,26549,2033908215,0,0,0
ag2205,20220218,20220218,134021500,13:40:22,4886,27836,26549,2033908215,0,0,0
ag2205,20220218,20220218,134022000,13:40:22,4886,27836,26549,2033908215,0,0,0
ag2205,20220218,20220218,134022500,13:40:22,4887,27840,26551,2034201435,4,2,293220
ag2205,20220218,20220218,134023000,13:40:23,4887,27841,26551,2034274740,1,0,73305
ag2205,20220218,20220218,134023500,13:40:23,4887,27841,26551,2034274740,0,0,0
ag2205,20220218,20220218,134024000,13:40:24,4887,27841,26551,2034274740,0,0,0
ag2205,20220218,20220218,134024500,13:40:25,4887,27841,26551,2034274740,0,0,0
ag2205,20220218,20220218,134025000,13:40:25,4887,27841,26551,2034274740,0,0,0
ag2205,20220218,20220218,134025500,13:40:25,4887,27841,26551,2034274740,0,0,0
ag2205,20220218,20220218,134026000,13:40:26,4887,27841,26551,2034274740,0,0,0
ag2205,20220218,20220218,134026500,13:40:27,4887,27841,26551,2034274740,0,0,0
ag2205,20220218,20220218,134027000,13:40:27,4887,27841,26551,2034274740,0,0,0
ag2205,20220218,20220218,134027500,13:40:27,4887,27841,26551,2034274740,0,0,0
ag2205,20220218,20220218,134028000,13:40:28,4887,27841,26551,2034274740,0,0,0
ag2205,20220218,20220218,134028500,13:40:29,4887,27842,26552,2034348045,1,1,73305
ag2205,20220218,20220218,134029000,13:40:30,4887,27845,26555,2034567960,3,3,219915
ag2205,20220218,20220218,134029500,13:40:30,4887,27845,26555,2034567960,0,0,0
ag2205,20220218,20220218,134030000,13:40:30,4887,27845,26555,2034567960,0,0,0
ag2205,20220218,20220218,134030500,13:40:30,4887,27845,26555,2034567960,0,0,0
ag2205,20220218,20220218,134031000,13:40:31,4887,27845,26555,2034567960,0,0,0
ag2205,20220218,20220218,134031500,13:40:31,4887,27845,26555,2034567960,0,0,0
ag2205,20220218,20220218,134032000,13:40:32,4887,27845,26555,2034567960,0,0,0
ag2205,20220218,20220218,134032500,13:40:32,4887,27845,26555,2034567960,0,0,0
ag2205,20220218,20220218,134033000,13:40:33,4888,27847,26554,2034714600,2,-1,146640
ag2205,20220218,20220218,134033500,13:40:34,4888,27847,26554,2034714600,0,0,0
ag2205,20220218,20220218,134034000,13:40:34,4888,27847,26554,2034714600,0,0,0
ag2205,20220218,20220218,134034500,13:40:35,4888,27847,26554,2034714600,0,0,0
ag2205,20220218,20220218,134035000,13:40:35,4888,27847,26554,2034714600,0,0,0
ag2205,20220218,20220218,134035500,13:40:36,4888,27847,26554,2034714600,0,0,0
ag2205,20220218,20220218,134036000,13:40:36,4888,27847,26554,2034714600,0,0,0
ag2205,20220218,20220218,134036500,13:40:36,4888,27847,26554,2034714600,0,0,0
ag2205,20220218,20220218,134037000,13:40:37,4888,27847,26554,2034714600,0,0,0
ag2205,20220218,20220218,134037500,13:40:37,4888,27847,26554,2034714600,0,0,0
ag2205,20220218,20220218,134038000,13:40:38,4888,27847,26554,2034714600,0,0,0
ag2205,20220218,20220218,134038500,13:40:38,4888,27847,26554,2034714600,0,0,0
ag2205,20220218,20220218,134040000,13:40:41,4888,27847,26554,2034714600,0,0,0
ag2205,20220218,20220218,134040500,13:40:41,4888,27847,26554,2034714600,0,0,0
ag2205,20220218,20220218,134041000,13:40:42,4888,27847,26554,2034714600,0,0,0
ag2205,20220218,20220218,134041500,13:40:42,4888,27847,26554,2034714600,0,0,0
ag2205,20220218,20220218,134042000,13:40:42,4889,27905,26553,2038968030,58,-1,4253430
ag2205,20220218,20220218,134042500,13:40:42,4891,27921,26560,2040141645,16,7,1173615
ag2205,20220218,20220218,134043000,13:40:43,4890,27928,26558,2040655095,7,-2,513450
ag2205,20220218,20220218,134043500,13:40:44,4890,27929,26557,2040728445,1,-1,73350
ag2205,20220218,20220218,134044000,13:40:44,4890,27929,26557,2040728445,0,0,0
ag2205,20220218,20220218,134044500,13:40:44,4890,27929,26557,2040728445,0,0,0
ag2205,20220218,20220218,134045000,13:40:45,4890,27930,26557,2040801795,1,0,73350
ag2205,20220218,20220218,134045500,13:40:45,4891,27933,26560,2041021890,3,3,220095
ag2205,20220218,20220218,134046000,13:40:46,4891,27935,26559,2041168620,2,-1,146730
ag2205,20220218,20220218,134046500,13:40:46,4891,27941,26558,2041608810,6,-1,440190
ag2205,20220218,20220218,134047000,13:40:47,4891,27943,26558,2041755540,2,0,146730
ag2205,20220218,20220218,134047500,13:40:47,4890,27944,26558,2041828890,1,0,73350
ag2205,20220218,20220218,134048000,13:40:48,4890,27947,26556,2042048940,3,-2,220050
ag2205,20220218,20220218,134048500,13:40:48,4890,27963,26563,2043222540,16,7,1173600
ag2205,20220218,20220218,134049000,13:40:49,4890,27964,26563,2043295890,1,0,73350
ag2205,20220218,20220218,134049500,13:40:49,4890,27965,26563,2043369240,1,0,73350
ag2205,20220218,20220218,134050000,13:40:50,4890,27965,26563,2043369240,0,0,0
ag2205,20220218,20220218,134050500,13:40:50,4890,27965,26563,2043369240,0,0,0
ag2205,20220218,20220218,134051000,13:40:51,4890,27965,26563,2043369240,0,0,0
ag2205,20220218,20220218,134051500,13:40:55,4890,27965,26563,2043369240,0,0,0
ag2205,20220218,20220218,134052000,13:40:55,4890,27965,26563,2043369240,0,0,0
ag2205,20220218,20220218,134052500,13:40:55,4890,27965,26563,2043369240,0,0,0
ag2205,20220218,20220218,134055000,13:40:55,4890,27965,26563,2043369240,0,0,0
ag2205,20220218,20220218,134055500,13:40:57,4891,27970,26564,2043736065,5,1,366825
ag2205,20220218,20220218,134056000,13:40:58,4891,27971,26564,2043809430,1,0,73365
ag2205,20220218,20220218,134056500,13:40:58,4891,27971,26564,2043809430,0,0,0
ag2205,20220218,20220218,134057000,13:40:58,4891,27971,26564,2043809430,0,0,0
ag2205,20220218,20220218,134057500,13:40:58,4891,27971,26564,2043809430,0,0,0
ag2205,20220218,20220218,134058000,13:40:58,4891,27971,26564,2043809430,0,0,0
ag2205,20220218,20220218,134058500,13:40:59,4891,27971,26564,2043809430,0,0,0
ag2205,20220218,20220218,134059500,13:41:00,4891,27971,26564,2043809430,0,0,0
ag2205,20220218,20220218,134100000,13:41:00,4891,27971,26564,2043809430,0,0,0
ag2205,20220218,20220218,134100500,13:41:00,4891,27971,26564,2043809430,0,0,0
ag2205,20220218,20220218,134101000,13:41:01,4891,27971,26564,2043809430,0,0,0
ag2205,20220218,20220218,134101500,13:41:01,4891,27971,26564,2043809430,0,0,0
ag2205,20220218,20220218,134102000,13:41:02,4892,27976,26568,2044176330,5,4,366900
ag2205,20220218,20220218,134102500,13:41:02,4892,27977,26569,2044249710,1,1,73380
ag2205,20220218,20220218,134103000,13:41:04,4893,27978,26570,2044323105,1,1,73395
ag2205,20220218,20220218,134103500,13:41:05,4893,27994,26569,2045497650,16,-1,1174545
ag2205,20220218,20220218,134104000,13:41:05,4893,27995,26570,2045571045,1,1,73395
ag2205,20220218,20220218,134104500,13:41:05,4893,27995,26570,2045571045,0,0,0
ag2205,20220218,20220218,134105000,13:41:06,4893,27995,26570,2045571045,0,0,0
ag2205,20220218,20220218,134105500,13:41:06,4894,27997,26571,2045717865,2,1,146820
ag2205,20220218,20220218,134106000,13:41:07,4894,27997,26571,2045717865,0,0,0
ag2205,20220218,20220218,134106500,13:41:07,4894,27997,26571,2045717865,0,0,0
ag2205,20220218,20220218,134107000,13:41:07,4894,27997,26571,2045717865,0,0,0
ag2205,20220218,20220218,134107500,13:41:09,4895,27999,26569,2045864715,2,-2,146850
ag2205,20220218,20220218,134108000,13:41:09,4895,28000,26569,2045938140,1,0,73425
ag2205,20220218,20220218,134108500,13:41:10,4895,28002,26569,2046084990,2,0,146850
ag2205,20220218,20220218,134109000,13:41:10,4895,28008,26570,2046525540,6,1,440550
ag2205,20220218,20220218,134109500,13:41:10,4894,28010,26571,2046672375,2,1,146835
ag2205,20220218,20220218,134110000,13:41:10,4894,28010,26571,2046672375,0,0,0
ag2205,20220218,20220218,134110500,13:41:10,4894,28010,26571,2046672375,0,0,0
ag2205,20220218,20220218,134111000,13:41:11,4894,28010,26571,2046672375,0,0,0
ag2205,20220218,20220218,134111500,13:41:11,4894,28010,26571,2046672375,0,0,0
ag2205,20220218,20220218,134112000,13:41:12,4894,28010,26571,2046672375,0,0,0
ag2205,20220218,20220218,134112500,13:41:12,4894,28010,26571,2046672375,0,0,0
ag2205,20220218,20220218,134113000,13:41:13,4895,28013,26571,2046892650,3,0,220275
ag2205,20220218,20220218,134113500,13:41:13,4895,28013,26571,2046892650,0,0,0
ag2205,20220218,20220218,134114000,13:41:14,4897,28021,26574,2047480185,8,3,587535
ag2205,20220218,20220218,134114500,13:41:15,4897,28023,26573,2047627095,2,-1,146910
ag2205,20220218,20220218,134115000,13:41:16,4898,28026,26571,2047847505,3,-2,220410
ag2205,20220218,20220218,134115500,13:41:16,4899,28042,26574,2049023280,16,3,1175775
ag2205,20220218,20220218,134116000,13:41:16,4900,28048,26574,2049464280,6,0,441000
ag2205,20220218,20220218,134116500,13:41:17,4899,28058,26578,2050199220,10,4,734940
ag2205,20220218,20220218,134117000,13:41:17,4900,28061,26579,2050419720,3,1,220500
ag2205,20220218,20220218,134117500,13:41:18,4901,28078,26582,2051669235,17,3,1249515
ag2205,20220218,20220218,134118000,13:41:19,4900,28080,26583,2051816235,2,1,147000
ag2205,20220218,20220218,134118500,13:41:19,4901,28084,26583,2052110295,4,0,294060
ag2205,20220218,20220218,134119000,13:41:19,4901,28084,26583,2052110295,0,0,0
ag2205,20220218,20220218,134119500,13:41:19,4901,28084,26583,2052110295,0,0,0
ag2205,20220218,20220218,134120000,13:41:20,4902,28087,26581,2052330885,3,-2,220590
ag2205,20220218,20220218,134120500,13:41:23,4902,28088,26581,2052404415,1,0,73530
ag2205,20220218,20220218,134121000,13:41:23,4902,28088,26581,2052404415,0,0,0
ag2205,20220218,20220218,134121500,13:41:23,4903,28089,26582,2052477960,1,1,73545
ag2205,20220218,20220218,134122000,13:41:24,4903,28090,26582,2052551505,1,0,73545
ag2205,20220218,20220218,134123000,13:41:24,4901,28103,26576,2053507320,13,-6,955815
ag2205,20220218,20220218,134123500,13:41:24,4901,28106,26575,2053727865,3,-1,220545
ag2205,20220218,20220218,134124000,13:41:24,4901,28106,26575,2053727865,0,0,0
ag2205,20220218,20220218,134124500,13:41:26,4901,28106,26575,2053727865,0,0,0
ag2205,20220218,20220218,134125000,13:41:26,4901,28109,26574,2053948410,3,-1,220545
ag2205,20220218,20220218,134125500,13:41:27,4901,28115,26569,2054389500,6,-5,441090
ag2205,20220218,20220218,134126000,13:41:27,4901,28125,26573,2055124650,10,4,735150
ag2205,20220218,20220218,134126500,13:41:27,4901,28126,26572,2055198165,1,-1,73515
ag2205,20220218,20220218,134127000,13:41:27,4901,28127,26571,2055271680,1,-1,73515
ag2205,20220218,20220218,134127500,13:41:27,4902,28131,26568,2055565800,4,-3,294120
ag2205,20220218,20220218,134128000,13:41:28,4902,28131,26568,2055565800,0,0,0
ag2205,20220218,20220218,134128500,13:41:28,4902,28131,26568,2055565800,0,0,0
ag2205,20220218,20220218,134129000,13:41:29,4901,28134,26569,2055786345,3,1,220545
ag2205,20220218,20220218,134129500,13:41:30,4901,28134,26569,2055786345,0,0,0
ag2205,20220218,20220218,134130000,13:41:30,4901,28134,26569,2055786345,0,0,0
ag2205,20220218,20220218,134130500,13:41:31,4902,28135,26569,2055859875,1,0,73530
ag2205,20220218,20220218,134131000,13:41:31,4902,28135,26569,2055859875,0,0,0
ag2205,20220218,20220218,134131500,13:41:31,4902,28138,26568,2056080465,3,-1,220590
ag2205,20220218,20220218,134132000,13:41:32,4904,28146,26565,2056668840,8,-3,588375
ag2205,20220218,20220218,134132500,13:41:33,4903,28155,26562,2057330745,9,-3,661905
ag2205,20220218,20220218,134133000,13:41:33,4903,28156,26561,2057404290,1,-1,73545
ag2205,20220218,20220218,134133500,13:41:34,4902,28167,26562,2058213270,11,1,808980
ag2205,20220218,20220218,134134000,13:41:34,4902,28196,26579,2060345760,29,17,2132490
ag2205,20220218,20220218,134134500,13:41:34,4902,28196,26579,2060345760,0,0,0
ag2205,20220218,20220218,134135000,13:41:35,4902,28199,26578,2060566350,3,-1,220590
ag2205,20220218,20220218,134135500,13:41:35,4902,28199,26578,2060566350,0,0,0
ag2205,20220218,20220218,134136000,13:41:39,4904,28206,26579,2061081180,7,1,514830
ag2205,20220218,20220218,134136500,13:41:39,4903,28210,26579,2061375360,4,0,294180
ag2205,20220218,20220218,134137000,13:41:40,4903,28212,26581,2061522450,2,2,147090
ag2205,20220218,20220218,134139500,13:41:41,4903,28212,26581,2061522450,0,0,0
ag2205,20220218,20220218,134140000,13:41:42,4903,28212,26581,2061522450,0,0,0
ag2205,20220218,20220218,134140500,13:41:42,4903,28212,26581,2061522450,0,0,0
ag2205,20220218,20220218,134141000,13:41:42,4903,28213,26581,2061595995,1,0,73545
ag2205,20220218,20220218,134142000,13:41:42,4903,28213,26581,2061595995,0,0,0
ag2205,20220218,20220218,134142500,13:41:42,4903,28213,26581,2061595995,0,0,0
ag2205,20220218,20220218,134143000,13:41:43,4903,28213,26581,2061595995,0,0,0
ag2205,20220218,20220218,134143500,13:41:44,4902,28214,26581,2061669525,1,0,73530
ag2205,20220218,20220218,134144000,13:41:44,4902,28214,26581,2061669525,0,0,0
ag2205,20220218,20220218,134144500,13:41:44,4902,28214,26581,2061669525,0,0,0
ag2205,20220218,20220218,134145000,13:41:45,4902,28214,26581,2061669525,0,0,0
ag2205,20220218,20220218,134145500,13:41:45,4902,28214,26581,2061669525,0,0,0
ag2205,20220218,20220218,134146000,13:41:46,4902,28214,26581,2061669525,0,0,0
ag2205,20220218,20220218,134147000,13:41:47,4902,28214,26581,2061669525,0,0,0
ag2205,20220218,20220218,134147500,13:41:48,4902,28214,26581,2061669525,0,0,0
ag2205,20220218,20220218,134148000,13:41:48,4902,28214,26581,2061669525,0,0,0
ag2205,20220218,20220218,134148500,13:41:48,4902,28214,26581,2061669525,0,0,0
ag2205,20220218,20220218,134149000,13:41:49,4902,28214,26581,2061669525,0,0,0
ag2205,20220218,20220218,134149500,13:41:50,4902,28214,26581,2061669525,0,0,0
ag2205,20220218,20220218,134150000,13:41:50,4902,28214,26581,2061669525,0,0,0
ag2205,20220218,20220218,134150500,13:41:51,4901,28215,26582,2061743040,1,1,73515
ag2205,20220218,20220218,134151000,13:41:51,4901,28218,26584,2061963585,3,2,220545
ag2205,20220218,20220218,134151500,13:41:52,4901,28218,26584,2061963585,0,0,0
ag2205,20220218,20220218,134152000,13:41:52,4901,28218,26584,2061963585,0,0,0
ag2205,20220218,20220218,134152500,13:41:52,4901,28220,26585,2062110615,2,1,147030
ag2205,20220218,20220218,134153000,13:41:53,4901,28220,26585,2062110615,0,0,0
ag2205,20220218,20220218,134153500,13:41:54,4901,28220,26585,2062110615,0,0,0
ag2205,20220218,20220218,134154000,13:42:02,4901,28220,26585,2062110615,0,0,0
ag2205,20220218,20220218,134154500,13:42:02,4901,28220,26585,2062110615,0,0,0
ag2205,20220218,20220218,134202000,13:42:10,4901,28220,26585,2062110615,0,0,0
ag2205,20220218,20220218,134202500,13:42:11,4902,28283,26586,2066742750,63,1,4632135
ag2205,20220218,20220218,134203000,13:42:11,4902,28283,26586,2066742750,0,0,0
ag2205,20220218,20220218,134210000,13:42:12,4902,28283,26586,2066742750,0,0,0
ag2205,20220218,20220218,134210500,13:42:12,4902,28283,26586,2066742750,0,0,0
ag2205,20220218,20220218,134211000,13:42:12,4903,28295,26585,2067625305,12,-1,882555
ag2205,20220218,20220218,134211500,13:42:12,4903,28295,26585,2067625305,0,0,0
ag2205,20220218,20220218,134212000,13:42:13,4903,28295,26585,2067625305,0,0,0
ag2205,20220218,20220218,134212500,13:42:13,4903,28295,26585,2067625305,0,0,0
ag2205,20220218,20220218,134213000,13:42:13,4905,28303,26589,2068213800,8,4,588495
ag2205,20220218,20220218,134213500,13:42:13,4905,28306,26588,2068434525,3,-1,220725
ag2205,20220218,20220218,134214000,13:42:14,4905,28306,26588,2068434525,0,0,0
ag2205,20220218,20220218,134214500,13:42:15,4906,28312,26589,2068876065,6,1,441540
ag2205,20220218,20220218,134215000,13:42:15,4905,28315,26590,2069096820,3,1,220755
ag2205,20220218,20220218,134215500,13:42:16,4905,28318,26593,2069317545,3,3,220725
ag2205,20220218,20220218,134216000,13:42:16,4906,28322,26589,2069611905,4,-4,294360
ag2205,20220218,20220218,134216500,13:42:17,4907,28330,26587,2070200745,8,-2,588840
ag2205,20220218,20220218,134217000,13:42:18,4907,28330,26587,2070200745,0,0,0
ag2205,20220218,20220218,134217500,13:42:19,4907,28332,26589,2070347955,2,2,147210
ag2205,20220218,20220218,134218000,13:42:20,4907,28332,26589,2070347955,0,0,0
ag2205,20220218,20220218,134218500,13:42:20,4907,28335,26589,2070568770,3,0,220815
ag2205,20220218,20220218,134219500,13:42:20,4907,28358,26598,2072261385,23,9,1692615
ag2205,20220218,20220218,134220000,13:42:20,4906,28359,26599,2072334975,1,1,73590
ag2205,20220218,20220218,134220500,13:42:21,4906,28359,26599,2072334975,0,0,0
ag2205,20220218,20220218,134221000,13:42:21,4906,28365,26599,2072776515,6,0,441540
ag2205,20220218,20220218,134221500,13:42:21,4905,28367,26599,2072923680,2,0,147165
ag2205,20220218,20220218,134222000,13:42:22,4905,28367,26599,2072923680,0,0,0
ag2205,20220218,20220218,134222500,13:42:22,4905,28391,26585,2074689480,24,-14,1765800
ag2205,20220218,20220218,134223000,13:42:23,4904,28393,26585,2074836615,2,0,147135
ag2205,20220218,20220218,134223500,13:42:24,4904,28393,26585,2074836615,0,0,0
ag2205,20220218,20220218,134224000,13:42:24,4904,28393,26585,2074836615,0,0,0
ag2205,20220218,20220218,134224500,13:42:25,4904,28393,26585,2074836615,0,0,0
ag2205,20220218,20220218,134225000,13:42:25,4905,28395,26586,2074983765,2,1,147150
ag2205,20220218,20220218,134225500,13:42:25,4905,28398,26586,2075204490,3,0,220725
ag2205,20220218,20220218,134226000,13:42:26,4905,28398,26586,2075204490,0,0,0
ag2205,20220218,20220218,134226500,13:42:27,4905,28398,26586,2075204490,0,0,0
ag2205,20220218,20220218,134227000,13:42:28,4905,28399,26585,2075278065,1,-1,73575
ag2205,20220218,20220218,134227500,13:42:28,4906,28403,26583,2075572425,4,-2,294360
ag2205,20220218,20220218,134228000,13:42:29,4906,28403,26583,2075572425,0,0,0
ag2205,20220218,20220218,134228500,13:42:29,4906,28403,26583,2075572425,0,0,0
ag2205,20220218,20220218,134229000,13:42:29,4907,28404,26582,2075646030,1,-1,73605
ag2205,20220218,20220218,134234000,13:42:34,4907,28404,26582,2075646030,0,0,0
ag2205,20220218,20220218,134239500,13:42:39,4907,28404,26582,2075646030,0,0,0
ag2205,20220218,20220218,134241000,13:42:41,4907,28405,26583,2075719635,1,1,73605
ag2205,20220218,20220218,134246000,13:42:46,4907,28405,26583,2075719635,0,0,0
ag2205,20220218,20220218,134249000,13:42:49,4907,28406,26584,2075793240,1,1,73605
ag2205,20220218,20220218,134254500,13:42:54,4907,28406,26584,2075793240,0,0,0
ag2205,20220218,20220218,134255500,13:42:55,4905,28423,26595,2077044255,17,11,1251015
ag2205,20220218,20220218,134256000,13:42:56,4906,28425,26594,2077191435,2,-1,147180
ag2205,20220218,20220218,134256500,13:42:57,4906,28445,26612,2078663235,20,18,1471800
ag2205,20220218,20220218,134257000,13:42:59,4908,28505,26628,2083079355,60,16,4416120
ag2205,20220218,20220218,134257500,13:42:59,4908,28505,26628,2083079355,0,0,0
ag2205,20220218,20220218,134258000,13:42:59,4908,28505,26628,2083079355,0,0,0
ag2205,20220218,20220218,134259000,13:42:59,4907,28518,26631,2084036220,13,3,956865
ag2205,20220218,20220218,134259500,13:43:01,4907,28519,26631,2084109825,1,0,73605
ag2205,20220218,20220218,134300000,13:43:01,4907,28520,26631,2084183430,1,0,73605
ag2205,20220218,20220218,134300500,13:43:02,4907,28522,26629,2084330640,2,-2,147210
ag2205,20220218,20220218,134301000,13:43:02,4907,28523,26629,2084404245,1,0,73605
ag2205,20220218,20220218,134301500,13:43:02,4907,28523,26629,2084404245,0,0,0
ag2205,20220218,20220218,134302000,13:43:02,4907,28523,26629,2084404245,0,0,0
ag2205,20220218,20220218,134302500,13:43:02,4907,28523,26629,2084404245,0,0,0
ag2205,20220218,20220218,134303000,13:43:05,4907,28523,26629,2084404245,0,0,0
ag2205,20220218,20220218,134303500,13:43:11,4907,28523,26629,2084404245,0,0,0
ag2205,20220218,20220218,134304000,13:43:11,4907,28523,26629,2084404245,0,0,0
ag2205,20220218,20220218,134305000,13:43:11,4907,28523,26629,2084404245,0,0,0
ag2205,20220218,20220218,134310500,13:43:12,4907,28525,26630,2084551455,2,1,147210
ag2205,20220218,20220218,134311000,13:43:13,4907,28527,26631,2084698665,2,1,147210
ag2205,20220218,20220218,134312500,13:43:14,4907,28527,26631,2084698665,0,0,0
ag2205,20220218,20220218,134313000,13:43:14,4907,28528,26632,2084772270,1,1,73605
ag2205,20220218,20220218,134314000,13:43:14,4907,28528,26632,2084772270,0,0,0
ag2205,20220218,20220218,134314500,13:43:15,4907,28529,26633,2084845875,1,1,73605
ag2205,20220218,20220218,134315000,13:43:15,4907,28529,26633,2084845875,0,0,0
