ag2203,20220218,20220218,111956000,11:20:09,4868,3026,17364,220293615,3026,-766,220293615
ag2203,20220218,20220218,112004500,11:20:09,4868,3026,17364,220293615,0,0,0
ag2203,20220218,20220218,112009000,11:20:10,4868,3026,17364,220293615,0,0,0
ag2203,20220218,20220218,112012500,11:20:12,4868,3026,17364,220293615,0,0,0
ag2203,20220218,20220218,112017000,11:20:17,4868,3026,17364,220293615,0,0,0
ag2203,20220218,20220218,112017500,11:20:17,4868,3026,17364,220293615,0,0,0
ag2203,20220218,20220218,112018000,11:20:18,4868,3026,17364,220293615,0,0,0
ag2203,20220218,20220218,112018500,11:20:18,4868,3026,17364,220293615,0,0,0
ag2203,20220218,20220218,112019000,11:20:19,4868,3026,17364,220293615,0,0,0
ag2203,20220218,20220218,112019500,11:20:20,4868,3026,17364,220293615,0,0,0
ag2203,20220218,20220218,112025000,11:20:25,4868,3026,17364,220293615,0,0,0
ag2203,20220218,20220218,112027500,11:20:28,4868,3026,17364,220293615,0,0,0
ag2203,20220218,20220218,112028500,11:20:28,4868,3026,17364,220293615,0,0,0
ag2203,20220218,20220218,112029000,11:20:29,4868,3026,17364,220293615,0,0,0
ag2203,20220218,20220218,112029500,11:20:30,4868,3026,17364,220293615,0,0,0
ag2203,20220218,20220218,112030000,11:20:31,4868,3026,17364,220293615,0,0,0
ag2203,20220218,20220218,112030500,11:20:31,4868,3026,17364,220293615,0,0,0
ag2203,20220218,20220218,112031000,11:20:31,4868,3026,17364,220293615,0,0,0
ag2203,20220218,20220218,112032500,11:20:32,4868,3026,17364,220293615,0,0,0
ag2203,20220218,20220218,112033000,11:20:33,4868,3026,17364,220293615,0,0,0
ag2203,20220218,20220218,112033500,11:20:33,4868,3026,17364,220293615,0,0,0
ag2203,20220218,20220218,112038500,11:20:38,4868,3026,17364,220293615,0,0,0
ag2203,20220218,20220218,112047000,11:20:47,4868,3026,17364,220293615,0,0,0
ag2203,20220218,20220218,112047500,11:20:48,4868,3026,17364,220293615,0,0,0
ag2203,20220218,20220218,112048500,11:20:49,4868,3026,17364,220293615,0,0,0
ag2203,20220218,20220218,112049000,11:20:50,4868,3026,17364,220293615,0,0,0
ag2203,20220218,20220218,112055000,11:20:55,4868,3026,17364,220293615,0,0,0
ag2203,20220218,20220218,112057000,11:20:57,4868,3026,17364,220293615,0,0,0
ag2203,20220218,20220218,112058000,11:20:58,4868,3029,17361,220512675,3,-3,219060
ag2203,20220218,20220218,112058500,11:20:59,4868,3030,17360,220585695,1,-1,73020
ag2203,20220218,20220218,112059000,11:20:59,4868,3030,17360,220585695,0,0,0
ag2203,20220218,20220218,112059500,11:21:00,4868,3030,17360,220585695,0,0,0
ag2203,20220218,20220218,112100000,11:21:00,4868,3030,17360,220585695,0,0,0
ag2203,20220218,20220218,112100500,11:21:01,4868,3030,17360,220585695,0,0,0
ag2203,20220218,20220218,112101000,11:21:01,4868,3030,17360,220585695,0,0,0
ag2203,20220218,20220218,112101500,11:21:02,4868,3030,17360,220585695,0,0,0
ag2203,20220218,20220218,112102000,11:21:02,4868,3030,17360,220585695,0,0,0
ag2203,20220218,20220218,112102500,11:21:03,4868,3033,17357,220804755,3,-3,219060
ag2203,20220218,20220218,112103000,11:21:03,4868,3034,17356,220877775,1,-1,73020
ag2203,20220218,20220218,112103500,11:21:03,4868,3034,17356,220877775,0,0,0
ag2203,20220218,20220218,112104000,11:21:04,4868,3034,17356,220877775,0,0,0
ag2203,20220218,20220218,112104500,11:21:05,4868,3034,17356,220877775,0,0,0
ag2203,20220218,20220218,112105500,11:21:06,4868,3034,17356,220877775,0,0,0
ag2203,20220218,20220218,112106000,11:21:07,4868,3034,17356,220877775,0,0,0
ag2203,20220218,20220218,112106500,11:21:07,4868,3034,17356,220877775,0,0,0
ag2203,20220218,20220218,112108000,11:21:10,4869,3037,17353,221096880,3,-3,219105
ag2203,20220218,20220218,112108500,11:21:10,4869,3037,17353,221096880,0,0,0
ag2203,20220218,20220218,112110000,11:21:10,4869,3037,17353,221096880,0,0,0
ag2203,20220218,20220218,112111500,11:21:12,4869,3037,17353,221096880,0,0,0
ag2203,20220218,20220218,112112000,11:21:12,4870,3040,17350,221316030,3,-3,219150
ag2203,20220218,20220218,112112500,11:21:12,4870,3041,17349,221389080,1,-1,73050
ag2203,20220218,20220218,112113000,11:21:13,4870,3041,17349,221389080,0,0,0
ag2203,20220218,20220218,112113500,11:21:13,4870,3041,17349,221389080,0,0,0
ag2203,20220218,20220218,112114000,11:21:14,4870,3041,17349,221389080,0,0,0
ag2203,20220218,20220218,112114500,11:21:14,4870,3041,17349,221389080,0,0,0
ag2203,20220218,20220218,112115500,11:21:15,4870,3041,17349,221389080,0,0,0
ag2203,20220218,20220218,112116000,11:21:16,4870,3041,17349,221389080,0,0,0
ag2203,20220218,20220218,112117000,11:21:17,4870,3041,17349,221389080,0,0,0
ag2203,20220218,20220218,112117500,11:21:18,4870,3041,17349,221389080,0,0,0
ag2203,20220218,20220218,112118000,11:21:18,4870,3041,17349,221389080,0,0,0
ag2203,20220218,20220218,112118500,11:21:18,4870,3041,17349,221389080,0,0,0
ag2203,20220218,20220218,112125000,11:21:29,4870,3041,17349,221389080,0,0,0
ag2203,20220218,20220218,112331500,11:23:33,4870,3041,17349,221389080,0,0,0
ag2203,20220218,20220218,112337000,11:23:38,4870,3041,17349,221389080,0,0,0
ag2203,20220218,20220218,112337500,11:23:38,4870,3041,17349,221389080,0,0,0
ag2203,20220218,20220218,112339500,11:23:39,4870,3041,17349,221389080,0,0,0
ag2203,20220218,20220218,112340000,11:23:40,4870,3041,17349,221389080,0,0,0
ag2203,20220218,20220218,112340500,11:23:40,4870,3041,17349,221389080,0,0,0
ag2203,20220218,20220218,112344500,11:23:48,4870,3041,17349,221389080,0,0,0
ag2203,20220218,20220218,112345000,11:23:48,4870,3041,17349,221389080,0,0,0
ag2203,20220218,20220218,112345500,11:23:48,4870,3041,17349,221389080,0,0,0
ag2203,20220218,20220218,112346000,11:23:48,4868,3046,17345,221754150,5,-4,365070
ag2203,20220218,20220218,112348000,11:23:48,4868,3046,17345,221754150,0,0,0
ag2203,20220218,20220218,112348500,11:23:49,4868,3046,17345,221754150,0,0,0
ag2203,20220218,20220218,112349000,11:23:49,4868,3046,17345,221754150,0,0,0
ag2203,20220218,20220218,112349500,11:23:50,4868,3046,17345,221754150,0,0,0
ag2203,20220218,20220218,112350000,11:23:50,4868,3046,17345,221754150,0,0,0
ag2203,20220218,20220218,112350500,11:23:50,4868,3046,17345,221754150,0,0,0
ag2203,20220218,20220218,112351000,11:23:51,4868,3046,17345,221754150,0,0,0
ag2203,20220218,20220218,112353000,11:23:53,4868,3048,17345,221900190,2,0,146040
ag2203,20220218,20220218,112353500,11:23:53,4868,3049,17344,221973210,1,-1,73020
ag2203,20220218,20220218,112354000,11:23:54,4868,3049,17344,221973210,0,0,0
ag2203,20220218,20220218,112354500,11:23:55,4868,3049,17344,221973210,0,0,0
ag2203,20220218,20220218,112355000,11:23:55,4868,3049,17344,221973210,0,0,0
ag2203,20220218,20220218,112356500,11:23:56,4868,3049,17344,221973210,0,0,0
ag2203,20220218,20220218,112357000,11:23:57,4868,3052,17344,222192270,3,0,219060
ag2203,20220218,20220218,112357500,11:23:57,4868,3052,17344,222192270,0,0,0
ag2203,20220218,20220218,112358000,11:23:58,4868,3052,17344,222192270,0,0,0
ag2203,20220218,20220218,112358500,11:23:58,4868,3052,17344,222192270,0,0,0
ag2203,20220218,20220218,112359000,11:23:59,4868,3052,17344,222192270,0,0,0
ag2203,20220218,20220218,112359500,11:23:59,4868,3052,17344,222192270,0,0,0
ag2203,20220218,20220218,112400000,11:24:00,4868,3052,17344,222192270,0,0,0
ag2203,20220218,20220218,112400500,11:24:00,4868,3052,17344,222192270,0,0,0
ag2203,20220218,20220218,112401000,11:24:01,4868,3052,17344,222192270,0,0,0
ag2203,20220218,20220218,112405000,11:24:05,4868,3052,17344,222192270,0,0,0
ag2203,20220218,20220218,112405500,11:24:05,4868,3052,17344,222192270,0,0,0
ag2203,20220218,20220218,112407500,11:24:08,4868,3052,17344,222192270,0,0,0
ag2203,20220218,20220218,112414000,11:24:14,4868,3052,17344,222192270,0,0,0
ag2203,20220218,20220218,112414500,11:24:14,4868,3052,17344,222192270,0,0,0
ag2203,20220218,20220218,112415000,11:24:15,4868,3052,17344,222192270,0,0,0
ag2203,20220218,20220218,112416000,11:24:16,4868,3052,17344,222192270,0,0,0
ag2203,20220218,20220218,112416500,11:24:16,4868,3052,17344,222192270,0,0,0
ag2203,20220218,20220218,112424000,11:24:24,4868,3052,17344,222192270,0,0,0
ag2203,20220218,20220218,112432000,11:24:32,4868,3052,17344,222192270,0,0,0
ag2203,20220218,20220218,112438000,11:24:39,4868,3055,17344,222411330,3,0,219060
ag2203,20220218,20220218,112438500,11:24:39,4868,3062,17343,222922470,7,-1,511140
ag2203,20220218,20220218,112439000,11:24:40,4867,3063,17344,222995475,1,1,73005
ag2203,20220218,20220218,112439500,11:24:40,4867,3063,17344,222995475,0,0,0
ag2203,20220218,20220218,112440000,11:24:40,4867,3063,17344,222995475,0,0,0
ag2203,20220218,20220218,112440500,11:24:40,4867,3063,17344,222995475,0,0,0
ag2203,20220218,20220218,112441500,11:24:41,4867,3063,17344,222995475,0,0,0
ag2203,20220218,20220218,112442000,11:24:42,4867,3063,17344,222995475,0,0,0
ag2203,20220218,20220218,112448500,11:24:48,4867,3063,17344,222995475,0,0,0
ag2203,20220218,20220218,112454500,11:24:54,4867,3063,17344,222995475,0,0,0
ag2203,20220218,20220218,112456500,11:24:56,4867,3063,17344,222995475,0,0,0
ag2203,20220218,20220218,112459000,11:24:59,4867,3063,17344,222995475,0,0,0
ag2203,20220218,20220218,112459500,11:24:59,4867,3063,17344,222995475,0,0,0
ag2203,20220218,20220218,112500000,11:25:00,4867,3063,17344,222995475,0,0,0
ag2203,20220218,20220218,112500500,11:25:01,4867,3063,17344,222995475,0,0,0
ag2203,20220218,20220218,112529000,11:25:29,4867,3063,17344,222995475,0,0,0
ag2203,20220218,20220218,112529500,11:25:30,4867,3063,17344,222995475,0,0,0
ag2203,20220218,20220218,112530000,11:25:30,4867,3063,17344,222995475,0,0,0
ag2203,20220218,20220218,112530500,11:25:31,4867,3063,17344,222995475,0,0,0
ag2203,20220218,20220218,112539000,11:25:39,4867,3063,17344,222995475,0,0,0
ag2203,20220218,20220218,112540500,11:25:40,4867,3063,17344,222995475,0,0,0
ag2203,20220218,20220218,112541000,11:25:41,4867,3063,17344,222995475,0,0,0
ag2203,20220218,20220218,112543000,11:25:43,4868,3066,17341,223214535,3,-3,219060
ag2203,20220218,20220218,112543500,11:25:43,4868,3066,17341,223214535,0,0,0
ag2203,20220218,20220218,112544000,11:25:44,4868,3066,17341,223214535,0,0,0
ag2203,20220218,20220218,112544500,11:25:44,4868,3066,17341,223214535,0,0,0
ag2203,20220218,20220218,112545000,11:25:45,4868,3066,17341,223214535,0,0,0
ag2203,20220218,20220218,112545500,11:25:46,4868,3067,17340,223287555,1,-1,73020
ag2203,20220218,20220218,112546000,11:25:46,4868,3067,17340,223287555,0,0,0
ag2203,20220218,20220218,112546500,11:25:47,4868,3067,17340,223287555,0,0,0
ag2203,20220218,20220218,112547000,11:25:48,4868,3070,17337,223506615,3,-3,219060
ag2203,20220218,20220218,112547500,11:25:48,4868,3070,17337,223506615,0,0,0
ag2203,20220218,20220218,112548000,11:25:48,4868,3070,17337,223506615,0,0,0
ag2203,20220218,20220218,112548500,11:25:48,4868,3070,17337,223506615,0,0,0
ag2203,20220218,20220218,112549000,11:25:49,4868,3070,17337,223506615,0,0,0
ag2203,20220218,20220218,112550000,11:25:50,4868,3071,17336,223579635,1,-1,73020
ag2203,20220218,20220218,112550500,11:25:50,4868,3071,17336,223579635,0,0,0
ag2203,20220218,20220218,112551000,11:25:51,4868,3071,17336,223579635,0,0,0
ag2203,20220218,20220218,112551500,11:25:51,4868,3071,17336,223579635,0,0,0
ag2203,20220218,20220218,112552000,11:25:52,4868,3071,17336,223579635,0,0,0
ag2203,20220218,20220218,112552500,11:25:52,4868,3071,17336,223579635,0,0,0
ag2203,20220218,20220218,112557500,11:25:57,4868,3071,17336,223579635,0,0,0
ag2203,20220218,20220218,112558000,11:25:59,4868,3071,17336,223579635,0,0,0
ag2203,20220218,20220218,112558500,11:25:59,4868,3071,17336,223579635,0,0,0
ag2203,20220218,20220218,112604500,11:26:05,4868,3071,17336,223579635,0,0,0
ag2203,20220218,20220218,112617000,11:26:17,4868,3074,17333,223798695,3,-3,219060
ag2203,20220218,20220218,112617500,11:26:17,4868,3075,17332,223871715,1,-1,73020
ag2203,20220218,20220218,112618000,11:26:18,4868,3075,17332,223871715,0,0,0
ag2203,20220218,20220218,112618500,11:26:18,4868,3075,17332,223871715,0,0,0
ag2203,20220218,20220218,112619000,11:26:19,4868,3075,17332,223871715,0,0,0
ag2203,20220218,20220218,112619500,11:26:20,4868,3075,17332,223871715,0,0,0
ag2203,20220218,20220218,112620000,11:26:20,4868,3075,17332,223871715,0,0,0
ag2203,20220218,20220218,112620500,11:26:20,4868,3075,17332,223871715,0,0,0
ag2203,20220218,20220218,112621000,11:26:21,4868,3075,17332,223871715,0,0,0
ag2203,20220218,20220218,112621500,11:26:21,4868,3075,17332,223871715,0,0,0
ag2203,20220218,20220218,112651000,11:27:10,4868,3075,17332,223871715,0,0,0
ag2203,20220218,20220218,112707000,11:27:12,4868,3075,17332,223871715,0,0,0
ag2203,20220218,20220218,112723000,11:27:26,4868,3075,17332,223871715,0,0,0
ag2203,20220218,20220218,112723500,11:27:27,4868,3075,17332,223871715,0,0,0
ag2203,20220218,20220218,112737500,11:27:38,4868,3075,17332,223871715,0,0,0
ag2203,20220218,20220218,112738000,11:27:38,4868,3075,17332,223871715,0,0,0
ag2203,20220218,20220218,112738500,11:27:39,4868,3075,17332,223871715,0,0,0
ag2203,20220218,20220218,112739500,11:27:39,4868,3075,17332,223871715,0,0,0
ag2203,20220218,20220218,112741500,11:27:41,4868,3075,17332,223871715,0,0,0
ag2203,20220218,20220218,112742000,11:27:42,4868,3075,17332,223871715,0,0,0
ag2203,20220218,20220218,112742500,11:27:43,4868,3075,17332,223871715,0,0,0
ag2203,20220218,20220218,112743000,11:27:43,4868,3075,17332,223871715,0,0,0
ag2203,20220218,20220218,112748000,11:27:48,4868,3075,17332,223871715,0,0,0
ag2203,20220218,20220218,112748500,11:27:54,4868,3075,17332,223871715,0,0,0
ag2203,20220218,20220218,112753500,11:27:54,4868,3075,17332,223871715,0,0,0
ag2203,20220218,20220218,112802000,11:28:03,4868,3075,17332,223871715,0,0,0
ag2203,20220218,20220218,112802500,11:28:03,4868,3075,17332,223871715,0,0,0
ag2203,20220218,20220218,112803000,11:28:04,4868,3075,17332,223871715,0,0,0
ag2203,20220218,20220218,112805500,11:28:06,4868,3075,17332,223871715,0,0,0
ag2203,20220218,20220218,112810000,11:28:11,4868,3075,17332,223871715,0,0,0
ag2203,20220218,20220218,112810500,11:28:11,4868,3075,17332,223871715,0,0,0
ag2203,20220218,20220218,112811000,11:28:12,4868,3075,17332,223871715,0,0,0
ag2203,20220218,20220218,112815000,11:28:15,4868,3075,17332,223871715,0,0,0
ag2203,20220218,20220218,112815500,11:28:15,4868,3075,17332,223871715,0,0,0
ag2203,20220218,20220218,112817000,11:28:17,4868,3075,17332,223871715,0,0,0
ag2203,20220218,20220218,112817500,11:28:17,4868,3075,17332,223871715,0,0,0
ag2203,20220218,20220218,112818000,11:28:18,4868,3075,17332,223871715,0,0,0
ag2203,20220218,20220218,112819500,11:28:19,4868,3075,17332,223871715,0,0,0
ag2203,20220218,20220218,112820000,11:28:20,4868,3075,17332,223871715,0,0,0
ag2203,20220218,20220218,112820500,11:28:20,4868,3075,17332,223871715,0,0,0
ag2203,20220218,20220218,112821000,11:28:21,4868,3075,17332,223871715,0,0,0
ag2203,20220218,20220218,112826000,11:28:26,4868,3075,17332,223871715,0,0,0
ag2203,20220218,20220218,112826500,11:28:26,4868,3075,17332,223871715,0,0,0
ag2203,20220218,20220218,112827000,11:28:27,4868,3075,17332,223871715,0,0,0
ag2203,20220218,20220218,112827500,11:28:27,4868,3075,17332,223871715,0,0,0
ag2203,20220218,20220218,112828500,11:28:28,4868,3075,17332,223871715,0,0,0
ag2203,20220218,20220218,112829000,11:28:29,4867,3080,17331,224236740,5,-1,365025
ag2203,20220218,20220218,112829500,11:28:29,4867,3080,17331,224236740,0,0,0
ag2203,20220218,20220218,112830000,11:28:30,4867,3080,17331,224236740,0,0,0
ag2203,20220218,20220218,112830500,11:28:31,4867,3080,17331,224236740,0,0,0
ag2203,20220218,20220218,112834000,11:28:34,4867,3080,17331,224236740,0,0,0
ag2203,20220218,20220218,112834500,11:28:34,4867,3080,17331,224236740,0,0,0
ag2203,20220218,20220218,112835000,11:28:35,4867,3080,17331,224236740,0,0,0
ag2203,20220218,20220218,112835500,11:28:35,4867,3080,17331,224236740,0,0,0
ag2203,20220218,20220218,112842000,11:28:42,4867,3080,17331,224236740,0,0,0
ag2203,20220218,20220218,112844000,11:28:44,4867,3080,17331,224236740,0,0,0
ag2203,20220218,20220218,112844500,11:28:44,4867,3080,17331,224236740,0,0,0
ag2203,20220218,20220218,112848000,11:28:48,4867,3080,17331,224236740,0,0,0
ag2203,20220218,20220218,112849000,11:28:49,4867,3080,17331,224236740,0,0,0
ag2203,20220218,20220218,112900500,11:29:01,4867,3080,17331,224236740,0,0,0
ag2203,20220218,20220218,112901000,11:29:01,4867,3080,17331,224236740,0,0,0
ag2203,20220218,20220218,112901500,11:29:01,4867,3080,17331,224236740,0,0,0
ag2203,20220218,20220218,112903000,11:29:03,4867,3080,17331,224236740,0,0,0
ag2203,20220218,20220218,112903500,11:29:03,4867,3080,17331,224236740,0,0,0
ag2203,20220218,20220218,112905000,11:29:05,4867,3080,17331,224236740,0,0,0
ag2203,20220218,20220218,112905500,11:29:06,4867,3080,17331,224236740,0,0,0
ag2203,20220218,20220218,112907000,11:29:07,4867,3080,17331,224236740,0,0,0
ag2203,20220218,20220218,112907500,11:29:08,4867,3080,17331,224236740,0,0,0
ag2203,20220218,20220218,112909000,11:29:09,4867,3080,17331,224236740,0,0,0
ag2203,20220218,20220218,112909500,11:29:09,4867,3080,17331,224236740,0,0,0
ag2203,20220218,20220218,112911000,11:29:11,4867,3080,17331,224236740,0,0,0
ag2203,20220218,20220218,112911500,11:29:12,4867,3080,17331,224236740,0,0,0
ag2203,20220218,20220218,112913000,11:29:13,4867,3080,17331,224236740,0,0,0
ag2203,20220218,20220218,112913500,11:29:14,4867,3080,17331,224236740,0,0,0
ag2203,20220218,20220218,112915000,11:29:15,4867,3080,17331,224236740,0,0,0
ag2203,20220218,20220218,112915500,11:29:16,4867,3080,17331,224236740,0,0,0
ag2203,20220218,20220218,112917000,11:29:20,4867,3080,17331,224236740,0,0,0
ag2203,20220218,20220218,112917500,11:29:20,4867,3080,17331,224236740,0,0,0
ag2203,20220218,20220218,112920000,11:29:21,4867,3080,17331,224236740,0,0,0
ag2203,20220218,20220218,112922000,11:29:24,4867,3080,17331,224236740,0,0,0
ag2203,20220218,20220218,112922500,11:29:24,4867,3080,17331,224236740,0,0,0
ag2203,20220218,20220218,112924000,11:29:24,4867,3080,17331,224236740,0,0,0
ag2203,20220218,20220218,112924500,11:29:24,4867,3080,17331,224236740,0,0,0
ag2203,20220218,20220218,112926000,11:29:26,4867,3080,17331,224236740,0,0,0
ag2203,20220218,20220218,112926500,11:29:26,4867,3080,17331,224236740,0,0,0
ag2203,20220218,20220218,112928000,11:29:28,4867,3080,17331,224236740,0,0,0
ag2203,20220218,20220218,112928500,11:29:28,4867,3080,17331,224236740,0,0,0
ag2203,20220218,20220218,112930000,11:29:30,4867,3080,17331,224236740,0,0,0
ag2203,20220218,20220218,112930500,11:29:30,4867,3080,17331,224236740,0,0,0
ag2203,20220218,20220218,112931000,11:29:32,4867,3080,17331,224236740,0,0,0
ag2203,20220218,20220218,112931500,11:29:32,4867,3080,17331,224236740,0,0,0
ag2203,20220218,20220218,112932000,11:29:32,4867,3080,17331,224236740,0,0,0
ag2203,20220218,20220218,112933000,11:29:37,4867,3080,17331,224236740,0,0,0
ag2203,20220218,20220218,112933500,11:29:37,4867,3080,17331,224236740,0,0,0
ag2203,20220218,20220218,112934500,11:29:38,4867,3080,17331,224236740,0,0,0
ag2203,20220218,20220218,112940000,11:29:40,4867,3080,17331,224236740,0,0,0
ag2203,20220218,20220218,112940500,11:29:40,4867,3080,17331,224236740,0,0,0
ag2203,20220218,20220218,112941000,11:29:41,4867,3080,17331,224236740,0,0,0
ag2203,20220218,20220218,112941500,11:29:42,4867,3080,17331,224236740,0,0,0
ag2203,20220218,20220218,112947500,11:29:48,4867,3080,17331,224236740,0,0,0
ag2203,20220218,20220218,112948000,11:29:48,4867,3080,17331,224236740,0,0,0
ag2203,20220218,20220218,112949000,11:29:50,4867,3080,17331,224236740,0,0,0
ag2203,20220218,20220218,112950500,11:29:51,4867,3080,17331,224236740,0,0,0
ag2203,20220218,20220218,112951000,11:29:52,4867,3080,17331,224236740,0,0,0
ag2203,20220218,20220218,112952000,11:29:52,4867,3080,17331,224236740,0,0,0
ag2203,20220218,20220218,112952500,11:29:53,4867,3080,17331,224236740,0,0,0
ag2203,20220218,20220218,112955500,11:29:55,4867,3080,17331,224236740,0,0,0
ag2203,20220218,20220218,112957000,11:30:00,4867,3080,17331,224236740,0,0,0
ag2203,20220218,20220218,112957500,11:30:02,4867,3080,17331,224236740,0,0,0
ag2203,20220218,20220218,112959500,11:30:02,4867,3080,17331,224236740,0,0,0
ag2203,20220218,20220218,113001000,11:30:03,4867,3080,17331,224236740,0,0,0
ag2203,20220218,20220218,113001500,11:30:03,4867,3080,17331,224236740,0,0,0
ag2203,20220218,20220218,133002000,13:30:08,4866,3081,17332,224309730,1,1,72990
ag2203,20220218,20220218,133002500,13:30:08,4860,3084,17334,224528430,3,2,218700
ag2203,20220218,20220218,133008500,13:30:10,4860,3084,17334,224528430,0,0,0
ag2203,20220218,20220218,133009500,13:30:10,4858,3095,17326,225329790,11,-8,801360
ag2203,20220218,20220218,133010000,13:30:11,4858,3096,17326,225402660,1,0,72870
ag2203,20220218,20220218,133010500,13:30:11,4858,3096,17326,225402660,0,0,0
ag2203,20220218,20220218,133011000,13:30:12,4858,3096,17326,225402660,0,0,0
ag2203,20220218,20220218,133011500,13:30:13,4858,3096,17326,225402660,0,0,0
ag2203,20220218,20220218,133012500,13:30:13,4858,3096,17326,225402660,0,0,0
ag2203,20220218,20220218,133013000,13:30:13,4858,3096,17326,225402660,0,0,0
ag2203,20220218,20220218,133014000,13:30:15,4858,3096,17326,225402660,0,0,0
ag2203,20220218,20220218,133014500,13:30:16,4858,3096,17326,225402660,0,0,0
ag2203,20220218,20220218,133016500,13:30:18,4858,3096,17326,225402660,0,0,0
ag2203,20220218,20220218,133018500,13:30:20,4858,3096,17326,225402660,0,0,0
ag2203,20220218,20220218,133019000,13:30:20,4858,3096,17326,225402660,0,0,0
ag2203,20220218,20220218,133019500,13:30:20,4858,3096,17326,225402660,0,0,0
ag2203,20220218,20220218,133020000,13:30:21,4858,3096,17326,225402660,0,0,0
ag2203,20220218,20220218,133020500,13:30:21,4858,3096,17326,225402660,0,0,0
ag2203,20220218,20220218,133021000,13:30:21,4858,3096,17326,225402660,0,0,0
ag2203,20220218,20220218,133021500,13:30:22,4858,3096,17326,225402660,0,0,0
ag2203,20220218,20220218,133022000,13:30:22,4858,3096,17326,225402660,0,0,0
ag2203,20220218,20220218,133022500,13:30:38,4858,3096,17326,225402660,0,0,0
ag2203,20220218,20220218,133023000,13:30:38,4858,3096,17326,225402660,0,0,0
ag2203,20220218,20220218,133038000,13:30:40,4858,3096,17326,225402660,0,0,0
ag2203,20220218,20220218,133038500,13:30:41,4858,3096,17326,225402660,0,0,0
ag2203,20220218,20220218,133040500,13:30:42,4858,3096,17326,225402660,0,0,0
ag2203,20220218,20220218,133041000,13:30:43,4858,3096,17326,225402660,0,0,0
ag2203,20220218,20220218,133041500,13:30:43,4858,3096,17326,225402660,0,0,0
ag2203,20220218,20220218,133042000,13:30:44,4858,3096,17326,225402660,0,0,0
ag2203,20220218,20220218,133043000,13:30:44,4858,3096,17326,225402660,0,0,0
ag2203,20220218,20220218,133043500,13:30:44,4858,3096,17326,225402660,0,0,0
ag2203,20220218,20220218,133044500,13:30:46,4858,3096,17326,225402660,0,0,0
ag2203,20220218,20220218,133045000,13:30:46,4858,3096,17326,225402660,0,0,0
ag2203,20220218,20220218,133045500,13:30:46,4858,3096,17326,225402660,0,0,0
ag2203,20220218,20220218,133046500,13:30:47,4858,3096,17326,225402660,0,0,0
ag2203,20220218,20220218,133047000,13:30:47,4858,3096,17326,225402660,0,0,0
ag2203,20220218,20220218,133047500,13:30:48,4858,3096,17326,225402660,0,0,0
ag2203,20220218,20220218,133048000,13:30:48,4858,3096,17326,225402660,0,0,0
ag2203,20220218,20220218,133048500,13:30:49,4858,3096,17326,225402660,0,0,0
ag2203,20220218,20220218,133049000,13:30:49,4858,3096,17326,225402660,0,0,0
ag2203,20220218,20220218,133051000,13:30:52,4858,3096,17326,225402660,0,0,0
ag2203,20220218,20220218,133051500,13:30:52,4858,3096,17326,225402660,0,0,0
ag2203,20220218,20220218,133052000,13:30:53,4858,3096,17326,225402660,0,0,0
ag2203,20220218,20220218,133052500,13:30:53,4858,3096,17326,225402660,0,0,0
ag2203,20220218,20220218,133059500,13:30:59,4858,3096,17326,225402660,0,0,0
ag2203,20220218,20220218,133100000,13:31:00,4858,3096,17326,225402660,0,0,0
ag2203,20220218,20220218,133100500,13:31:00,4858,3096,17326,225402660,0,0,0
ag2203,20220218,20220218,133101500,13:31:01,4858,3096,17326,225402660,0,0,0
ag2203,20220218,20220218,133102000,13:31:02,4858,3096,17326,225402660,0,0,0
ag2203,20220218,20220218,133102500,13:31:02,4858,3096,17326,225402660,0,0,0
ag2203,20220218,20220218,133103000,13:31:03,4858,3096,17326,225402660,0,0,0
ag2203,20220218,20220218,133105500,13:31:07,4858,3096,17326,225402660,0,0,0
ag2203,20220218,20220218,133106000,13:31:08,4858,3096,17326,225402660,0,0,0
ag2203,20220218,20220218,133107500,13:31:08,4858,3096,17326,225402660,0,0,0
ag2203,20220218,20220218,133109000,13:31:09,4858,3096,17326,225402660,0,0,0
ag2203,20220218,20220218,133112000,13:31:12,4858,3096,17326,225402660,0,0,0
ag2203,20220218,20220218,133112500,13:31:13,4858,3096,17326,225402660,0,0,0
ag2203,20220218,20220218,133113500,13:31:14,4858,3096,17326,225402660,0,0,0
ag2203,20220218,20220218,133114000,13:31:15,4858,3096,17326,225402660,0,0,0
ag2203,20220218,20220218,133116000,13:31:16,4858,3096,17326,225402660,0,0,0
ag2203,20220218,20220218,133116500,13:31:17,4858,3096,17326,225402660,0,0,0
ag2203,20220218,20220218,133117500,13:31:18,4858,3096,17326,225402660,0,0,0
ag2203,20220218,20220218,133119500,13:31:20,4858,3096,17326,225402660,0,0,0
ag2203,20220218,20220218,133120000,13:31:20,4858,3096,17326,225402660,0,0,0
ag2203,20220218,20220218,133120500,13:31:21,4858,3096,17326,225402660,0,0,0
ag2203,20220218,20220218,133121000,13:31:21,4858,3096,17326,225402660,0,0,0
ag2203,20220218,20220218,133122000,13:31:22,4858,3096,17326,225402660,0,0,0
ag2203,20220218,20220218,133200000,13:32:00,4858,3096,17326,225402660,0,0,0
ag2203,20220218,20220218,133200500,13:32:01,4858,3096,17326,225402660,0,0,0
ag2203,20220218,20220218,133224000,13:32:24,4858,3096,17326,225402660,0,0,0
ag2203,20220218,20220218,133224500,13:32:24,4858,3096,17326,225402660,0,0,0
ag2203,20220218,20220218,133225000,13:32:25,4858,3096,17326,225402660,0,0,0
ag2203,20220218,20220218,133229500,13:32:33,4858,3096,17326,225402660,0,0,0
ag2203,20220218,20220218,133230000,13:32:34,4858,3096,17326,225402660,0,0,0
ag2203,20220218,20220218,133236500,13:32:37,4858,3096,17326,225402660,0,0,0
ag2203,20220218,20220218,133237000,13:32:37,4858,3096,17326,225402660,0,0,0
ag2203,20220218,20220218,133237500,13:32:37,4858,3096,17326,225402660,0,0,0
ag2203,20220218,20220218,133240500,13:32:40,4858,3096,17326,225402660,0,0,0
ag2203,20220218,20220218,133242500,13:32:42,4858,3096,17326,225402660,0,0,0
ag2203,20220218,20220218,133243000,13:32:43,4858,3096,17326,225402660,0,0,0
ag2203,20220218,20220218,133244500,13:32:45,4858,3096,17326,225402660,0,0,0
ag2203,20220218,20220218,133245000,13:32:45,4858,3096,17326,225402660,0,0,0
ag2203,20220218,20220218,133245500,13:32:45,4858,3096,17326,225402660,0,0,0
ag2203,20220218,20220218,133247000,13:32:47,4858,3096,17326,225402660,0,0,0
ag2203,20220218,20220218,133248500,13:32:49,4858,3096,17326,225402660,0,0,0
ag2203,20220218,20220218,133249000,13:32:49,4858,3096,17326,225402660,0,0,0
ag2203,20220218,20220218,133249500,13:32:50,4858,3096,17326,225402660,0,0,0
ag2203,20220218,20220218,133250000,13:32:50,4863,3101,17326,225767220,5,0,364560
ag2203,20220218,20220218,133250500,13:32:52,4863,3104,17329,225986055,3,3,218835
ag2203,20220218,20220218,133251000,13:32:52,4863,3104,17329,225986055,0,0,0
ag2203,20220218,20220218,133251500,13:32:53,4863,3104,17329,225986055,0,0,0
ag2203,20220218,20220218,133252000,13:32:53,4863,3104,17329,225986055,0,0,0
ag2203,20220218,20220218,133252500,13:32:53,4863,3104,17329,225986055,0,0,0
ag2203,20220218,20220218,133253000,13:32:53,4863,3104,17329,225986055,0,0,0
ag2203,20220218,20220218,133253500,13:32:54,4863,3104,17329,225986055,0,0,0
ag2203,20220218,20220218,133254000,13:32:54,4863,3104,17329,225986055,0,0,0
ag2203,20220218,20220218,133259000,13:33:01,4863,3104,17329,225986055,0,0,0
ag2203,20220218,20220218,133305000,13:33:05,4863,3104,17329,225986055,0,0,0
ag2203,20220218,20220218,133309000,13:33:09,4863,3104,17329,225986055,0,0,0
ag2203,20220218,20220218,133309500,13:33:10,4863,3104,17329,225986055,0,0,0
ag2203,20220218,20220218,133317000,13:33:18,4863,3104,17329,225986055,0,0,0
ag2203,20220218,20220218,133317500,13:33:19,4863,3104,17329,225986055,0,0,0
ag2203,20220218,20220218,133326500,13:33:29,4863,3104,17329,225986055,0,0,0
ag2203,20220218,20220218,133330000,13:33:30,4863,3104,17329,225986055,0,0,0
ag2203,20220218,20220218,133330500,13:33:31,4863,3104,17329,225986055,0,0,0
ag2203,20220218,20220218,133331000,13:33:32,4863,3104,17329,225986055,0,0,0
ag2203,20220218,20220218,133331500,13:33:32,4863,3104,17329,225986055,0,0,0
ag2203,20220218,20220218,133341000,13:33:41,4863,3104,17329,225986055,0,0,0
ag2203,20220218,20220218,133341500,13:33:42,4863,3104,17329,225986055,0,0,0
ag2203,20220218,20220218,133342000,13:33:42,4863,3104,17329,225986055,0,0,0
ag2203,20220218,20220218,133342500,13:33:42,4863,3104,17329,225986055,0,0,0
ag2203,20220218,20220218,133343000,13:33:43,4863,3104,17329,225986055,0,0,0
ag2203,20220218,20220218,133343500,13:33:44,4863,3104,17329,225986055,0,0,0
ag2203,20220218,20220218,133344000,13:33:44,4863,3104,17329,225986055,0,0,0
ag2203,20220218,20220218,133344500,13:33:45,4863,3104,17329,225986055,0,0,0
ag2203,20220218,20220218,133345000,13:33:45,4863,3104,17329,225986055,0,0,0
ag2203,20220218,20220218,133345500,13:33:46,4863,3104,17329,225986055,0,0,0
ag2203,20220218,20220218,133347500,13:33:49,4863,3104,17329,225986055,0,0,0
ag2203,20220218,20220218,133348000,13:33:49,4863,3104,17329,225986055,0,0,0
ag2203,20220218,20220218,133357500,13:33:58,4863,3104,17329,225986055,0,0,0
ag2203,20220218,20220218,133358000,13:33:58,4863,3104,17329,225986055,0,0,0
ag2203,20220218,20220218,133358500,13:33:58,4863,3104,17329,225986055,0,0,0
ag2203,20220218,20220218,133359000,13:33:59,4863,3104,17329,225986055,0,0,0
ag2203,20220218,20220218,133400500,13:34:00,4863,3104,17329,225986055,0,0,0
ag2203,20220218,20220218,133410000,13:34:12,4863,3104,17329,225986055,0,0,0
ag2203,20220218,20220218,133410500,13:34:12,4863,3104,17329,225986055,0,0,0
ag2203,20220218,20220218,133412500,13:34:13,4863,3104,17329,225986055,0,0,0
ag2203,20220218,20220218,133413000,13:34:13,4863,3104,17329,225986055,0,0,0
ag2203,20220218,20220218,133417500,13:34:17,4863,3104,17329,225986055,0,0,0
ag2203,20220218,20220218,133419000,13:34:19,4863,3104,17329,225986055,0,0,0
ag2203,20220218,20220218,133419500,13:34:20,4863,3104,17329,225986055,0,0,0
ag2203,20220218,20220218,133420000,13:34:20,4863,3104,17329,225986055,0,0,0
ag2203,20220218,20220218,133420500,13:34:21,4863,3104,17329,225986055,0,0,0
ag2203,20220218,20220218,133421000,13:34:23,4863,3104,17329,225986055,0,0,0
ag2203,20220218,20220218,133421500,13:34:23,4863,3104,17329,225986055,0,0,0
ag2203,20220218,20220218,133423500,13:34:24,4863,3104,17329,225986055,0,0,0
ag2203,20220218,20220218,133424000,13:34:24,4863,3104,17329,225986055,0,0,0
ag2203,20220218,20220218,133424500,13:34:24,4863,3104,17329,225986055,0,0,0
ag2203,20220218,20220218,133427500,13:34:27,4863,3104,17329,225986055,0,0,0
ag2203,20220218,20220218,133428000,13:34:28,4863,3104,17329,225986055,0,0,0
ag2203,20220218,20220218,133429000,13:34:29,4863,3104,17329,225986055,0,0,0
ag2203,20220218,20220218,133429500,13:34:29,4863,3104,17329,225986055,0,0,0
ag2203,20220218,20220218,133431500,13:34:31,4863,3104,17329,225986055,0,0,0
ag2203,20220218,20220218,133432000,13:34:32,4863,3104,17329,225986055,0,0,0
ag2203,20220218,20220218,133432500,13:34:32,4863,3104,17329,225986055,0,0,0
ag2203,20220218,20220218,133433000,13:34:33,4863,3104,17329,225986055,0,0,0
ag2203,20220218,20220218,133433500,13:34:34,4863,3104,17329,225986055,0,0,0
ag2203,20220218,20220218,133434000,13:34:34,4863,3104,17329,225986055,0,0,0
ag2203,20220218,20220218,133434500,13:34:35,4863,3104,17329,225986055,0,0,0
ag2203,20220218,20220218,133435000,13:34:35,4863,3104,17329,225986055,0,0,0
ag2203,20220218,20220218,133435500,13:34:36,4863,3104,17329,225986055,0,0,0
ag2203,20220218,20220218,133436000,13:34:36,4863,3104,17329,225986055,0,0,0
ag2203,20220218,20220218,133436500,13:34:36,4863,3104,17329,225986055,0,0,0
ag2203,20220218,20220218,133437000,13:34:37,4863,3104,17329,225986055,0,0,0
ag2203,20220218,20220218,133437500,13:34:38,4863,3104,17329,225986055,0,0,0
ag2203,20220218,20220218,133443000,13:34:45,4863,3104,17329,225986055,0,0,0
ag2203,20220218,20220218,133443500,13:34:45,4863,3104,17329,225986055,0,0,0
ag2203,20220218,20220218,133445500,13:34:46,4863,3104,17329,225986055,0,0,0
ag2203,20220218,20220218,133446500,13:34:47,4863,3104,17329,225986055,0,0,0
ag2203,20220218,20220218,133447000,13:34:47,4863,3104,17329,225986055,0,0,0
ag2203,20220218,20220218,133447500,13:34:47,4863,3104,17329,225986055,0,0,0
ag2203,20220218,20220218,133448000,13:34:48,4863,3104,17329,225986055,0,0,0
ag2203,20220218,20220218,133448500,13:34:49,4863,3104,17329,225986055,0,0,0
ag2203,20220218,20220218,133449000,13:34:49,4863,3104,17329,225986055,0,0,0
ag2203,20220218,20220218,133449500,13:34:49,4863,3104,17329,225986055,0,0,0
ag2203,20220218,20220218,133450000,13:34:50,4863,3104,17329,225986055,0,0,0
ag2203,20220218,20220218,133450500,13:34:51,4863,3104,17329,225986055,0,0,0
ag2203,20220218,20220218,133451000,13:34:51,4863,3104,17329,225986055,0,0,0
ag2203,20220218,20220218,133451500,13:34:51,4863,3104,17329,225986055,0,0,0
ag2203,20220218,20220218,133452500,13:34:52,4863,3104,17329,225986055,0,0,0
ag2203,20220218,20220218,133458500,13:34:59,4863,3104,17329,225986055,0,0,0
ag2203,20220218,20220218,133503000,13:35:10,4863,3104,17329,225986055,0,0,0
ag2203,20220218,20220218,133507500,13:35:10,4863,3104,17329,225986055,0,0,0
ag2203,20220218,20220218,133516000,13:35:16,4863,3104,17329,225986055,0,0,0
ag2203,20220218,20220218,133516500,13:35:16,4863,3104,17329,225986055,0,0,0
ag2203,20220218,20220218,133517000,13:35:17,4863,3104,17329,225986055,0,0,0
ag2203,20220218,20220218,133517500,13:35:18,4863,3104,17329,225986055,0,0,0
ag2203,20220218,20220218,133518000,13:35:18,4863,3104,17329,225986055,0,0,0
ag2203,20220218,20220218,133518500,13:35:19,4863,3104,17329,225986055,0,0,0
ag2203,20220218,20220218,133519000,13:35:19,4863,3104,17329,225986055,0,0,0
ag2203,20220218,20220218,133520000,13:35:20,4863,3104,17329,225986055,0,0,0
ag2203,20220218,20220218,133520500,13:35:20,4863,3104,17329,225986055,0,0,0
ag2203,20220218,20220218,133521000,13:35:21,4863,3104,17329,225986055,0,0,0
ag2203,20220218,20220218,133521500,13:35:22,4863,3104,17329,225986055,0,0,0
ag2203,20220218,20220218,133522000,13:35:22,4863,3104,17329,225986055,0,0,0
ag2203,20220218,20220218,133522500,13:35:23,4863,3104,17329,225986055,0,0,0
ag2203,20220218,20220218,133524000,13:35:24,4863,3104,17329,225986055,0,0,0
ag2203,20220218,20220218,133524500,13:35:25,4863,3104,17329,225986055,0,0,0
ag2203,20220218,20220218,133525000,13:35:25,4863,3104,17329,225986055,0,0,0
ag2203,20220218,20220218,133525500,13:35:26,4863,3104,17329,225986055,0,0,0
ag2203,20220218,20220218,133526000,13:35:26,4863,3104,17329,225986055,0,0,0
ag2203,20220218,20220218,133526500,13:35:27,4863,3104,17329,225986055,0,0,0
ag2203,20220218,20220218,133527000,13:35:27,4863,3104,17329,225986055,0,0,0
ag2203,20220218,20220218,133527500,13:35:31,4863,3104,17329,225986055,0,0,0
ag2203,20220218,20220218,133528000,13:35:31,4863,3104,17329,225986055,0,0,0
ag2203,20220218,20220218,133528500,13:35:32,4863,3104,17329,225986055,0,0,0
ag2203,20220218,20220218,133530000,13:35:33,4863,3104,17329,225986055,0,0,0
ag2203,20220218,20220218,133532500,13:35:42,4866,3106,17327,226132035,2,-2,145980
ag2203,20220218,20220218,133536500,13:35:43,4866,3106,17327,226132035,0,0,0
ag2203,20220218,20220218,133541000,13:35:43,4866,3106,17327,226132035,0,0,0
ag2203,20220218,20220218,133545500,13:35:46,4866,3106,17327,226132035,0,0,0
ag2203,20220218,20220218,133546000,13:35:46,4866,3106,17327,226132035,0,0,0
ag2203,20220218,20220218,133546500,13:35:46,4866,3106,17327,226132035,0,0,0
ag2203,20220218,20220218,133549500,13:35:49,4866,3106,17327,226132035,0,0,0
ag2203,20220218,20220218,133550000,13:35:50,4866,3106,17327,226132035,0,0,0
ag2203,20220218,20220218,133551500,13:35:51,4866,3106,17327,226132035,0,0,0
ag2203,20220218,20220218,133552000,13:35:52,4866,3106,17327,226132035,0,0,0
ag2203,20220218,20220218,133554000,13:35:55,4866,3106,17327,226132035,0,0,0
ag2203,20220218,20220218,133555000,13:35:56,4866,3106,17327,226132035,0,0,0
ag2203,20220218,20220218,133555500,13:35:56,4866,3106,17327,226132035,0,0,0
ag2203,20220218,20220218,133557500,13:35:59,4866,3106,17327,226132035,0,0,0
ag2203,20220218,20220218,133558000,13:36:01,4866,3106,17327,226132035,0,0,0
ag2203,20220218,20220218,133558500,13:36:02,4866,3106,17327,226132035,0,0,0
ag2203,20220218,20220218,133559500,13:36:03,4866,3106,17327,226132035,0,0,0
ag2203,20220218,20220218,133600000,13:36:03,4866,3106,17327,226132035,0,0,0
ag2203,20220218,20220218,133601500,13:36:03,4866,3106,17327,226132035,0,0,0
ag2203,20220218,20220218,133602000,13:36:03,4866,3106,17327,226132035,0,0,0
ag2203,20220218,20220218,133602500,13:36:03,4866,3106,17327,226132035,0,0,0
ag2203,20220218,20220218,133603000,13:36:04,4866,3106,17327,226132035,0,0,0
ag2203,20220218,20220218,133603500,13:36:05,4866,3106,17327,226132035,0,0,0
ag2203,20220218,20220218,133604000,13:36:06,4866,3106,17327,226132035,0,0,0
ag2203,20220218,20220218,133604500,13:36:06,4866,3106,17327,226132035,0,0,0
ag2203,20220218,20220218,133605500,13:36:07,4866,3106,17327,226132035,0,0,0
ag2203,20220218,20220218,133606000,13:36:07,4866,3106,17327,226132035,0,0,0
ag2203,20220218,20220218,133606500,13:36:07,4866,3106,17327,226132035,0,0,0
ag2203,20220218,20220218,133607000,13:36:07,4866,3106,17327,226132035,0,0,0
ag2203,20220218,20220218,133607500,13:36:08,4866,3106,17327,226132035,0,0,0
ag2203,20220218,20220218,133608000,13:36:08,4866,3106,17327,226132035,0,0,0
ag2203,20220218,20220218,133608500,13:36:08,4866,3106,17327,226132035,0,0,0
ag2203,20220218,20220218,133609000,13:36:09,4866,3106,17327,226132035,0,0,0
ag2203,20220218,20220218,133609500,13:36:10,4866,3106,17327,226132035,0,0,0
ag2203,20220218,20220218,133611500,13:36:12,4866,3106,17327,226132035,0,0,0
ag2203,20220218,20220218,133612000,13:36:12,4866,3106,17327,226132035,0,0,0
ag2203,20220218,20220218,133612500,13:36:12,4866,3106,17327,226132035,0,0,0
ag2203,20220218,20220218,133613000,13:36:13,4866,3106,17327,226132035,0,0,0
ag2203,20220218,20220218,133613500,13:36:14,4866,3106,17327,226132035,0,0,0
ag2203,20220218,20220218,133616500,13:36:17,4866,3106,17327,226132035,0,0,0
ag2203,20220218,20220218,133617000,13:36:17,4866,3106,17327,226132035,0,0,0
ag2203,20220218,20220218,133621500,13:36:21,4866,3106,17327,226132035,0,0,0
ag2203,20220218,20220218,133624500,13:36:24,4866,3106,17327,226132035,0,0,0
ag2203,20220218,20220218,133626500,13:36:27,4866,3106,17327,226132035,0,0,0
ag2203,20220218,20220218,133627000,13:36:27,4866,3106,17327,226132035,0,0,0
ag2203,20220218,20220218,133627500,13:36:28,4866,3106,17327,226132035,0,0,0
ag2203,20220218,20220218,133628000,13:36:28,4866,3106,17327,226132035,0,0,0
ag2203,20220218,20220218,133628500,13:36:29,4866,3106,17327,226132035,0,0,0
ag2203,20220218,20220218,133630500,13:36:31,4866,3106,17327,226132035,0,0,0
ag2203,20220218,20220218,133631000,13:36:31,4866,3106,17327,226132035,0,0,0
ag2203,20220218,20220218,133631500,13:36:31,4866,3106,17327,226132035,0,0,0
ag2203,20220218,20220218,133632000,13:36:32,4866,3106,17327,226132035,0,0,0
ag2203,20220218,20220218,133632500,13:36:32,4866,3106,17327,226132035,0,0,0
ag2203,20220218,20220218,133634000,13:36:34,4866,3106,17327,226132035,0,0,0
ag2203,20220218,20220218,133634500,13:36:35,4866,3106,17327,226132035,0,0,0
ag2203,20220218,20220218,133639500,13:36:39,4866,3106,17327,226132035,0,0,0
ag2203,20220218,20220218,133640000,13:36:40,4866,3106,17327,226132035,0,0,0
ag2203,20220218,20220218,133648000,13:36:48,4866,3106,17327,226132035,0,0,0
ag2203,20220218,20220218,133648500,13:36:48,4866,3106,17327,226132035,0,0,0
ag2203,20220218,20220218,133652000,13:36:52,4866,3106,17327,226132035,0,0,0
ag2203,20220218,20220218,133653000,13:36:53,4866,3106,17327,226132035,0,0,0
ag2203,20220218,20220218,133653500,13:36:54,4866,3106,17327,226132035,0,0,0
ag2203,20220218,20220218,133654000,13:36:54,4866,3106,17327,226132035,0,0,0
ag2203,20220218,20220218,133654500,13:36:54,4866,3106,17327,226132035,0,0,0
ag2203,20220218,20220218,133655000,13:36:55,4866,3106,17327,226132035,0,0,0
ag2203,20220218,20220218,133655500,13:36:56,4866,3106,17327,226132035,0,0,0
ag2203,20220218,20220218,133656000,13:36:56,4866,3106,17327,226132035,0,0,0
ag2203,20220218,20220218,133656500,13:36:57,4866,3106,17327,226132035,0,0,0
ag2203,20220218,20220218,133657000,13:36:58,4866,3106,17327,226132035,0,0,0
ag2203,20220218,20220218,133657500,13:36:58,4866,3106,17327,226132035,0,0,0
ag2203,20220218,20220218,133658000,13:36:58,4866,3106,17327,226132035,0,0,0
ag2203,20220218,20220218,133658500,13:36:59,4866,3106,17327,226132035,0,0,0
ag2203,20220218,20220218,133659000,13:36:59,4866,3106,17327,226132035,0,0,0
ag2203,20220218,20220218,133700000,13:37:00,4866,3106,17327,226132035,0,0,0
ag2203,20220218,20220218,133700500,13:37:00,4866,3106,17327,226132035,0,0,0
ag2203,20220218,20220218,133701000,13:37:01,4866,3106,17327,226132035,0,0,0
ag2203,20220218,20220218,133701500,13:37:01,4866,3106,17327,226132035,0,0,0
ag2203,20220218,20220218,133702000,13:37:02,4866,3106,17327,226132035,0,0,0
ag2203,20220218,20220218,133702500,13:37:03,4866,3106,17327,226132035,0,0,0
ag2203,20220218,20220218,133703000,13:37:03,4866,3106,17327,226132035,0,0,0
ag2203,20220218,20220218,133707500,13:37:08,4866,3106,17327,226132035,0,0,0
ag2203,20220218,20220218,133708000,13:37:08,4868,3108,17327,226278075,2,0,146040
ag2203,20220218,20220218,133708500,13:37:08,4868,3109,17327,226351095,1,0,73020
ag2203,20220218,20220218,133709000,13:37:09,4868,3109,17327,226351095,0,0,0
ag2203,20220218,20220218,133709500,13:37:10,4868,3109,17327,226351095,0,0,0
ag2203,20220218,20220218,133710000,13:37:11,4868,3109,17327,226351095,0,0,0
ag2203,20220218,20220218,133710500,13:37:11,4868,3109,17327,226351095,0,0,0
ag2203,20220218,20220218,133711500,13:37:13,4868,3109,17327,226351095,0,0,0
ag2203,20220218,20220218,133712000,13:37:13,4868,3109,17327,226351095,0,0,0
ag2203,20220218,20220218,133712500,13:37:13,4868,3109,17327,226351095,0,0,0
ag2203,20220218,20220218,133713500,13:37:14,4868,3109,17327,226351095,0,0,0
ag2203,20220218,20220218,133714000,13:37:14,4868,3109,17327,226351095,0,0,0
ag2203,20220218,20220218,133714500,13:37:14,4868,3109,17327,226351095,0,0,0
ag2203,20220218,20220218,133715000,13:37:15,4868,3109,17327,226351095,0,0,0
ag2203,20220218,20220218,133715500,13:37:16,4868,3109,17327,226351095,0,0,0
ag2203,20220218,20220218,133716000,13:37:16,4869,3110,17327,226424130,1,0,73035
ag2203,20220218,20220218,133716500,13:37:16,4869,3110,17327,226424130,0,0,0
ag2203,20220218,20220218,133717000,13:37:17,4869,3110,17327,226424130,0,0,0
ag2203,20220218,20220218,133718500,13:37:19,4869,3110,17327,226424130,0,0,0
ag2203,20220218,20220218,133719000,13:37:19,4869,3110,17327,226424130,0,0,0
ag2203,20220218,20220218,133719500,13:37:19,4869,3111,17327,226497165,1,0,73035
ag2203,20220218,20220218,133720000,13:37:20,4869,3111,17327,226497165,0,0,0
ag2203,20220218,20220218,133720500,13:37:21,4869,3111,17327,226497165,0,0,0
ag2203,20220218,20220218,133721000,13:37:21,4869,3111,17327,226497165,0,0,0
ag2203,20220218,20220218,133721500,13:37:21,4869,3111,17327,226497165,0,0,0
ag2203,20220218,20220218,133724000,13:37:24,4869,3111,17327,226497165,0,0,0
ag2203,20220218,20220218,133724500,13:37:25,4869,3111,17327,226497165,0,0,0
ag2203,20220218,20220218,133725000,13:37:25,4869,3111,17327,226497165,0,0,0
ag2203,20220218,20220218,133725500,13:37:26,4869,3111,17327,226497165,0,0,0
ag2203,20220218,20220218,133726000,13:37:26,4869,3111,17327,226497165,0,0,0
ag2203,20220218,20220218,133728500,13:37:28,4866,3112,17326,226570155,1,-1,72990
ag2203,20220218,20220218,133729000,13:37:29,4866,3112,17326,226570155,0,0,0
ag2203,20220218,20220218,133729500,13:37:29,4866,3112,17326,226570155,0,0,0
ag2203,20220218,20220218,133730000,13:37:30,4866,3112,17326,226570155,0,0,0
ag2203,20220218,20220218,133730500,13:37:31,4866,3112,17326,226570155,0,0,0
ag2203,20220218,20220218,133732500,13:37:33,4866,3112,17326,226570155,0,0,0
ag2203,20220218,20220218,133733000,13:37:33,4866,3112,17326,226570155,0,0,0
ag2203,20220218,20220218,133733500,13:37:33,4866,3112,17326,226570155,0,0,0
ag2203,20220218,20220218,133737000,13:37:37,4868,3113,17326,226643175,1,0,73020
ag2203,20220218,20220218,133741000,13:37:41,4868,3113,17326,226643175,0,0,0
ag2203,20220218,20220218,133745500,13:37:45,4868,3113,17326,226643175,0,0,0
ag2203,20220218,20220218,133746000,13:37:46,4868,3113,17326,226643175,0,0,0
ag2203,20220218,20220218,133746500,13:37:47,4868,3113,17326,226643175,0,0,0
ag2203,20220218,20220218,133747500,13:37:48,4868,3113,17326,226643175,0,0,0
ag2203,20220218,20220218,133748000,13:37:48,4868,3113,17326,226643175,0,0,0
ag2203,20220218,20220218,133748500,13:37:48,4868,3113,17326,226643175,0,0,0
ag2203,20220218,20220218,133749000,13:37:49,4868,3113,17326,226643175,0,0,0
ag2203,20220218,20220218,133749500,13:37:49,4868,3113,17326,226643175,0,0,0
ag2203,20220218,20220218,133756500,13:37:56,4868,3113,17326,226643175,0,0,0
ag2203,20220218,20220218,133757000,13:37:57,4868,3113,17326,226643175,0,0,0
ag2203,20220218,20220218,133757500,13:37:58,4868,3113,17326,226643175,0,0,0
ag2203,20220218,20220218,133801500,13:38:03,4868,3113,17326,226643175,0,0,0
ag2203,20220218,20220218,133802000,13:38:03,4868,3113,17326,226643175,0,0,0
ag2203,20220218,20220218,133805000,13:38:06,4867,3114,17326,226716180,1,0,73005
ag2203,20220218,20220218,133805500,13:38:07,4867,3115,17326,226789185,1,0,73005
ag2203,20220218,20220218,133806000,13:38:08,4867,3116,17325,226862190,1,-1,73005
ag2203,20220218,20220218,133806500,13:38:09,4867,3116,17325,226862190,0,0,0
ag2203,20220218,20220218,133807000,13:38:09,4867,3116,17325,226862190,0,0,0
ag2203,20220218,20220218,133808500,13:38:09,4867,3116,17325,226862190,0,0,0
ag2203,20220218,20220218,133815500,13:38:17,4867,3116,17325,226862190,0,0,0
ag2203,20220218,20220218,133823000,13:38:23,4867,3116,17325,226862190,0,0,0
ag2203,20220218,20220218,133823500,13:38:24,4867,3118,17323,227008200,2,-2,146010
ag2203,20220218,20220218,133824000,13:38:24,4867,3118,17323,227008200,0,0,0
ag2203,20220218,20220218,133824500,13:38:32,4867,3118,17323,227008200,0,0,0
ag2203,20220218,20220218,133825000,13:38:41,4867,3118,17323,227008200,0,0,0
ag2203,20220218,20220218,133840500,13:38:42,4867,3118,17323,227008200,0,0,0
ag2203,20220218,20220218,133848500,13:38:48,4867,3118,17323,227008200,0,0,0
ag2203,20220218,20220218,133850500,13:38:50,4867,3120,17322,227154210,2,-1,146010
ag2203,20220218,20220218,133851500,13:38:51,4867,3120,17322,227154210,0,0,0
ag2203,20220218,20220218,133854000,13:38:54,4867,3120,17322,227154210,0,0,0
ag2203,20220218,20220218,133856500,13:38:56,4867,3120,17322,227154210,0,0,0
ag2203,20220218,20220218,133901000,13:39:01,4867,3120,17322,227154210,0,0,0
ag2203,20220218,20220218,133902000,13:39:02,4867,3120,17322,227154210,0,0,0
ag2203,20220218,20220218,133908500,13:39:08,4867,3120,17322,227154210,0,0,0
ag2203,20220218,20220218,133910000,13:39:10,4867,3120,17322,227154210,0,0,0
ag2203,20220218,20220218,133912000,13:39:12,4867,3120,17322,227154210,0,0,0
ag2203,20220218,20220218,133914000,13:39:14,4867,3122,17321,227300220,2,-1,146010
ag2203,20220218,20220218,133914500,13:39:15,4867,3126,17317,227592240,4,-4,292020
ag2203,20220218,20220218,133915000,13:39:18,4867,3126,17317,227592240,0,0,0
ag2203,20220218,20220218,133915500,13:39:19,4868,3128,17317,227738280,2,0,146040
ag2203,20220218,20220218,133916000,13:39:19,4868,3128,17317,227738280,0,0,0
ag2203,20220218,20220218,133918000,13:39:19,4868,3128,17317,227738280,0,0,0
ag2203,20220218,20220218,133924500,13:39:24,4868,3128,17317,227738280,0,0,0
ag2203,20220218,20220218,133925000,13:39:25,4868,3128,17317,227738280,0,0,0
ag2203,20220218,20220218,133926000,13:39:26,4868,3128,17317,227738280,0,0,0
ag2203,20220218,20220218,133928000,13:39:28,4868,3128,17317,227738280,0,0,0
ag2203,20220218,20220218,133929000,13:39:29,4868,3128,17317,227738280,0,0,0
ag2203,20220218,20220218,133931000,13:39:31,4868,3128,17317,227738280,0,0,0
ag2203,20220218,20220218,133932500,13:39:33,4868,3128,17317,227738280,0,0,0
ag2203,20220218,20220218,133938000,13:39:38,4868,3128,17317,227738280,0,0,0
ag2203,20220218,20220218,133938500,13:39:38,4868,3128,17317,227738280,0,0,0
ag2203,20220218,20220218,133939500,13:39:39,4868,3128,17317,227738280,0,0,0
ag2203,20220218,20220218,133941000,13:39:41,4868,3128,17317,227738280,0,0,0
ag2203,20220218,20220218,133943500,13:39:43,4868,3128,17317,227738280,0,0,0
ag2203,20220218,20220218,133944500,13:39:44,4868,3128,17317,227738280,0,0,0
ag2203,20220218,20220218,133945000,13:39:45,4868,3128,17317,227738280,0,0,0
ag2203,20220218,20220218,133945500,13:39:46,4868,3128,17317,227738280,0,0,0
ag2203,20220218,20220218,133946000,13:39:47,4868,3128,17317,227738280,0,0,0
ag2203,20220218,20220218,133948000,13:39:48,4868,3128,17317,227738280,0,0,0
ag2203,20220218,20220218,133956000,13:39:56,4868,3128,17317,227738280,0,0,0
ag2203,20220218,20220218,133956500,13:39:57,4868,3128,17317,227738280,0,0,0
ag2203,20220218,20220218,133957000,13:39:57,4868,3128,17317,227738280,0,0,0
ag2203,20220218,20220218,133958500,13:40:13,4868,3128,17317,227738280,0,0,0
ag2203,20220218,20220218,134012500,13:40:13,4868,3128,17317,227738280,0,0,0
ag2203,20220218,20220218,134017000,13:40:17,4868,3128,17317,227738280,0,0,0
ag2203,20220218,20220218,134017500,13:40:18,4868,3129,17317,227811300,1,0,73020
ag2203,20220218,20220218,134018000,13:40:19,4868,3129,17317,227811300,0,0,0
ag2203,20220218,20220218,134018500,13:40:19,4868,3129,17317,227811300,0,0,0
ag2203,20220218,20220218,134019000,13:40:19,4868,3129,17317,227811300,0,0,0
ag2203,20220218,20220218,134019500,13:40:20,4868,3129,17317,227811300,0,0,0
ag2203,20220218,20220218,134020000,13:40:20,4868,3129,17317,227811300,0,0,0
ag2203,20220218,20220218,134020500,13:40:21,4868,3129,17317,227811300,0,0,0
ag2203,20220218,20220218,134021000,13:40:21,4868,3129,17317,227811300,0,0,0
ag2203,20220218,20220218,134021500,13:40:22,4868,3129,17317,227811300,0,0,0
ag2203,20220218,20220218,134022000,13:40:22,4868,3129,17317,227811300,0,0,0
ag2203,20220218,20220218,134022500,13:40:22,4868,3129,17317,227811300,0,0,0
ag2203,20220218,20220218,134023500,13:40:23,4868,3129,17317,227811300,0,0,0
ag2203,20220218,20220218,134024000,13:40:24,4868,3129,17317,227811300,0,0,0
ag2203,20220218,20220218,134024500,13:40:25,4868,3129,17317,227811300,0,0,0
ag2203,20220218,20220218,134025000,13:40:25,4868,3129,17317,227811300,0,0,0
ag2203,20220218,20220218,134025500,13:40:25,4868,3129,17317,227811300,0,0,0
ag2203,20220218,20220218,134028500,13:40:29,4868,3129,17317,227811300,0,0,0
ag2203,20220218,20220218,134029000,13:40:30,4868,3129,17317,227811300,0,0,0
ag2203,20220218,20220218,134029500,13:40:30,4868,3129,17317,227811300,0,0,0
ag2203,20220218,20220218,134030000,13:40:30,4868,3129,17317,227811300,0,0,0
ag2203,20220218,20220218,134032000,13:40:32,4868,3129,17317,227811300,0,0,0
ag2203,20220218,20220218,134032500,13:40:32,4868,3129,17317,227811300,0,0,0
ag2203,20220218,20220218,134033000,13:40:33,4868,3129,17317,227811300,0,0,0
ag2203,20220218,20220218,134033500,13:40:34,4870,3131,17315,227957400,2,-2,146100
ag2203,20220218,20220218,134034000,13:40:34,4866,3137,17313,228395580,6,-2,438180
ag2203,20220218,20220218,134034500,13:40:35,4866,3137,17313,228395580,0,0,0
ag2203,20220218,20220218,134035000,13:40:35,4866,3137,17313,228395580,0,0,0
ag2203,20220218,20220218,134035500,13:40:36,4866,3137,17313,228395580,0,0,0
ag2203,20220218,20220218,134036000,13:40:36,4866,3137,17313,228395580,0,0,0
ag2203,20220218,20220218,134040500,13:40:41,4866,3137,17313,228395580,0,0,0
ag2203,20220218,20220218,134041000,13:40:42,4870,3138,17313,228468630,1,0,73050
ag2203,20220218,20220218,134041500,13:40:42,4870,3138,17313,228468630,0,0,0
ag2203,20220218,20220218,134042000,13:40:42,4870,3138,17313,228468630,0,0,0
ag2203,20220218,20220218,134042500,13:40:42,4870,3138,17313,228468630,0,0,0
ag2203,20220218,20220218,134043000,13:40:43,4870,3138,17313,228468630,0,0,0
ag2203,20220218,20220218,134043500,13:40:44,4870,3138,17313,228468630,0,0,0
ag2203,20220218,20220218,134044000,13:40:44,4870,3138,17313,228468630,0,0,0
ag2203,20220218,20220218,134044500,13:40:44,4870,3138,17313,228468630,0,0,0
ag2203,20220218,20220218,134045000,13:40:45,4870,3138,17313,228468630,0,0,0
ag2203,20220218,20220218,134046000,13:40:46,4870,3138,17313,228468630,0,0,0
ag2203,20220218,20220218,134046500,13:40:46,4870,3138,17313,228468630,0,0,0
ag2203,20220218,20220218,134047000,13:40:47,4870,3138,17313,228468630,0,0,0
ag2203,20220218,20220218,134047500,13:40:47,4870,3138,17313,228468630,0,0,0
ag2203,20220218,20220218,134048500,13:40:48,4870,3138,17313,228468630,0,0,0
ag2203,20220218,20220218,134049000,13:40:49,4870,3138,17313,228468630,0,0,0
ag2203,20220218,20220218,134050000,13:40:50,4870,3138,17313,228468630,0,0,0
ag2203,20220218,20220218,134050500,13:40:50,4870,3138,17313,228468630,0,0,0
ag2203,20220218,20220218,134051000,13:40:51,4870,3138,17313,228468630,0,0,0
ag2203,20220218,20220218,134051500,13:40:55,4870,3138,17313,228468630,0,0,0
ag2203,20220218,20220218,134055000,13:40:55,4870,3138,17313,228468630,0,0,0
ag2203,20220218,20220218,134055500,13:40:57,4870,3138,17313,228468630,0,0,0
ag2203,20220218,20220218,134056000,13:40:58,4870,3138,17313,228468630,0,0,0
ag2203,20220218,20220218,134056500,13:40:58,4870,3138,17313,228468630,0,0,0
ag2203,20220218,20220218,134057500,13:40:58,4870,3138,17313,228468630,0,0,0
ag2203,20220218,20220218,134058000,13:40:58,4870,3138,17313,228468630,0,0,0
ag2203,20220218,20220218,134058500,13:40:59,4874,3140,17313,228614850,2,0,146220
ag2203,20220218,20220218,134059000,13:40:59,4874,3140,17313,228614850,0,0,0
ag2203,20220218,20220218,134100500,13:41:00,4874,3140,17313,228614850,0,0,0
ag2203,20220218,20220218,134101000,13:41:01,4874,3140,17313,228614850,0,0,0
ag2203,20220218,20220218,134101500,13:41:01,4874,3140,17313,228614850,0,0,0
ag2203,20220218,20220218,134102000,13:41:02,4874,3140,17313,228614850,0,0,0
ag2203,20220218,20220218,134102500,13:41:02,4874,3140,17313,228614850,0,0,0
ag2203,20220218,20220218,134103000,13:41:04,4874,3140,17313,228614850,0,0,0
ag2203,20220218,20220218,134103500,13:41:05,4875,3141,17313,228687975,1,0,73125
ag2203,20220218,20220218,134104000,13:41:05,4875,3142,17312,228761100,1,-1,73125
ag2203,20220218,20220218,134104500,13:41:05,4875,3142,17312,228761100,0,0,0
ag2203,20220218,20220218,134105000,13:41:06,4875,3142,17312,228761100,0,0,0
ag2203,20220218,20220218,134105500,13:41:06,4875,3142,17312,228761100,0,0,0
ag2203,20220218,20220218,134106000,13:41:06,4875,3142,17312,228761100,0,0,0
ag2203,20220218,20220218,134106500,13:41:07,4875,3142,17312,228761100,0,0,0
ag2203,20220218,20220218,134107000,13:41:07,4875,3142,17312,228761100,0,0,0
ag2203,20220218,20220218,134107500,13:41:09,4877,3143,17311,228834255,1,-1,73155
ag2203,20220218,20220218,134108000,13:41:09,4877,3143,17311,228834255,0,0,0
ag2203,20220218,20220218,134108500,13:41:10,4877,3143,17311,228834255,0,0,0
ag2203,20220218,20220218,134109000,13:41:10,4877,3143,17311,228834255,0,0,0
ag2203,20220218,20220218,134109500,13:41:10,4877,3143,17311,228834255,0,0,0
ag2203,20220218,20220218,134110000,13:41:10,4877,3143,17311,228834255,0,0,0
ag2203,20220218,20220218,134111000,13:41:11,4877,3143,17311,228834255,0,0,0
ag2203,20220218,20220218,134111500,13:41:11,4877,3143,17311,228834255,0,0,0
ag2203,20220218,20220218,134112000,13:41:12,4877,3143,17311,228834255,0,0,0
ag2203,20220218,20220218,134112500,13:41:12,4877,3143,17311,228834255,0,0,0
ag2203,20220218,20220218,134113000,13:41:13,4877,3143,17311,228834255,0,0,0
ag2203,20220218,20220218,134113500,13:41:13,4877,3143,17311,228834255,0,0,0
ag2203,20220218,20220218,134114000,13:41:14,4878,3144,17311,228907425,1,0,73170
ag2203,20220218,20220218,134114500,13:41:15,4879,3145,17312,228980610,1,1,73185
ag2203,20220218,20220218,134115000,13:41:16,4879,3145,17312,228980610,0,0,0
ag2203,20220218,20220218,134115500,13:41:16,4879,3145,17312,228980610,0,0,0
ag2203,20220218,20220218,134116000,13:41:16,4879,3145,17312,228980610,0,0,0
ag2203,20220218,20220218,134116500,13:41:17,4879,3145,17312,228980610,0,0,0
ag2203,20220218,20220218,134117000,13:41:17,4879,3145,17312,228980610,0,0,0
ag2203,20220218,20220218,134117500,13:41:18,4879,3145,17312,228980610,0,0,0
ag2203,20220218,20220218,134118000,13:41:19,4879,3145,17312,228980610,0,0,0
ag2203,20220218,20220218,134118500,13:41:19,4879,3145,17312,228980610,0,0,0
ag2203,20220218,20220218,134119000,13:41:19,4879,3145,17312,228980610,0,0,0
ag2203,20220218,20220218,134119500,13:41:19,4879,3145,17312,228980610,0,0,0
ag2203,20220218,20220218,134120000,13:41:20,4879,3145,17312,228980610,0,0,0
ag2203,20220218,20220218,134120500,13:41:23,4879,3145,17312,228980610,0,0,0
ag2203,20220218,20220218,134121000,13:41:23,4879,3145,17312,228980610,0,0,0
ag2203,20220218,20220218,134121500,13:41:23,4885,3148,17309,229200435,3,-3,219825
ag2203,20220218,20220218,134122000,13:41:24,4885,3148,17309,229200435,0,0,0
ag2203,20220218,20220218,134123000,13:41:24,4884,3153,17305,229566795,5,-4,366360
ag2203,20220218,20220218,134123500,13:41:24,4883,3154,17305,229640040,1,0,73245
ag2203,20220218,20220218,134124000,13:41:24,4884,3157,17302,229859820,3,-3,219780
ag2203,20220218,20220218,134124500,13:41:26,4883,3158,17301,229933065,1,-1,73245
ag2203,20220218,20220218,134125000,13:41:26,4883,3159,17300,230006310,1,-1,73245
ag2203,20220218,20220218,134125500,13:41:27,4883,3161,17300,230152800,2,0,146490
ag2203,20220218,20220218,134126000,13:41:27,4883,3161,17300,230152800,0,0,0
ag2203,20220218,20220218,134126500,13:41:27,4883,3161,17300,230152800,0,0,0
ag2203,20220218,20220218,134127000,13:41:27,4883,3161,17300,230152800,0,0,0
ag2203,20220218,20220218,134127500,13:41:27,4884,3162,17300,230226060,1,0,73260
ag2203,20220218,20220218,134128000,13:41:28,4884,3162,17300,230226060,0,0,0
ag2203,20220218,20220218,134128500,13:41:28,4884,3162,17300,230226060,0,0,0
ag2203,20220218,20220218,134129000,13:41:29,4884,3162,17300,230226060,0,0,0
ag2203,20220218,20220218,134129500,13:41:30,4884,3162,17300,230226060,0,0,0
ag2203,20220218,20220218,134130000,13:41:30,4884,3162,17300,230226060,0,0,0
ag2203,20220218,20220218,134130500,13:41:31,4884,3162,17300,230226060,0,0,0
ag2203,20220218,20220218,134131000,13:41:31,4884,3162,17300,230226060,0,0,0
ag2203,20220218,20220218,134131500,13:41:31,4884,3162,17300,230226060,0,0,0
ag2203,20220218,20220218,134132000,13:41:32,4884,3165,17300,230445840,3,0,219780
ag2203,20220218,20220218,134132500,13:41:33,4884,3165,17300,230445840,0,0,0
ag2203,20220218,20220218,134133000,13:41:33,4884,3165,17300,230445840,0,0,0
ag2203,20220218,20220218,134133500,13:41:34,4884,3166,17299,230519100,1,-1,73260
ag2203,20220218,20220218,134134000,13:41:34,4883,3167,17298,230592345,1,-1,73245
ag2203,20220218,20220218,134134500,13:41:34,4883,3167,17298,230592345,0,0,0
ag2203,20220218,20220218,134135000,13:41:35,4885,3172,17296,230958615,5,-2,366270
ag2203,20220218,20220218,134135500,13:41:35,4884,3173,17296,231031875,1,0,73260
ag2203,20220218,20220218,134136000,13:41:39,4885,3179,17295,231471525,6,-1,439650
ag2203,20220218,20220218,134136500,13:41:39,4885,3179,17295,231471525,0,0,0
ag2203,20220218,20220218,134137000,13:41:40,4885,3179,17295,231471525,0,0,0
ag2203,20220218,20220218,134139500,13:41:41,4885,3181,17295,231618075,2,0,146550
ag2203,20220218,20220218,134141000,13:41:42,4885,3181,17295,231618075,0,0,0
ag2203,20220218,20220218,134142000,13:41:42,4885,3181,17295,231618075,0,0,0
ag2203,20220218,20220218,134142500,13:41:42,4885,3181,17295,231618075,0,0,0
ag2203,20220218,20220218,134143000,13:41:43,4885,3181,17295,231618075,0,0,0
ag2203,20220218,20220218,134143500,13:41:44,4885,3181,17295,231618075,0,0,0
ag2203,20220218,20220218,134146000,13:41:46,4885,3181,17295,231618075,0,0,0
ag2203,20220218,20220218,134146500,13:41:47,4885,3181,17295,231618075,0,0,0
ag2203,20220218,20220218,134147500,13:41:48,4885,3181,17295,231618075,0,0,0
ag2203,20220218,20220218,134148000,13:41:48,4885,3181,17295,231618075,0,0,0
ag2203,20220218,20220218,134148500,13:41:48,4885,3181,17295,231618075,0,0,0
ag2203,20220218,20220218,134149000,13:41:49,4885,3181,17295,231618075,0,0,0
ag2203,20220218,20220218,134149500,13:41:50,4885,3181,17295,231618075,0,0,0
ag2203,20220218,20220218,134150000,13:41:50,4885,3181,17295,231618075,0,0,0
ag2203,20220218,20220218,134151000,13:41:51,4882,3183,17293,231764535,2,-2,146460
ag2203,20220218,20220218,134151500,13:41:52,4882,3183,17293,231764535,0,0,0
ag2203,20220218,20220218,134152000,13:41:52,4882,3183,17293,231764535,0,0,0
ag2203,20220218,20220218,134152500,13:41:52,4882,3186,17293,231984225,3,0,219690
ag2203,20220218,20220218,134153000,13:41:53,4882,3186,17293,231984225,0,0,0
ag2203,20220218,20220218,134153500,13:41:54,4882,3186,17293,231984225,0,0,0
ag2203,20220218,20220218,134154000,13:42:02,4882,3186,17293,231984225,0,0,0
ag2203,20220218,20220218,134154500,13:42:02,4882,3186,17293,231984225,0,0,0
ag2203,20220218,20220218,134155000,13:42:06,4882,3186,17293,231984225,0,0,0
ag2203,20220218,20220218,134201500,13:42:10,4882,3186,17293,231984225,0,0,0
ag2203,20220218,20220218,134202500,13:42:11,4882,3186,17293,231984225,0,0,0
ag2203,20220218,20220218,134203000,13:42:11,4882,3186,17293,231984225,0,0,0
ag2203,20220218,20220218,134210000,13:42:12,4882,3186,17293,231984225,0,0,0
ag2203,20220218,20220218,134210500,13:42:12,4882,3186,17293,231984225,0,0,0
ag2203,20220218,20220218,134211000,13:42:12,4882,3186,17293,231984225,0,0,0
ag2203,20220218,20220218,134211500,13:42:12,4882,3186,17293,231984225,0,0,0
ag2203,20220218,20220218,134212000,13:42:13,4885,3211,17309,233816025,25,16,1831800
ag2203,20220218,20220218,134212500,13:42:13,4885,3212,17308,233889300,1,-1,73275
ag2203,20220218,20220218,134213000,13:42:13,4885,3212,17308,233889300,0,0,0
ag2203,20220218,20220218,134213500,13:42:13,4885,3212,17308,233889300,0,0,0
ag2203,20220218,20220218,134214000,13:42:14,4887,3213,17307,233962605,1,-1,73305
ag2203,20220218,20220218,134214500,13:42:15,4887,3213,17307,233962605,0,0,0
ag2203,20220218,20220218,134215000,13:42:15,4887,3213,17307,233962605,0,0,0
ag2203,20220218,20220218,134215500,13:42:16,4887,3213,17307,233962605,0,0,0
ag2203,20220218,20220218,134216000,13:42:16,4887,3213,17307,233962605,0,0,0
ag2203,20220218,20220218,134216500,13:42:17,4887,3213,17307,233962605,0,0,0
ag2203,20220218,20220218,134217000,13:42:18,4887,3213,17307,233962605,0,0,0
ag2203,20220218,20220218,134217500,13:42:19,4887,3213,17307,233962605,0,0,0
ag2203,20220218,20220218,134218000,13:42:20,4887,3213,17307,233962605,0,0,0
ag2203,20220218,20220218,134218500,13:42:20,4888,3214,17307,234035925,1,0,73320
ag2203,20220218,20220218,134219500,13:42:20,4888,3214,17307,234035925,0,0,0
ag2203,20220218,20220218,134220000,13:42:20,4888,3214,17307,234035925,0,0,0
ag2203,20220218,20220218,134220500,13:42:21,4888,3214,17307,234035925,0,0,0
ag2203,20220218,20220218,134221000,13:42:21,4888,3214,17307,234035925,0,0,0
ag2203,20220218,20220218,134222000,13:42:22,4888,3214,17307,234035925,0,0,0
ag2203,20220218,20220218,134222500,13:42:22,4888,3214,17307,234035925,0,0,0
ag2203,20220218,20220218,134223000,13:42:23,4888,3214,17307,234035925,0,0,0
ag2203,20220218,20220218,134223500,13:42:24,4888,3214,17307,234035925,0,0,0
ag2203,20220218,20220218,134225500,13:42:25,4888,3214,17307,234035925,0,0,0
ag2203,20220218,20220218,134226000,13:42:26,4888,3214,17307,234035925,0,0,0
ag2203,20220218,20220218,134226500,13:42:27,4888,3214,17307,234035925,0,0,0
ag2203,20220218,20220218,134227000,13:42:28,4888,3214,17307,234035925,0,0,0
ag2203,20220218,20220218,134227500,13:42:28,4888,3214,17307,234035925,0,0,0
ag2203,20220218,20220218,134228000,13:42:29,4887,3217,17307,234255840,3,0,219915
ag2203,20220218,20220218,134228500,13:42:29,4887,3217,17307,234255840,0,0,0
ag2203,20220218,20220218,134229000,13:42:29,4887,3217,17307,234255840,0,0,0
ag2203,20220218,20220218,134230000,13:42:30,4888,3237,17297,235722240,20,-10,1466400
ag2203,20220218,20220218,134239500,13:42:39,4888,3237,17297,235722240,0,0,0
ag2203,20220218,20220218,134241000,13:42:41,4888,3237,17297,235722240,0,0,0
ag2203,20220218,20220218,134249000,13:42:49,4888,3237,17297,235722240,0,0,0
ag2203,20220218,20220218,134255500,13:42:55,4888,3239,17295,235868880,2,-2,146640
ag2203,20220218,20220218,134256000,13:42:56,4887,3245,17294,236308755,6,-1,439875
ag2203,20220218,20220218,134256500,13:42:57,4887,3245,17294,236308755,0,0,0
ag2203,20220218,20220218,134257000,13:42:59,4887,3249,17295,236601945,4,1,293190
ag2203,20220218,20220218,134258000,13:42:59,4887,3249,17295,236601945,0,0,0
ag2203,20220218,20220218,134258500,13:42:59,4887,3249,17295,236601945,0,0,0
ag2203,20220218,20220218,134259500,13:43:01,4887,3249,17295,236601945,0,0,0
ag2203,20220218,20220218,134300500,13:43:02,4889,3256,17292,237115140,7,-3,513195
ag2203,20220218,20220218,134301000,13:43:02,4890,3257,17291,237188490,1,-1,73350
ag2203,20220218,20220218,134302500,13:43:02,4890,3257,17291,237188490,0,0,0
ag2203,20220218,20220218,134303000,13:43:05,4890,3257,17291,237188490,0,0,0
ag2203,20220218,20220218,134303500,13:43:11,4890,3257,17291,237188490,0,0,0
ag2203,20220218,20220218,134304000,13:43:11,4890,3257,17291,237188490,0,0,0
ag2203,20220218,20220218,134305000,13:43:11,4890,3257,17291,237188490,0,0,0
ag2203,20220218,20220218,134310500,13:43:12,4890,3257,17291,237188490,0,0,0
ag2203,20220218,20220218,134311000,13:43:13,4890,3257,17291,237188490,0,0,0
ag2203,20220218,20220218,134312500,13:43:14,4890,3257,17291,237188490,0,0,0
ag2203,20220218,20220218,134313000,13:43:14,4890,3257,17291,237188490,0,0,0
ag2203,20220218,20220218,134315000,13:43:15,4890,3257,17291,237188490,0,0,0
ag2203,20220218,20220218,134315500,13:43:15,4890,3257,17291,237188490,0,0,0
ag2203,20220218,20220218,134316000,13:43:16,4890,3257,17291,237188490,0,0,0
ag2203,20220218,20220218,134316500,13:43:16,4891,3260,17290,237408495,3,-1,220005
ag2203,20220218,20220218,134317000,13:43:17,4891,3260,17290,237408495,0,0,0
ag2203,20220218,20220218,134317500,13:43:17,4890,3262,17290,237555195,2,0,146700
ag2203,20220218,20220218,134318000,13:43:18,4890,3262,17290,237555195,0,0,0
ag2203,20220218,20220218,134318500,13:43:18,4890,3262,17290,237555195,0,0,0
ag2203,20220218,20220218,134319000,13:43:19,4890,3262,17290,237555195,0,0,0
ag2203,20220218,20220218,134319500,13:43:19,4890,3262,17290,237555195,0,0,0
ag2203,20220218,20220218,134320000,13:43:20,4890,3262,17290,237555195,0,0,0
ag2203,20220218,20220218,134320500,13:43:21,4890,3262,17290,237555195,0,0,0
ag2203,20220218,20220218,134321000,13:43:21,4890,3263,17290,237628545,1,0,73350
ag2203,20220218,20220218,134321500,13:43:21,4890,3263,17290,237628545,0,0,0
ag2203,20220218,20220218,134322000,13:43:22,4890,3263,17290,237628545,0,0,0
ag2203,20220218,20220218,134322500,13:43:23,4890,3263,17290,237628545,0,0,0
ag2203,20220218,20220218,134323000,13:43:23,4887,3264,17289,237701850,1,-1,73305
ag2203,20220218,20220218,134323500,13:43:24,4887,3264,17289,237701850,0,0,0
ag2203,20220218,20220218,134324000,13:43:24,4887,3264,17289,237701850,0,0,0
ag2203,20220218,20220218,134324500,13:43:24,4887,3264,17289,237701850,0,0,0
ag2203,20220218,20220218,134325000,13:43:25,4887,3264,17289,237701850,0,0,0
ag2203,20220218,20220218,134325500,13:43:25,4887,3264,17289,237701850,0,0,0
ag2203,20220218,20220218,134326000,13:43:26,4887,3264,17289,237701850,0,0,0
ag2203,20220218,20220218,134328000,13:43:29,4889,3265,17289,237775185,1,0,73335
ag2203,20220218,20220218,134328500,13:43:29,4889,3266,17288,237848520,1,-1,73335
ag2203,20220218,20220218,134329000,13:43:29,4889,3266,17288,237848520,0,0,0
ag2203,20220218,20220218,134329500,13:43:30,4889,3266,17288,237848520,0,0,0
ag2203,20220218,20220218,134330000,13:43:30,4889,3266,17288,237848520,0,0,0
ag2203,20220218,20220218,134330500,13:43:30,4889,3266,17288,237848520,0,0,0
ag2203,20220218,20220218,134331000,13:43:31,4889,3266,17288,237848520,0,0,0
ag2203,20220218,20220218,134331500,13:43:31,4889,3266,17288,237848520,0,0,0
ag2203,20220218,20220218,134332500,13:43:32,4889,3266,17288,237848520,0,0,0
ag2203,20220218,20220218,134333000,13:43:33,4889,3266,17288,237848520,0,0,0
ag2203,20220218,20220218,134333500,13:43:34,4889,3266,17288,237848520,0,0,0
ag2203,20220218,20220218,134334000,13:43:34,4889,3266,17288,237848520,0,0,0
ag2203,20220218,20220218,134334500,13:43:34,4889,3266,17288,237848520,0,0,0
ag2203,20220218,20220218,134335000,13:43:35,4889,3266,17288,237848520,0,0,0
ag2203,20220218,20220218,134335500,13:43:35,4889,3266,17288,237848520,0,0,0
ag2203,20220218,20220218,134336000,13:43:36,4889,3266,17288,237848520,0,0,0
ag2203,20220218,20220218,134336500,13:43:37,4889,3266,17288,237848520,0,0,0
ag2203,20220218,20220218,134337000,13:43:37,4887,3268,17286,237995130,2,-2,146610
ag2203,20220218,20220218,134337500,13:43:37,4887,3268,17286,237995130,0,0,0
ag2203,20220218,20220218,134338000,13:43:38,4887,3268,17286,237995130,0,0,0
ag2203,20220218,20220218,134338500,13:43:38,4887,3268,17286,237995130,0,0,0
ag2203,20220218,20220218,134340000,13:43:57,4887,3268,17286,237995130,0,0,0
ag2203,20220218,20220218,134340500,13:43:57,4887,3268,17286,237995130,0,0,0
ag2203,20220218,20220218,134355000,13:44:04,4887,3268,17286,237995130,0,0,0
ag2203,20220218,20220218,134357000,13:44:04,4887,3268,17286,237995130,0,0,0
ag2203,20220218,20220218,134403500,13:44:04,4887,3268,17286,237995130,0,0,0
ag2203,20220218,20220218,134404000,13:44:04,4887,3268,17286,237995130,0,0,0
ag2203,20220218,20220218,134404500,13:44:05,4887,3268,17286,237995130,0,0,0
ag2203,20220218,20220218,134408500,13:44:09,4887,3268,17286,237995130,0,0,0
ag2203,20220218,20220218,134409000,13:44:09,4887,3268,17286,237995130,0,0,0
ag2203,20220218,20220218,134409500,13:44:17,4887,3268,17286,237995130,0,0,0
ag2203,20220218,20220218,134410000,13:44:17,4887,3268,17286,237995130,0,0,0
ag2203,20220218,20220218,134410500,13:44:17,4887,3268,17286,237995130,0,0,0
ag2203,20220218,20220218,134411000,13:44:17,4887,3268,17286,237995130,0,0,0
ag2203,20220218,20220218,134417000,13:44:17,4887,3268,17286,237995130,0,0,0
ag2203,20220218,20220218,134417500,13:44:18,4887,3268,17286,237995130,0,0,0
ag2203,20220218,20220218,134418000,13:44:18,4889,3272,17282,238288440,4,-4,293310
ag2203,20220218,20220218,134418500,13:44:18,4889,3272,17282,238288440,0,0,0
ag2203,20220218,20220218,134419000,13:44:19,4889,3272,17282,238288440,0,0,0
ag2203,20220218,20220218,134419500,13:44:23,4889,3272,17282,238288440,0,0,0
ag2203,20220218,20220218,134420000,13:44:23,4889,3272,17282,238288440,0,0,0
ag2203,20220218,20220218,134420500,13:44:23,4889,3272,17282,238288440,0,0,0
ag2203,20220218,20220218,134421000,13:44:23,4889,3272,17282,238288440,0,0,0
ag2203,20220218,20220218,134427000,13:44:27,4889,3272,17282,238288440,0,0,0
ag2203,20220218,20220218,134427500,13:44:27,4889,3272,17282,238288440,0,0,0
ag2203,20220218,20220218,134428000,13:44:29,4889,3272,17282,238288440,0,0,0
ag2203,20220218,20220218,134428500,13:44:29,4889,3272,17282,238288440,0,0,0
ag2203,20220218,20220218,134437500,13:44:37,4889,3272,17282,238288440,0,0,0
ag2203,20220218,20220218,134438000,13:44:38,4889,3272,17282,238288440,0,0,0
ag2203,20220218,20220218,134438500,13:44:38,4889,3272,17282,238288440,0,0,0
ag2203,20220218,20220218,134439000,13:44:39,4889,3272,17282,238288440,0,0,0
ag2203,20220218,20220218,134439500,13:44:39,4889,3272,17282,238288440,0,0,0
ag2203,20220218,20220218,134440000,13:44:40,4889,3272,17282,238288440,0,0,0
ag2203,20220218,20220218,134440500,13:44:40,4889,3272,17282,238288440,0,0,0
ag2203,20220218,20220218,134441000,13:44:41,4889,3272,17282,238288440,0,0,0
ag2203,20220218,20220218,134441500,13:44:41,4889,3272,17282,238288440,0,0,0
ag2203,20220218,20220218,134442000,13:44:42,4889,3272,17282,238288440,0,0,0
ag2203,20220218,20220218,134442500,13:44:42,4889,3272,17282,238288440,0,0,0
ag2203,20220218,20220218,134443000,13:44:43,4889,3272,17282,238288440,0,0,0
ag2203,20220218,20220218,134443500,13:44:44,4889,3272,17282,238288440,0,0,0
ag2203,20220218,20220218,134444000,13:44:44,4889,3272,17282,238288440,0,0,0
ag2203,20220218,20220218,134444500,13:44:45,4889,3272,17282,238288440,0,0,0
ag2203,20220218,20220218,134445000,13:44:45,4889,3272,17282,238288440,0,0,0
ag2203,20220218,20220218,134446000,13:44:46,4889,3272,17282,238288440,0,0,0
ag2203,20220218,20220218,134446500,13:44:46,4889,3272,17282,238288440,0,0,0
ag2203,20220218,20220218,134447000,13:44:47,4889,3272,17282,238288440,0,0,0
ag2203,20220218,20220218,134447500,13:44:47,4889,3272,17282,238288440,0,0,0
ag2203,20220218,20220218,134448000,13:44:48,4889,3272,17282,238288440,0,0,0
ag2203,20220218,20220218,134448500,13:44:48,4889,3272,17282,238288440,0,0,0
ag2203,20220218,20220218,134449000,13:44:49,4889,3272,17282,238288440,0,0,0
ag2203,20220218,20220218,134449500,13:44:50,4889,3272,17282,238288440,0,0,0
ag2203,20220218,20220218,134450000,13:44:50,4889,3272,17282,238288440,0,0,0
ag2203,20220218,20220218,134450500,13:44:50,4889,3272,17282,238288440,0,0,0
ag2203,20220218,20220218,134451000,13:44:51,4889,3272,17282,238288440,0,0,0
ag2203,20220218,20220218,134451500,13:44:51,4889,3272,17282,238288440,0,0,0
ag2203,20220218,20220218,134452000,13:44:53,4889,3272,17282,238288440,0,0,0
ag2203,20220218,20220218,134452500,13:44:53,4889,3272,17282,238288440,0,0,0
ag2203,20220218,20220218,134453000,13:44:53,4889,3272,17282,238288440,0,0,0
ag2203,20220218,20220218,134453500,13:44:54,4889,3272,17282,238288440,0,0,0
ag2203,20220218,20220218,134454000,13:44:54,4889,3272,17282,238288440,0,0,0
ag2203,20220218,20220218,134454500,13:44:55,4889,3272,17282,238288440,0,0,0
ag2203,20220218,20220218,134455000,13:44:55,4888,3281,17277,238948620,9,-5,660180
ag2203,20220218,20220218,134455500,13:44:55,4888,3281,17277,238948620,0,0,0
ag2203,20220218,20220218,134456000,13:44:56,4888,3281,17277,238948620,0,0,0
ag2203,20220218,20220218,134456500,13:44:56,4888,3281,17277,238948620,0,0,0
ag2203,20220218,20220218,134457000,13:44:57,4888,3281,17277,238948620,0,0,0
ag2203,20220218,20220218,134457500,13:44:57,4888,3281,17277,238948620,0,0,0
ag2203,20220218,20220218,134458000,13:44:58,4889,3283,17279,239095290,2,2,146670
ag2203,20220218,20220218,134458500,13:44:59,4889,3283,17279,239095290,0,0,0
ag2203,20220218,20220218,134459000,13:44:59,4889,3283,17279,239095290,0,0,0
ag2203,20220218,20220218,134459500,13:44:59,4889,3283,17279,239095290,0,0,0
ag2203,20220218,20220218,134500000,13:45:00,4889,3283,17279,239095290,0,0,0
ag2203,20220218,20220218,134500500,13:45:01,4889,3283,17279,239095290,0,0,0
ag2203,20220218,20220218,134501500,13:45:02,4889,3283,17279,239095290,0,0,0
ag2203,20220218,20220218,134502000,13:45:02,4889,3283,17279,239095290,0,0,0
ag2203,20220218,20220218,134502500,13:45:02,4889,3283,17279,239095290,0,0,0
ag2203,20220218,20220218,134503000,13:45:03,4889,3283,17279,239095290,0,0,0
ag2203,20220218,20220218,134503500,13:45:04,4889,3283,17279,239095290,0,0,0
ag2203,20220218,20220218,134504500,13:45:08,4889,3283,17279,239095290,0,0,0
ag2203,20220218,20220218,134505000,13:45:09,4889,3283,17279,239095290,0,0,0
ag2203,20220218,20220218,134508000,13:45:09,4889,3283,17279,239095290,0,0,0
ag2203,20220218,20220218,134508500,13:45:09,4889,3283,17279,239095290,0,0,0
ag2203,20220218,20220218,134509000,13:45:10,4889,3283,17279,239095290,0,0,0
ag2203,20220218,20220218,134509500,13:45:10,4889,3283,17279,239095290,0,0,0
ag2203,20220218,20220218,134510000,13:45:10,4889,3283,17279,239095290,0,0,0
ag2203,20220218,20220218,134510500,13:45:10,4889,3283,17279,239095290,0,0,0
ag2203,20220218,20220218,134512000,13:45:12,4889,3283,17279,239095290,0,0,0
ag2203,20220218,20220218,134512500,13:45:13,4889,3283,17279,239095290,0,0,0
ag2203,20220218,20220218,134513000,13:45:13,4889,3283,17279,239095290,0,0,0
ag2203,20220218,20220218,134513500,13:45:14,4889,3283,17279,239095290,0,0,0
ag2203,20220218,20220218,134514000,13:45:15,4889,3283,17279,239095290,0,0,0
ag2203,20220218,20220218,134514500,13:45:16,4889,3283,17279,239095290,0,0,0
ag2203,20220218,20220218,134515000,13:45:16,4889,3283,17279,239095290,0,0,0
ag2203,20220218,20220218,134515500,13:45:17,4889,3283,17279,239095290,0,0,0
ag2203,20220218,20220218,134516000,13:45:17,4889,3283,17279,239095290,0,0,0
ag2203,20220218,20220218,134516500,13:45:17,4889,3283,17279,239095290,0,0,0
ag2203,20220218,20220218,134517000,13:45:17,4894,3286,17279,239315520,3,0,220230
ag2203,20220218,20220218,134517500,13:45:20,4894,3287,17278,239388930,1,-1,73410
ag2203,20220218,20220218,134518000,13:45:21,4894,3287,17278,239388930,0,0,0
ag2203,20220218,20220218,134520500,13:45:23,4894,3287,17278,239388930,0,0,0
ag2203,20220218,20220218,134521000,13:45:23,4894,3287,17278,239388930,0,0,0
ag2203,20220218,20220218,134521500,13:45:23,4894,3287,17278,239388930,0,0,0
ag2203,20220218,20220218,134523000,13:45:24,4894,3287,17278,239388930,0,0,0
ag2203,20220218,20220218,134523500,13:45:24,4894,3287,17278,239388930,0,0,0
ag2203,20220218,20220218,134524000,13:45:24,4894,3287,17278,239388930,0,0,0
ag2203,20220218,20220218,134524500,13:45:25,4894,3287,17278,239388930,0,0,0
ag2203,20220218,20220218,134525000,13:45:26,4894,3287,17278,239388930,0,0,0
ag2203,20220218,20220218,134525500,13:45:27,4894,3287,17278,239388930,0,0,0
ag2203,20220218,20220218,134526000,13:45:27,4894,3287,17278,239388930,0,0,0
ag2203,20220218,20220218,134526500,13:45:28,4894,3287,17278,239388930,0,0,0
ag2203,20220218,20220218,134527500,13:45:30,4894,3287,17278,239388930,0,0,0
ag2203,20220218,20220218,134528000,13:45:30,4894,3287,17278,239388930,0,0,0
ag2203,20220218,20220218,134529500,13:45:30,4894,3287,17278,239388930,0,0,0
ag2203,20220218,20220218,134530000,13:45:30,4894,3287,17278,239388930,0,0,0
ag2203,20220218,20220218,134530500,13:45:30,4894,3287,17278,239388930,0,0,0
ag2203,20220218,20220218,134531000,13:45:31,4894,3287,17278,239388930,0,0,0
ag2203,20220218,20220218,134532000,13:45:32,4892,3288,17278,239462310,1,0,73380
ag2203,20220218,20220218,134532500,13:45:33,4892,3288,17278,239462310,0,0,0
ag2203,20220218,20220218,134533000,13:45:33,4892,3288,17278,239462310,0,0,0
ag2203,20220218,20220218,134533500,13:45:34,4892,3288,17278,239462310,0,0,0
ag2203,20220218,20220218,134534000,13:45:35,4892,3288,17278,239462310,0,0,0
ag2203,20220218,20220218,134534500,13:45:35,4892,3288,17278,239462310,0,0,0
ag2203,20220218,20220218,134535000,13:45:35,4892,3288,17278,239462310,0,0,0
ag2203,20220218,20220218,134535500,13:45:35,4892,3288,17278,239462310,0,0,0
ag2203,20220218,20220218,134536000,13:45:36,4895,3289,17278,239535735,1,0,73425
ag2203,20220218,20220218,134536500,13:45:37,4895,3289,17278,239535735,0,0,0
ag2203,20220218,20220218,134537000,13:45:37,4895,3289,17278,239535735,0,0,0
ag2203,20220218,20220218,134537500,13:45:38,4895,3289,17278,239535735,0,0,0
ag2203,20220218,20220218,134538000,13:45:38,4895,3289,17278,239535735,0,0,0
ag2203,20220218,20220218,134538500,13:45:39,4895,3289,17278,239535735,0,0,0
ag2203,20220218,20220218,134540000,13:45:40,4895,3289,17278,239535735,0,0,0
ag2203,20220218,20220218,134540500,13:45:40,4895,3289,17278,239535735,0,0,0
ag2203,20220218,20220218,134541000,13:45:41,4895,3289,17278,239535735,0,0,0
ag2203,20220218,20220218,134541500,13:45:41,4895,3289,17278,239535735,0,0,0
ag2203,20220218,20220218,134542000,13:45:45,4895,3289,17278,239535735,0,0,0
ag2203,20220218,20220218,134542500,13:45:45,4895,3289,17278,239535735,0,0,0
ag2203,20220218,20220218,134543000,13:45:46,4895,3289,17278,239535735,0,0,0
ag2203,20220218,20220218,134543500,13:45:46,4896,3290,17278,239609175,1,0,73440
ag2203,20220218,20220218,134545500,13:45:46,4896,3290,17278,239609175,0,0,0
ag2203,20220218,20220218,134546000,13:45:46,4896,3290,17278,239609175,0,0,0
ag2203,20220218,20220218,134546500,13:45:47,4896,3290,17278,239609175,0,0,0
ag2203,20220218,20220218,134547000,13:45:47,4896,3290,17278,239609175,0,0,0
ag2203,20220218,20220218,134548000,13:45:48,4896,3290,17278,239609175,0,0,0
ag2203,20220218,20220218,134548500,13:45:48,4896,3290,17278,239609175,0,0,0
ag2203,20220218,20220218,134549000,13:45:49,4896,3293,17277,239829495,3,-1,220320
ag2203,20220218,20220218,134549500,13:45:53,4896,3294,17276,239902935,1,-1,73440
ag2203,20220218,20220218,134550000,13:45:53,4897,3295,17275,239976390,1,-1,73455
ag2203,20220218,20220218,134550500,13:45:54,4897,3295,17275,239976390,0,0,0
ag2203,20220218,20220218,134551000,13:45:54,4897,3295,17275,239976390,0,0,0
ag2203,20220218,20220218,134553500,13:45:54,4897,3295,17275,239976390,0,0,0
ag2203,20220218,20220218,134554000,13:45:54,4897,3295,17275,239976390,0,0,0
ag2203,20220218,20220218,134554500,13:45:55,4897,3295,17275,239976390,0,0,0
ag2203,20220218,20220218,134557000,13:46:00,4897,3295,17275,239976390,0,0,0
ag2203,20220218,20220218,134600000,13:46:01,4897,3295,17275,239976390,0,0,0
ag2203,20220218,20220218,134600500,13:46:01,4897,3295,17275,239976390,0,0,0
ag2203,20220218,20220218,134601000,13:46:01,4897,3295,17275,239976390,0,0,0
ag2203,20220218,20220218,134602500,13:46:04,4897,3295,17275,239976390,0,0,0
ag2203,20220218,20220218,134603000,13:46:04,4897,3295,17275,239976390,0,0,0
ag2203,20220218,20220218,134603500,13:46:04,4897,3295,17275,239976390,0,0,0
ag2203,20220218,20220218,134604500,13:46:05,4897,3295,17275,239976390,0,0,0
ag2203,20220218,20220218,134609000,13:46:09,4897,3295,17275,239976390,0,0,0
ag2203,20220218,20220218,134609500,13:46:10,4897,3295,17275,239976390,0,0,0
ag2203,20220218,20220218,134610000,13:46:11,4897,3295,17275,239976390,0,0,0
ag2203,20220218,20220218,134610500,13:46:11,4897,3295,17275,239976390,0,0,0
ag2203,20220218,20220218,134611000,13:46:11,4897,3295,17275,239976390,0,0,0
ag2203,20220218,20220218,134611500,13:46:11,4897,3295,17275,239976390,0,0,0
ag2203,20220218,20220218,134612000,13:46:13,4897,3295,17275,239976390,0,0,0
ag2203,20220218,20220218,134612500,13:46:13,4897,3295,17275,239976390,0,0,0
ag2203,20220218,20220218,134613000,13:46:13,4897,3295,17275,239976390,0,0,0
ag2203,20220218,20220218,134613500,13:46:14,4897,3295,17275,239976390,0,0,0
ag2203,20220218,20220218,134614000,13:46:14,4897,3295,17275,239976390,0,0,0
ag2203,20220218,20220218,134614500,13:46:15,4897,3295,17275,239976390,0,0,0
ag2203,20220218,20220218,134615000,13:46:15,4897,3295,17275,239976390,0,0,0
ag2203,20220218,20220218,134615500,13:46:17,4897,3295,17275,239976390,0,0,0
ag2203,20220218,20220218,134616000,13:46:17,4898,3297,17275,240123330,2,0,146940
ag2203,20220218,20220218,134616500,13:46:18,4898,3298,17275,240196800,1,0,73470
ag2203,20220218,20220218,134617500,13:46:18,4898,3299,17276,240270270,1,1,73470
ag2203,20220218,20220218,134618000,13:46:18,4898,3311,17288,241151910,12,12,881640
ag2203,20220218,20220218,134618500,13:46:18,4899,3312,17287,241225395,1,-1,73485
ag2203,20220218,20220218,134619000,13:46:19,4899,3312,17287,241225395,0,0,0
ag2203,20220218,20220218,134619500,13:46:19,4899,3312,17287,241225395,0,0,0
ag2203,20220218,20220218,134621000,13:46:21,4899,3312,17287,241225395,0,0,0
ag2203,20220218,20220218,134621500,13:46:21,4899,3312,17287,241225395,0,0,0
ag2203,20220218,20220218,134622000,13:46:30,4899,3312,17287,241225395,0,0,0
ag2203,20220218,20220218,134622500,13:46:30,4899,3312,17287,241225395,0,0,0
ag2203,20220218,20220218,134623000,13:46:30,4899,3312,17287,241225395,0,0,0
ag2203,20220218,20220218,134623500,13:46:30,4899,3312,17287,241225395,0,0,0
ag2203,20220218,20220218,134630000,13:46:31,4899,3312,17287,241225395,0,0,0
ag2203,20220218,20220218,134630500,13:46:31,4896,3316,17283,241519185,4,-4,293790
ag2203,20220218,20220218,134631000,13:46:31,4896,3316,17283,241519185,0,0,0
ag2203,20220218,20220218,134631500,13:46:32,4896,3316,17283,241519185,0,0,0
ag2203,20220218,20220218,134632000,13:46:32,4896,3316,17283,241519185,0,0,0
ag2203,20220218,20220218,134632500,13:46:32,4896,3316,17283,241519185,0,0,0
ag2203,20220218,20220218,134633000,13:46:33,4896,3316,17283,241519185,0,0,0
ag2203,20220218,20220218,134633500,13:46:33,4896,3316,17283,241519185,0,0,0
ag2203,20220218,20220218,134634000,13:46:34,4896,3316,17283,241519185,0,0,0
ag2203,20220218,20220218,134634500,13:46:35,4896,3316,17283,241519185,0,0,0
ag2203,20220218,20220218,134635000,13:46:35,4896,3316,17283,241519185,0,0,0
ag2203,20220218,20220218,134635500,13:46:36,4896,3316,17283,241519185,0,0,0
ag2203,20220218,20220218,134636000,13:46:37,4896,3316,17283,241519185,0,0,0
ag2203,20220218,20220218,134636500,13:46:37,4896,3316,17283,241519185,0,0,0
ag2203,20220218,20220218,134637000,13:46:37,4896,3316,17283,241519185,0,0,0
ag2203,20220218,20220218,134637500,13:46:38,4896,3316,17283,241519185,0,0,0
ag2203,20220218,20220218,134638000,13:46:38,4896,3316,17283,241519185,0,0,0
ag2203,20220218,20220218,134638500,13:46:38,4896,3316,17283,241519185,0,0,0
ag2203,20220218,20220218,134639500,13:46:39,4896,3317,17283,241592625,1,0,73440
ag2203,20220218,20220218,134640000,13:46:40,4896,3317,17283,241592625,0,0,0
ag2203,20220218,20220218,134640500,13:46:42,4896,3317,17283,241592625,0,0,0
ag2203,20220218,20220218,134641000,13:46:42,4896,3317,17283,241592625,0,0,0
ag2203,20220218,20220218,134641500,13:46:43,4896,3317,17283,241592625,0,0,0
ag2203,20220218,20220218,134642500,13:46:43,4896,3317,17283,241592625,0,0,0
ag2203,20220218,20220218,134643000,13:46:43,4896,3317,17283,241592625,0,0,0
ag2203,20220218,20220218,134643500,13:46:44,4896,3317,17283,241592625,0,0,0
ag2203,20220218,20220218,134644000,13:46:46,4896,3317,17283,241592625,0,0,0
ag2203,20220218,20220218,134644500,13:46:47,4896,3317,17283,241592625,0,0,0
ag2203,20220218,20220218,134645000,13:46:47,4896,3317,17283,241592625,0,0,0
ag2203,20220218,20220218,134647500,13:46:47,4896,3317,17283,241592625,0,0,0
ag2203,20220218,20220218,134648000,13:46:48,4896,3317,17283,241592625,0,0,0
ag2203,20220218,20220218,134648500,13:46:48,4896,3317,17283,241592625,0,0,0
ag2203,20220218,20220218,134649000,13:46:49,4896,3317,17283,241592625,0,0,0
ag2203,20220218,20220218,134649500,13:46:50,4896,3317,17283,241592625,0,0,0
ag2203,20220218,20220218,134650500,13:46:50,4896,3317,17283,241592625,0,0,0
ag2203,20220218,20220218,134651000,13:46:51,4896,3317,17283,241592625,0,0,0
ag2203,20220218,20220218,134651500,13:46:51,4896,3317,17283,241592625,0,0,0
ag2203,20220218,20220218,134652000,13:46:52,4896,3317,17283,241592625,0,0,0
ag2203,20220218,20220218,134652500,13:46:52,4896,3317,17283,241592625,0,0,0
ag2203,20220218,20220218,134653000,13:46:54,4896,3317,17283,241592625,0,0,0
ag2203,20220218,20220218,134653500,13:46:54,4896,3317,17283,241592625,0,0,0
ag2203,20220218,20220218,134655500,13:46:55,4896,3317,17283,241592625,0,0,0
ag2203,20220218,20220218,134656000,13:46:56,4896,3317,17283,241592625,0,0,0
ag2203,20220218,20220218,134656500,13:46:56,4896,3317,17283,241592625,0,0,0
ag2203,20220218,20220218,134657000,13:46:57,4896,3317,17283,241592625,0,0,0
ag2203,20220218,20220218,134657500,13:46:57,4896,3317,17283,241592625,0,0,0
ag2203,20220218,20220218,134659000,13:46:59,4896,3317,17283,241592625,0,0,0
ag2203,20220218,20220218,134659500,13:46:59,4896,3317,17283,241592625,0,0,0
ag2203,20220218,20220218,134700000,13:47:00,4896,3317,17283,241592625,0,0,0
ag2203,20220218,20220218,134700500,13:47:00,4896,3317,17283,241592625,0,0,0
ag2203,20220218,20220218,134701500,13:47:02,4896,3317,17283,241592625,0,0,0
ag2203,20220218,20220218,134702000,13:47:02,4896,3317,17283,241592625,0,0,0
ag2203,20220218,20220218,134702500,13:47:02,4900,3320,17282,241813095,3,-1,220470
ag2203,20220218,20220218,134703000,13:47:03,4898,3321,17282,241886565,1,0,73470
ag2203,20220218,20220218,134703500,13:47:03,4898,3321,17282,241886565,0,0,0
ag2203,20220218,20220218,134704000,13:47:04,4898,3321,17282,241886565,0,0,0
ag2203,20220218,20220218,134704500,13:47:05,4898,3321,17282,241886565,0,0,0
ag2203,20220218,20220218,134705000,13:47:05,4898,3321,17282,241886565,0,0,0
ag2203,20220218,20220218,134705500,13:47:06,4897,3322,17281,241960020,1,-1,73455
ag2203,20220218,20220218,134706000,13:47:10,4897,3322,17281,241960020,0,0,0
ag2203,20220218,20220218,134707000,13:47:10,4897,3322,17281,241960020,0,0,0
ag2203,20220218,20220218,134707500,13:47:10,4897,3322,17281,241960020,0,0,0
ag2203,20220218,20220218,134709500,13:47:11,4897,3322,17281,241960020,0,0,0
ag2203,20220218,20220218,134710000,13:47:11,4897,3322,17281,241960020,0,0,0
ag2203,20220218,20220218,134710500,13:47:12,4897,3322,17281,241960020,0,0,0
ag2203,20220218,20220218,134711000,13:47:14,4897,3322,17281,241960020,0,0,0
ag2203,20220218,20220218,134716500,13:47:16,4897,3322,17281,241960020,0,0,0
ag2203,20220218,20220218,134718000,13:47:19,4897,3322,17281,241960020,0,0,0
ag2203,20220218,20220218,134718500,13:47:19,4897,3322,17281,241960020,0,0,0
ag2203,20220218,20220218,134719000,13:47:19,4897,3322,17281,241960020,0,0,0
ag2203,20220218,20220218,134719500,13:47:19,4897,3322,17281,241960020,0,0,0
ag2203,20220218,20220218,134720000,13:47:20,4897,3322,17281,241960020,0,0,0
ag2203,20220218,20220218,134728500,13:47:28,4897,3322,17281,241960020,0,0,0
ag2203,20220218,20220218,134729000,13:47:29,4897,3322,17281,241960020,0,0,0
ag2203,20220218,20220218,134729500,13:47:29,4897,3325,17280,242180370,3,-1,220350
ag2203,20220218,20220218,134730000,13:47:30,4897,3329,17280,242474190,4,0,293820
ag2203,20220218,20220218,134730500,13:47:30,4897,3329,17280,242474190,0,0,0
ag2203,20220218,20220218,134731000,13:47:31,4897,3329,17280,242474190,0,0,0
ag2203,20220218,20220218,134731500,13:47:31,4897,3329,17280,242474190,0,0,0
ag2203,20220218,20220218,134732000,13:47:32,4897,3329,17280,242474190,0,0,0
ag2203,20220218,20220218,134732500,13:47:32,4897,3329,17280,242474190,0,0,0
ag2203,20220218,20220218,134733500,13:47:34,4897,3329,17280,242474190,0,0,0
ag2203,20220218,20220218,134734000,13:47:34,4897,3329,17280,242474190,0,0,0
ag2203,20220218,20220218,134734500,13:47:36,4897,3329,17280,242474190,0,0,0
ag2203,20220218,20220218,134735000,13:47:36,4897,3329,17280,242474190,0,0,0
ag2203,20220218,20220218,134736000,13:47:36,4897,3329,17280,242474190,0,0,0
ag2203,20220218,20220218,134736500,13:47:36,4897,3329,17280,242474190,0,0,0
ag2203,20220218,20220218,134737000,13:47:37,4897,3329,17280,242474190,0,0,0
ag2203,20220218,20220218,134740000,13:47:40,4897,3329,17280,242474190,0,0,0
ag2203,20220218,20220218,134740500,13:47:40,4897,3329,17280,242474190,0,0,0
ag2203,20220218,20220218,134741000,13:47:41,4897,3329,17280,242474190,0,0,0
ag2203,20220218,20220218,134742500,13:47:42,4897,3329,17280,242474190,0,0,0
ag2203,20220218,20220218,134743000,13:47:43,4897,3329,17280,242474190,0,0,0
ag2203,20220218,20220218,134743500,13:47:43,4897,3329,17280,242474190,0,0,0
ag2203,20220218,20220218,134744000,13:47:44,4897,3329,17280,242474190,0,0,0
ag2203,20220218,20220218,134744500,13:47:45,4897,3329,17280,242474190,0,0,0
ag2203,20220218,20220218,134745000,13:47:45,4897,3329,17280,242474190,0,0,0
ag2203,20220218,20220218,134745500,13:47:45,4900,3337,17280,243062190,8,0,588000
ag2203,20220218,20220218,134746000,13:47:47,4900,3337,17280,243062190,0,0,0
ag2203,20220218,20220218,134746500,13:47:47,4900,3337,17280,243062190,0,0,0
ag2203,20220218,20220218,134748500,13:47:48,4900,3337,17280,243062190,0,0,0
ag2203,20220218,20220218,134749000,13:47:50,4900,3337,17280,243062190,0,0,0
ag2203,20220218,20220218,134750000,13:47:50,4900,3337,17280,243062190,0,0,0
ag2203,20220218,20220218,134750500,13:47:50,4898,3339,17280,243209130,2,0,146940
ag2203,20220218,20220218,134754000,13:47:54,4898,3339,17280,243209130,0,0,0
ag2203,20220218,20220218,134755500,13:47:55,4898,3339,17280,243209130,0,0,0
ag2203,20220218,20220218,134756500,13:47:56,4898,3339,17280,243209130,0,0,0
ag2203,20220218,20220218,134758000,13:47:58,4898,3339,17280,243209130,0,0,0
ag2203,20220218,20220218,134759000,13:47:59,4898,3339,17280,243209130,0,0,0
ag2203,20220218,20220218,134800000,13:48:00,4898,3339,17280,243209130,0,0,0
ag2203,20220218,20220218,134802000,13:48:02,4898,3339,17280,243209130,0,0,0
ag2203,20220218,20220218,134805000,13:48:05,4898,3339,17280,243209130,0,0,0
ag2203,20220218,20220218,134806000,13:48:06,4898,3339,17280,243209130,0,0,0
ag2203,20220218,20220218,134806500,13:48:06,4898,3339,17280,243209130,0,0,0
ag2203,20220218,20220218,134808000,13:48:08,4898,3339,17280,243209130,0,0,0
ag2203,20220218,20220218,134809000,13:48:09,4898,3339,17280,243209130,0,0,0
ag2203,20220218,20220218,134810000,13:48:10,4898,3339,17280,243209130,0,0,0
ag2203,20220218,20220218,134811000,13:48:11,4898,3339,17280,243209130,0,0,0
ag2203,20220218,20220218,134812500,13:48:12,4898,3339,17280,243209130,0,0,0
ag2203,20220218,20220218,134814500,13:48:14,4898,3339,17280,243209130,0,0,0
ag2203,20220218,20220218,134817000,13:48:17,4898,3339,17280,243209130,0,0,0
ag2203,20220218,20220218,134817500,13:48:18,4898,3339,17280,243209130,0,0,0
ag2203,20220218,20220218,134818000,13:48:19,4898,3339,17280,243209130,0,0,0
ag2203,20220218,20220218,134818500,13:48:20,4898,3339,17280,243209130,0,0,0
ag2203,20220218,20220218,134819000,13:48:20,4898,3339,17280,243209130,0,0,0
ag2203,20220218,20220218,134819500,13:48:20,4897,3352,17279,244164360,13,-1,955230
ag2203,20220218,20220218,134820000,13:48:22,4897,3352,17279,244164360,0,0,0
ag2203,20220218,20220218,134820500,13:48:22,4897,3352,17279,244164360,0,0,0
ag2203,20220218,20220218,134821000,13:48:22,4897,3352,17279,244164360,0,0,0
ag2203,20220218,20220218,134821500,13:48:22,4897,3352,17279,244164360,0,0,0
ag2203,20220218,20220218,134822000,13:48:23,4897,3352,17279,244164360,0,0,0
ag2203,20220218,20220218,134822500,13:48:23,4897,3352,17279,244164360,0,0,0
ag2203,20220218,20220218,134823000,13:48:23,4897,3352,17279,244164360,0,0,0
ag2203,20220218,20220218,134823500,13:48:24,4897,3352,17279,244164360,0,0,0
ag2203,20220218,20220218,134825500,13:48:27,4897,3352,17279,244164360,0,0,0
ag2203,20220218,20220218,134826000,13:48:27,4897,3352,17279,244164360,0,0,0
ag2203,20220218,20220218,134826500,13:48:27,4897,3352,17279,244164360,0,0,0
ag2203,20220218,20220218,134827000,13:48:27,4897,3352,17279,244164360,0,0,0
ag2203,20220218,20220218,134827500,13:48:28,4897,3352,17279,244164360,0,0,0
ag2203,20220218,20220218,134828000,13:48:28,4897,3352,17279,244164360,0,0,0
ag2203,20220218,20220218,134832500,13:48:32,4897,3352,17279,244164360,0,0,0
ag2203,20220218,20220218,134833000,13:48:33,4895,3354,17278,244311210,2,-1,146850
ag2203,20220218,20220218,134833500,13:48:34,4895,3354,17278,244311210,0,0,0
ag2203,20220218,20220218,134834000,13:48:36,4895,3354,17278,244311210,0,0,0
ag2203,20220218,20220218,134834500,13:48:36,4895,3354,17278,244311210,0,0,0
ag2203,20220218,20220218,134835000,13:48:36,4895,3354,17278,244311210,0,0,0
ag2203,20220218,20220218,134835500,13:48:36,4895,3354,17278,244311210,0,0,0
ag2203,20220218,20220218,134836000,13:48:37,4895,3354,17278,244311210,0,0,0
ag2203,20220218,20220218,134836500,13:48:37,4895,3354,17278,244311210,0,0,0
ag2203,20220218,20220218,134837000,13:48:37,4895,3354,17278,244311210,0,0,0
ag2203,20220218,20220218,134837500,13:48:37,4895,3354,17278,244311210,0,0,0
ag2203,20220218,20220218,134842000,13:48:42,4895,3354,17278,244311210,0,0,0
ag2203,20220218,20220218,134842500,13:48:42,4895,3354,17278,244311210,0,0,0
ag2203,20220218,20220218,134843000,13:48:43,4895,3354,17278,244311210,0,0,0
ag2203,20220218,20220218,134843500,13:48:43,4895,3354,17278,244311210,0,0,0
ag2203,20220218,20220218,134846000,13:48:46,4895,3354,17278,244311210,0,0,0
ag2203,20220218,20220218,134846500,13:48:46,4895,3354,17278,244311210,0,0,0
ag2203,20220218,20220218,134847000,13:48:47,4895,3354,17278,244311210,0,0,0
ag2203,20220218,20220218,134847500,13:48:47,4895,3354,17278,244311210,0,0,0
ag2203,20220218,20220218,134848000,13:48:48,4895,3354,17278,244311210,0,0,0
ag2203,20220218,20220218,134848500,13:48:48,4895,3354,17278,244311210,0,0,0
ag2203,20220218,20220218,134851000,13:48:51,4895,3354,17278,244311210,0,0,0
ag2203,20220218,20220218,134851500,13:48:51,4895,3354,17278,244311210,0,0,0
ag2203,20220218,20220218,134852000,13:48:52,4895,3354,17278,244311210,0,0,0
ag2203,20220218,20220218,134852500,13:48:52,4895,3354,17278,244311210,0,0,0
ag2203,20220218,20220218,134853000,13:48:54,4895,3354,17278,244311210,0,0,0
ag2203,20220218,20220218,134853500,13:48:54,4895,3354,17278,244311210,0,0,0
ag2203,20220218,20220218,134854000,13:48:55,4895,3354,17278,244311210,0,0,0
ag2203,20220218,20220218,134854500,13:48:56,4895,3354,17278,244311210,0,0,0
ag2203,20220218,20220218,134855000,13:48:56,4895,3354,17278,244311210,0,0,0
ag2203,20220218,20220218,134855500,13:48:56,4895,3354,17278,244311210,0,0,0
ag2203,20220218,20220218,134900500,13:49:00,4895,3354,17278,244311210,0,0,0
ag2203,20220218,20220218,134901000,13:49:01,4895,3354,17278,244311210,0,0,0
ag2203,20220218,20220218,134901500,13:49:02,4894,3356,17280,244458030,2,2,146820
ag2203,20220218,20220218,134902000,13:49:02,4894,3356,17280,244458030,0,0,0
ag2203,20220218,20220218,134902500,13:49:03,4894,3356,17280,244458030,0,0,0
ag2203,20220218,20220218,134903000,13:49:03,4894,3356,17280,244458030,0,0,0
ag2203,20220218,20220218,134903500,13:49:04,4894,3356,17280,244458030,0,0,0
ag2203,20220218,20220218,134906500,13:49:06,4894,3356,17280,244458030,0,0,0
ag2203,20220218,20220218,134907000,13:49:07,4894,3356,17280,244458030,0,0,0
ag2203,20220218,20220218,134907500,13:49:07,4894,3356,17280,244458030,0,0,0
ag2203,20220218,20220218,134908000,13:49:08,4894,3356,17280,244458030,0,0,0
ag2203,20220218,20220218,134908500,13:49:08,4894,3356,17280,244458030,0,0,0
ag2203,20220218,20220218,134909000,13:49:09,4894,3356,17280,244458030,0,0,0
ag2203,20220218,20220218,134909500,13:49:10,4894,3356,17280,244458030,0,0,0
ag2203,20220218,20220218,134911000,13:49:11,4894,3356,17280,244458030,0,0,0
ag2203,20220218,20220218,134911500,13:49:11,4894,3356,17280,244458030,0,0,0
ag2203,20220218,20220218,134912000,13:49:12,4894,3356,17280,244458030,0,0,0
ag2203,20220218,20220218,134912500,13:49:12,4894,3356,17280,244458030,0,0,0
ag2203,20220218,20220218,134913000,13:49:13,4894,3356,17280,244458030,0,0,0
ag2203,20220218,20220218,134913500,13:49:13,4894,3356,17280,244458030,0,0,0
ag2203,20220218,20220218,134914000,13:49:14,4894,3356,17280,244458030,0,0,0
ag2203,20220218,20220218,134914500,13:49:14,4894,3356,17280,244458030,0,0,0
ag2203,20220218,20220218,134915000,13:49:15,4894,3356,17280,244458030,0,0,0
ag2203,20220218,20220218,134915500,13:49:15,4894,3356,17280,244458030,0,0,0
ag2203,20220218,20220218,134916500,13:49:17,4894,3356,17280,244458030,0,0,0
ag2203,20220218,20220218,134917000,13:49:17,4894,3356,17280,244458030,0,0,0
ag2203,20220218,20220218,134917500,13:49:17,4894,3356,17280,244458030,0,0,0
ag2203,20220218,20220218,134918000,13:49:18,4894,3356,17280,244458030,0,0,0
ag2203,20220218,20220218,134919500,13:49:20,4894,3356,17280,244458030,0,0,0
ag2203,20220218,20220218,134920000,13:49:20,4894,3356,17280,244458030,0,0,0
ag2203,20220218,20220218,134921000,13:49:21,4894,3356,17280,244458030,0,0,0
ag2203,20220218,20220218,134921500,13:49:21,4894,3356,17280,244458030,0,0,0
ag2203,20220218,20220218,134922000,13:49:22,4894,3356,17280,244458030,0,0,0
ag2203,20220218,20220218,134923000,13:49:23,4893,3357,17279,244531425,1,-1,73395
ag2203,20220218,20220218,134923500,13:49:24,4893,3357,17279,244531425,0,0,0
ag2203,20220218,20220218,134924000,13:49:24,4893,3357,17279,244531425,0,0,0
ag2203,20220218,20220218,134924500,13:49:25,4893,3357,17279,244531425,0,0,0
ag2203,20220218,20220218,134925000,13:49:25,4893,3357,17279,244531425,0,0,0
ag2203,20220218,20220218,134925500,13:49:25,4893,3357,17279,244531425,0,0,0
ag2203,20220218,20220218,134926500,13:49:27,4893,3357,17279,244531425,0,0,0
ag2203,20220218,20220218,134927000,13:49:27,4893,3357,17279,244531425,0,0,0
ag2203,20220218,20220218,134927500,13:49:28,4893,3357,17279,244531425,0,0,0
ag2203,20220218,20220218,134931000,13:49:31,4893,3357,17279,244531425,0,0,0
ag2203,20220218,20220218,134932500,13:49:32,4892,3358,17278,244604805,1,-1,73380
ag2203,20220218,20220218,134933000,13:49:33,4892,3358,17278,244604805,0,0,0
ag2203,20220218,20220218,134933500,13:49:34,4891,3376,17277,245925375,18,-1,1320570
ag2203,20220218,20220218,134934000,13:49:34,4891,3379,17278,246145470,3,1,220095
ag2203,20220218,20220218,134934500,13:49:35,4892,3380,17278,246218850,1,0,73380
ag2203,20220218,20220218,134935000,13:49:35,4892,3380,17278,246218850,0,0,0
ag2203,20220218,20220218,134935500,13:49:36,4892,3380,17278,246218850,0,0,0
ag2203,20220218,20220218,134936000,13:49:36,4892,3380,17278,246218850,0,0,0
ag2203,20220218,20220218,134936500,13:49:36,4892,3380,17278,246218850,0,0,0
