ag2206,20220218,20220218,112004500,11:20:09,4898,384491,496611,28159293285,384491,496611,28159293285
ag2206,20220218,20220218,112010500,11:20:10,4899,384493,496611,28159440255,2,0,146970
ag2206,20220218,20220218,112011000,11:20:11,4899,384493,496611,28159440255,0,0,0
ag2206,20220218,20220218,112012000,11:20:12,4899,384493,496611,28159440255,0,0,0
ag2206,20220218,20220218,112012500,11:20:13,4899,384493,496611,28159440255,0,0,0
ag2206,20220218,20220218,112013000,11:20:13,4899,384493,496611,28159440255,0,0,0
ag2206,20220218,20220218,112013500,11:20:13,4898,384503,496612,28160174955,10,1,734700
ag2206,20220218,20220218,112014000,11:20:14,4898,384508,496609,28160542305,5,-3,367350
ag2206,20220218,20220218,112014500,11:20:14,4899,384510,496610,28160689260,2,1,146955
ag2206,20220218,20220218,112015000,11:20:15,4899,384510,496610,28160689260,0,0,0
ag2206,20220218,20220218,112016000,11:20:16,4899,384532,496615,28162305930,22,5,1616670
ag2206,20220218,20220218,112016500,11:20:16,4899,384535,496618,28162526385,3,3,220455
ag2206,20220218,20220218,112017000,11:20:17,4899,384535,496618,28162526385,0,0,0
ag2206,20220218,20220218,112017500,11:20:17,4899,384536,496619,28162599870,1,1,73485
ag2206,20220218,20220218,112018000,11:20:18,4899,384536,496619,28162599870,0,0,0
ag2206,20220218,20220218,112018500,11:20:18,4899,384536,496619,28162599870,0,0,0
ag2206,20220218,20220218,112019000,11:20:19,4899,384536,496619,28162599870,0,0,0
ag2206,20220218,20220218,112019500,11:20:20,4899,384536,496619,28162599870,0,0,0
ag2206,20220218,20220218,112020000,11:20:20,4899,384536,496619,28162599870,0,0,0
ag2206,20220218,20220218,112020500,11:20:21,4898,384537,496620,28162673340,1,1,73470
ag2206,20220218,20220218,112021000,11:20:21,4898,384537,496620,28162673340,0,0,0
ag2206,20220218,20220218,112021500,11:20:21,4898,384540,496618,28162893750,3,-2,220410
ag2206,20220218,20220218,112022000,11:20:22,4898,384540,496618,28162893750,0,0,0
ag2206,20220218,20220218,112022500,11:20:23,4898,384540,496618,28162893750,0,0,0
ag2206,20220218,20220218,112023000,11:20:23,4898,384540,496618,28162893750,0,0,0
ag2206,20220218,20220218,112023500,11:20:23,4898,384540,496618,28162893750,0,0,0
ag2206,20220218,20220218,112024000,11:20:24,4899,384541,496619,28162967235,1,1,73485
ag2206,20220218,20220218,112024500,11:20:24,4899,384543,496619,28163114205,2,0,146970
ag2206,20220218,20220218,112025000,11:20:25,4899,384543,496619,28163114205,0,0,0
ag2206,20220218,20220218,112026000,11:20:26,4899,384550,496624,28163628600,7,5,514395
ag2206,20220218,20220218,112026500,11:20:26,4899,384561,496633,28164436920,11,9,808320
ag2206,20220218,20220218,112027000,11:20:27,4899,384563,496635,28164583890,2,2,146970
ag2206,20220218,20220218,112027500,11:20:28,4899,384563,496635,28164583890,0,0,0
ag2206,20220218,20220218,112028000,11:20:28,4899,384568,496639,28164951315,5,4,367425
ag2206,20220218,20220218,112028500,11:20:28,4899,384571,496639,28165171770,3,0,220455
ag2206,20220218,20220218,112029000,11:20:29,4898,384577,496636,28165612665,6,-3,440895
ag2206,20220218,20220218,112029500,11:20:30,4898,384588,496638,28166420985,11,2,808320
ag2206,20220218,20220218,112030000,11:20:31,4898,384588,496638,28166420985,0,0,0
ag2206,20220218,20220218,112030500,11:20:31,4898,384588,496638,28166420985,0,0,0
ag2206,20220218,20220218,112031000,11:20:32,4899,384593,496633,28166788410,5,-5,367425
ag2206,20220218,20220218,112031500,11:20:32,4898,384594,496632,28166861880,1,-1,73470
ag2206,20220218,20220218,112032000,11:20:32,4898,384594,496632,28166861880,0,0,0
ag2206,20220218,20220218,112032500,11:20:32,4899,384608,496638,28167890670,14,6,1028790
ag2206,20220218,20220218,112033000,11:20:33,4898,384609,496638,28167964140,1,0,73470
ag2206,20220218,20220218,112033500,11:20:33,4898,384609,496638,28167964140,0,0,0
ag2206,20220218,20220218,112034000,11:20:34,4898,384609,496638,28167964140,0,0,0
ag2206,20220218,20220218,112034500,11:20:35,4898,384609,496638,28167964140,0,0,0
ag2206,20220218,20220218,112035000,11:20:35,4899,384611,496637,28168111110,2,-1,146970
ag2206,20220218,20220218,112036000,11:20:36,4899,384611,496637,28168111110,0,0,0
ag2206,20220218,20220218,112036500,11:20:37,4899,384611,496637,28168111110,0,0,0
ag2206,20220218,20220218,112038500,11:20:38,4899,384611,496637,28168111110,0,0,0
ag2206,20220218,20220218,112039000,11:20:39,4899,384611,496637,28168111110,0,0,0
ag2206,20220218,20220218,112039500,11:20:40,4899,384633,496638,28169727780,22,1,1616670
ag2206,20220218,20220218,112040000,11:20:40,4898,384634,496638,28169801250,1,0,73470
ag2206,20220218,20220218,112040500,11:20:41,4898,384634,496638,28169801250,0,0,0
ag2206,20220218,20220218,112041000,11:20:41,4898,384634,496638,28169801250,0,0,0
ag2206,20220218,20220218,112041500,11:20:41,4898,384634,496638,28169801250,0,0,0
ag2206,20220218,20220218,112042000,11:20:42,4898,384634,496638,28169801250,0,0,0
ag2206,20220218,20220218,112042500,11:20:42,4898,384638,496642,28170095130,4,4,293880
ag2206,20220218,20220218,112043000,11:20:43,4898,384643,496647,28170462480,5,5,367350
ag2206,20220218,20220218,112044000,11:20:44,4898,384643,496647,28170462480,0,0,0
ag2206,20220218,20220218,112044500,11:20:45,4898,384647,496647,28170756360,4,0,293880
ag2206,20220218,20220218,112045000,11:20:45,4898,384647,496647,28170756360,0,0,0
ag2206,20220218,20220218,112045500,11:20:46,4898,384648,496648,28170829830,1,1,73470
ag2206,20220218,20220218,112046500,11:20:46,4898,384649,496648,28170903300,1,0,73470
ag2206,20220218,20220218,112047000,11:20:47,4898,384675,496660,28172813520,26,12,1910220
ag2206,20220218,20220218,112047500,11:20:48,4898,384675,496660,28172813520,0,0,0
ag2206,20220218,20220218,112048000,11:20:48,4898,384675,496660,28172813520,0,0,0
ag2206,20220218,20220218,112049000,11:20:50,4898,384675,496660,28172813520,0,0,0
ag2206,20220218,20220218,112049500,11:20:50,4898,384676,496660,28172886990,1,0,73470
ag2206,20220218,20220218,112050500,11:20:50,4898,384676,496660,28172886990,0,0,0
ag2206,20220218,20220218,112051500,11:20:52,4898,384676,496660,28172886990,0,0,0
ag2206,20220218,20220218,112052000,11:20:53,4898,384676,496660,28172886990,0,0,0
ag2206,20220218,20220218,112052500,11:20:53,4898,384676,496660,28172886990,0,0,0
ag2206,20220218,20220218,112053000,11:20:53,4898,384676,496660,28172886990,0,0,0
ag2206,20220218,20220218,112053500,11:20:53,4898,384677,496661,28172960460,1,1,73470
ag2206,20220218,20220218,112054000,11:20:54,4898,384677,496661,28172960460,0,0,0
ag2206,20220218,20220218,112054500,11:20:55,4898,384677,496661,28172960460,0,0,0
ag2206,20220218,20220218,112055000,11:20:55,4898,384677,496661,28172960460,0,0,0
ag2206,20220218,20220218,112056000,11:20:56,4898,384678,496661,28173033930,1,0,73470
ag2206,20220218,20220218,112056500,11:20:56,4899,384710,496648,28175385450,32,-13,2351520
ag2206,20220218,20220218,112057000,11:20:58,4899,384734,496635,28177149090,24,-13,1763640
ag2206,20220218,20220218,112057500,11:20:58,4899,384740,496637,28177590000,6,2,440910
ag2206,20220218,20220218,112058000,11:20:58,4899,384761,496634,28179133185,21,-3,1543185
ag2206,20220218,20220218,112058500,11:20:59,4898,384792,496632,28181411070,31,-2,2277885
ag2206,20220218,20220218,112059000,11:21:00,4900,384813,496622,28182954300,21,-10,1543230
ag2206,20220218,20220218,112059500,11:21:00,4899,384814,496623,28183027785,1,1,73485
ag2206,20220218,20220218,112100000,11:21:00,4899,384817,496621,28183248240,3,-2,220455
ag2206,20220218,20220218,112100500,11:21:01,4899,384835,496609,28184570970,18,-12,1322730
ag2206,20220218,20220218,112101000,11:21:01,4899,384840,496609,28184938395,5,0,367425
ag2206,20220218,20220218,112101500,11:21:02,4898,384845,496609,28185305805,5,0,367410
ag2206,20220218,20220218,112102000,11:21:03,4899,384846,496609,28185379290,1,0,73485
ag2206,20220218,20220218,112102500,11:21:03,4899,384851,496608,28185746715,5,-1,367425
ag2206,20220218,20220218,112103000,11:21:03,4900,384865,496598,28186775565,14,-10,1028850
ag2206,20220218,20220218,112103500,11:21:04,4900,384881,496582,28187951565,16,-16,1176000
ag2206,20220218,20220218,112104000,11:21:04,4900,384881,496582,28187951565,0,0,0
ag2206,20220218,20220218,112104500,11:21:05,4899,384895,496572,28188980535,14,-10,1028970
ag2206,20220218,20220218,112105000,11:21:06,4900,384906,496566,28189789035,11,-6,808500
ag2206,20220218,20220218,112105500,11:21:07,4900,384968,496611,28194346020,62,45,4556985
ag2206,20220218,20220218,112106000,11:21:07,4900,384979,496611,28195154520,11,0,808500
ag2206,20220218,20220218,112106500,11:21:08,4900,384982,496614,28195375020,3,3,220500
ag2206,20220218,20220218,112107000,11:21:10,4900,385023,496645,28198388520,41,31,3013500
ag2206,20220218,20220218,112107500,11:21:10,4900,385250,496801,28215073020,227,156,16684500
ag2206,20220218,20220218,112108000,11:21:10,4900,385257,496805,28215587550,7,4,514530
ag2206,20220218,20220218,112110000,11:21:10,4901,385272,496811,28216690215,15,6,1102665
ag2206,20220218,20220218,112110500,11:21:11,4901,385308,496813,28219336590,36,2,2646375
ag2206,20220218,20220218,112111000,11:21:11,4900,385332,496829,28221100935,24,16,1764345
ag2206,20220218,20220218,112111500,11:21:12,4901,385350,496821,28222424205,18,-8,1323270
ag2206,20220218,20220218,112112000,11:21:12,4901,385431,496809,28228379160,81,-12,5954955
ag2206,20220218,20220218,112112500,11:21:13,4901,385434,496811,28228599705,3,2,220545
ag2206,20220218,20220218,112113000,11:21:13,4900,385446,496812,28229481705,12,1,882000
ag2206,20220218,20220218,112113500,11:21:13,4900,385447,496813,28229555205,1,1,73500
ag2206,20220218,20220218,112114000,11:21:14,4900,385447,496813,28229555205,0,0,0
ag2206,20220218,20220218,112114500,11:21:14,4900,385447,496813,28229555205,0,0,0
ag2206,20220218,20220218,112115000,11:21:15,4900,385449,496814,28229702205,2,1,147000
ag2206,20220218,20220218,112115500,11:21:15,4900,385449,496814,28229702205,0,0,0
ag2206,20220218,20220218,112116000,11:21:16,4900,385468,496798,28231098975,19,-16,1396770
ag2206,20220218,20220218,112116500,11:21:17,4900,385468,496798,28231098975,0,0,0
ag2206,20220218,20220218,112117000,11:21:17,4900,385468,496798,28231098975,0,0,0
ag2206,20220218,20220218,112117500,11:21:18,4900,385468,496798,28231098975,0,0,0
ag2206,20220218,20220218,112118000,11:21:18,4901,385472,496797,28231393020,4,-1,294045
ag2206,20220218,20220218,112118500,11:21:18,4901,385473,496798,28231466535,1,1,73515
ag2206,20220218,20220218,112119000,11:21:19,4901,385473,496798,28231466535,0,0,0
ag2206,20220218,20220218,112119500,11:21:19,4901,385484,496802,28232275200,11,4,808665
ag2206,20220218,20220218,112120000,11:21:21,4900,385486,496802,28232422200,2,0,147000
ag2206,20220218,20220218,112120500,11:21:21,4900,385487,496802,28232495700,1,0,73500
ag2206,20220218,20220218,112121000,11:21:22,4900,385487,496802,28232495700,0,0,0
ag2206,20220218,20220218,112121500,11:21:22,4900,385487,496802,28232495700,0,0,0
ag2206,20220218,20220218,112122000,11:21:22,4900,385487,496802,28232495700,0,0,0
ag2206,20220218,20220218,112122500,11:21:22,4900,385487,496802,28232495700,0,0,0
ag2206,20220218,20220218,112123000,11:21:23,4900,385487,496802,28232495700,0,0,0
ag2206,20220218,20220218,112123500,11:21:23,4900,385489,496803,28232642700,2,1,147000
ag2206,20220218,20220218,112124000,11:21:24,4900,385489,496803,28232642700,0,0,0
ag2206,20220218,20220218,112124500,11:21:25,4900,385489,496803,28232642700,0,0,0
ag2206,20220218,20220218,112125000,11:23:32,4900,385490,496804,28232716200,1,1,73500
ag2206,20220218,20220218,112125500,11:23:32,4901,385493,496804,28232936715,3,0,220515
ag2206,20220218,20220218,112126500,11:23:33,4901,385504,496804,28233745230,11,0,808515
ag2206,20220218,20220218,112332500,11:23:33,4898,386194,496922,28284453180,690,118,50707950
ag2206,20220218,20220218,112333000,11:23:33,4898,386194,496922,28284453180,0,0,0
ag2206,20220218,20220218,112333500,11:23:33,4898,386195,496921,28284526650,1,-1,73470
ag2206,20220218,20220218,112334000,11:23:34,4898,386195,496921,28284526650,0,0,0
ag2206,20220218,20220218,112334500,11:23:34,4898,386195,496921,28284526650,0,0,0
ag2206,20220218,20220218,112335000,11:23:35,4898,386197,496920,28284673590,2,-1,146940
ag2206,20220218,20220218,112335500,11:23:35,4898,386197,496920,28284673590,0,0,0
ag2206,20220218,20220218,112336000,11:23:36,4898,386197,496920,28284673590,0,0,0
ag2206,20220218,20220218,112336500,11:23:38,4898,386199,496920,28284820530,2,0,146940
ag2206,20220218,20220218,112337000,11:23:38,4898,386199,496920,28284820530,0,0,0
ag2206,20220218,20220218,112337500,11:23:38,4898,386201,496918,28284967470,2,-2,146940
ag2206,20220218,20220218,112338500,11:23:38,4898,386201,496918,28284967470,0,0,0
ag2206,20220218,20220218,112339000,11:23:39,4898,386221,496902,28286436870,20,-16,1469400
ag2206,20220218,20220218,112339500,11:23:39,4898,386229,496897,28287024630,8,-5,587760
ag2206,20220218,20220218,112340000,11:23:40,4898,386229,496897,28287024630,0,0,0
ag2206,20220218,20220218,112340500,11:23:40,4898,386230,496896,28287098100,1,-1,73470
ag2206,20220218,20220218,112341000,11:23:41,4898,386230,496896,28287098100,0,0,0
ag2206,20220218,20220218,112341500,11:23:42,4899,386245,496910,28288200375,15,14,1102275
ag2206,20220218,20220218,112342000,11:23:42,4899,386245,496910,28288200375,0,0,0
ag2206,20220218,20220218,112342500,11:23:42,4899,386245,496910,28288200375,0,0,0
ag2206,20220218,20220218,112343000,11:23:43,4899,386245,496910,28288200375,0,0,0
ag2206,20220218,20220218,112343500,11:23:43,4899,386245,496910,28288200375,0,0,0
ag2206,20220218,20220218,112344000,11:23:45,4899,386255,496905,28288935225,10,-5,734850
ag2206,20220218,20220218,112344500,11:23:48,4899,386256,496905,28289008710,1,0,73485
ag2206,20220218,20220218,112345000,11:23:48,4899,386256,496905,28289008710,0,0,0
ag2206,20220218,20220218,112345500,11:23:48,4898,386257,496905,28289082180,1,0,73470
ag2206,20220218,20220218,112348000,11:23:48,4898,386257,496905,28289082180,0,0,0
ag2206,20220218,20220218,112348500,11:23:49,4899,386276,496896,28290478395,19,-9,1396215
ag2206,20220218,20220218,112349000,11:23:49,4899,386276,496896,28290478395,0,0,0
ag2206,20220218,20220218,112349500,11:23:50,4899,386276,496896,28290478395,0,0,0
ag2206,20220218,20220218,112350000,11:23:50,4899,386277,496895,28290551880,1,-1,73485
ag2206,20220218,20220218,112350500,11:23:50,4899,386280,496895,28290772335,3,0,220455
ag2206,20220218,20220218,112351500,11:23:51,4899,386280,496895,28290772335,0,0,0
ag2206,20220218,20220218,112352000,11:23:52,4899,386282,496895,28290919290,2,0,146955
ag2206,20220218,20220218,112352500,11:23:52,4899,386285,496895,28291139745,3,0,220455
ag2206,20220218,20220218,112353000,11:23:53,4900,386345,496877,28295548875,60,-18,4409130
ag2206,20220218,20220218,112353500,11:23:53,4899,386352,496881,28296063300,7,4,514425
ag2206,20220218,20220218,112354000,11:23:54,4900,386353,496881,28296136800,1,0,73500
ag2206,20220218,20220218,112354500,11:23:55,4900,386353,496881,28296136800,0,0,0
ag2206,20220218,20220218,112355500,11:23:55,4899,386354,496882,28296210285,1,1,73485
ag2206,20220218,20220218,112356000,11:23:56,4899,386354,496882,28296210285,0,0,0
ag2206,20220218,20220218,112356500,11:23:56,4899,386386,496866,28298561805,32,-16,2351520
ag2206,20220218,20220218,112357000,11:23:57,4899,386387,496866,28298635290,1,0,73485
ag2206,20220218,20220218,112357500,11:23:57,4899,386388,496866,28298708775,1,0,73485
ag2206,20220218,20220218,112358000,11:23:58,4899,386388,496866,28298708775,0,0,0
ag2206,20220218,20220218,112358500,11:23:58,4898,386390,496866,28298855730,2,0,146955
ag2206,20220218,20220218,112359000,11:23:59,4898,386390,496866,28298855730,0,0,0
ag2206,20220218,20220218,112359500,11:23:59,4899,386396,496871,28299296640,6,5,440910
ag2206,20220218,20220218,112400000,11:24:00,4899,386396,496871,28299296640,0,0,0
ag2206,20220218,20220218,112400500,11:24:00,4899,386396,496871,28299296640,0,0,0
ag2206,20220218,20220218,112401000,11:24:01,4899,386396,496871,28299296640,0,0,0
ag2206,20220218,20220218,112401500,11:24:01,4899,386396,496871,28299296640,0,0,0
ag2206,20220218,20220218,112402000,11:24:02,4899,386396,496871,28299296640,0,0,0
ag2206,20220218,20220218,112402500,11:24:02,4899,386397,496872,28299370125,1,1,73485
ag2206,20220218,20220218,112403000,11:24:03,4898,386403,496867,28299810945,6,-5,440820
ag2206,20220218,20220218,112403500,11:24:04,4899,386404,496868,28299884430,1,1,73485
ag2206,20220218,20220218,112404000,11:24:04,4899,386404,496868,28299884430,0,0,0
ag2206,20220218,20220218,112404500,11:24:04,4898,386417,496872,28300839540,13,4,955110
ag2206,20220218,20220218,112405000,11:24:05,4898,386417,496872,28300839540,0,0,0
ag2206,20220218,20220218,112405500,11:24:05,4899,386418,496873,28300913025,1,1,73485
ag2206,20220218,20220218,112406000,11:24:06,4898,386421,496871,28301133435,3,-2,220410
ag2206,20220218,20220218,112406500,11:24:06,4898,386421,496871,28301133435,0,0,0
ag2206,20220218,20220218,112407000,11:24:07,4898,386421,496871,28301133435,0,0,0
ag2206,20220218,20220218,112407500,11:24:08,4899,386422,496872,28301206920,1,1,73485
ag2206,20220218,20220218,112408000,11:24:08,4899,386422,496872,28301206920,0,0,0
ag2206,20220218,20220218,112408500,11:24:08,4899,386422,496872,28301206920,0,0,0
ag2206,20220218,20220218,112409000,11:24:11,4899,386422,496872,28301206920,0,0,0
ag2206,20220218,20220218,112409500,11:24:12,4898,386423,496871,28301280390,1,-1,73470
ag2206,20220218,20220218,112410000,11:24:12,4898,386423,496871,28301280390,0,0,0
ag2206,20220218,20220218,112410500,11:24:12,4898,386423,496871,28301280390,0,0,0
ag2206,20220218,20220218,112412000,11:24:12,4898,386423,496871,28301280390,0,0,0
ag2206,20220218,20220218,112412500,11:24:13,4898,386423,496871,28301280390,0,0,0
ag2206,20220218,20220218,112413000,11:24:13,4898,386423,496871,28301280390,0,0,0
ag2206,20220218,20220218,112413500,11:24:14,4898,386423,496871,28301280390,0,0,0
ag2206,20220218,20220218,112414000,11:24:14,4898,386423,496871,28301280390,0,0,0
ag2206,20220218,20220218,112414500,11:24:15,4898,386423,496871,28301280390,0,0,0
ag2206,20220218,20220218,112415000,11:24:15,4899,386424,496871,28301353875,1,0,73485
ag2206,20220218,20220218,112415500,11:24:15,4899,386424,496871,28301353875,0,0,0
ag2206,20220218,20220218,112416000,11:24:16,4899,386424,496871,28301353875,0,0,0
ag2206,20220218,20220218,112416500,11:24:17,4899,386424,496871,28301353875,0,0,0
ag2206,20220218,20220218,112417000,11:24:17,4898,386427,496869,28301574300,3,-2,220425
ag2206,20220218,20220218,112417500,11:24:18,4898,386427,496869,28301574300,0,0,0
ag2206,20220218,20220218,112418500,11:24:19,4899,386432,496869,28301941725,5,0,367425
ag2206,20220218,20220218,112419000,11:24:19,4898,386433,496868,28302015195,1,-1,73470
ag2206,20220218,20220218,112419500,11:24:20,4898,386433,496868,28302015195,0,0,0
ag2206,20220218,20220218,112420000,11:24:20,4898,386433,496868,28302015195,0,0,0
ag2206,20220218,20220218,112420500,11:24:20,4898,386433,496868,28302015195,0,0,0
ag2206,20220218,20220218,112421500,11:24:22,4899,386434,496869,28302088680,1,1,73485
ag2206,20220218,20220218,112422000,11:24:22,4898,386436,496869,28302235620,2,0,146940
ag2206,20220218,20220218,112422500,11:24:23,4898,386438,496870,28302382575,2,1,146955
ag2206,20220218,20220218,112423000,11:24:23,4898,386438,496870,28302382575,0,0,0
ag2206,20220218,20220218,112423500,11:24:23,4898,386438,496870,28302382575,0,0,0
ag2206,20220218,20220218,112424000,11:24:24,4899,386442,496872,28302676515,4,2,293940
ag2206,20220218,20220218,112426000,11:24:26,4898,386443,496872,28302749985,1,0,73470
ag2206,20220218,20220218,112426500,11:24:26,4898,386443,496872,28302749985,0,0,0
ag2206,20220218,20220218,112427000,11:24:27,4898,386444,496871,28302823455,1,-1,73470
ag2206,20220218,20220218,112427500,11:24:28,4898,386444,496871,28302823455,0,0,0
ag2206,20220218,20220218,112428500,11:24:28,4898,386444,496871,28302823455,0,0,0
ag2206,20220218,20220218,112429000,11:24:29,4898,386444,496871,28302823455,0,0,0
ag2206,20220218,20220218,112430000,11:24:30,4898,386444,496871,28302823455,0,0,0
ag2206,20220218,20220218,112430500,11:24:30,4898,386444,496871,28302823455,0,0,0
ag2206,20220218,20220218,112431000,11:24:31,4898,386444,496871,28302823455,0,0,0
ag2206,20220218,20220218,112431500,11:24:31,4898,386444,496871,28302823455,0,0,0
ag2206,20220218,20220218,112432000,11:24:32,4898,386444,496871,28302823455,0,0,0
ag2206,20220218,20220218,112432500,11:24:32,4898,386444,496871,28302823455,0,0,0
ag2206,20220218,20220218,112433000,11:24:33,4899,386445,496871,28302896940,1,0,73485
ag2206,20220218,20220218,112433500,11:24:33,4899,386445,496871,28302896940,0,0,0
ag2206,20220218,20220218,112434000,11:24:34,4899,386445,496871,28302896940,0,0,0
ag2206,20220218,20220218,112434500,11:24:34,4899,386445,496871,28302896940,0,0,0
ag2206,20220218,20220218,112435000,11:24:35,4898,386446,496871,28302970410,1,0,73470
ag2206,20220218,20220218,112435500,11:24:35,4898,386446,496871,28302970410,0,0,0
ag2206,20220218,20220218,112436000,11:24:36,4898,386446,496871,28302970410,0,0,0
ag2206,20220218,20220218,112436500,11:24:36,4898,386446,496871,28302970410,0,0,0
ag2206,20220218,20220218,112437000,11:24:37,4898,386446,496871,28302970410,0,0,0
ag2206,20220218,20220218,112437500,11:24:37,4899,386447,496871,28303043895,1,0,73485
ag2206,20220218,20220218,112438000,11:24:39,4899,386450,496872,28303264350,3,1,220455
ag2206,20220218,20220218,112438500,11:24:39,4899,386450,496872,28303264350,0,0,0
ag2206,20220218,20220218,112439000,11:24:40,4898,386464,496868,28304292945,14,-4,1028595
ag2206,20220218,20220218,112439500,11:24:40,4898,386464,496868,28304292945,0,0,0
ag2206,20220218,20220218,112440000,11:24:40,4898,386464,496868,28304292945,0,0,0
ag2206,20220218,20220218,112440500,11:24:40,4898,386464,496868,28304292945,0,0,0
ag2206,20220218,20220218,112441000,11:24:41,4898,386464,496868,28304292945,0,0,0
ag2206,20220218,20220218,112441500,11:24:41,4898,386464,496868,28304292945,0,0,0
ag2206,20220218,20220218,112442000,11:24:42,4898,386465,496867,28304366415,1,-1,73470
ag2206,20220218,20220218,112442500,11:24:42,4898,386465,496867,28304366415,0,0,0
ag2206,20220218,20220218,112443000,11:24:43,4898,386465,496867,28304366415,0,0,0
ag2206,20220218,20220218,112443500,11:24:43,4898,386465,496867,28304366415,0,0,0
ag2206,20220218,20220218,112444500,11:24:44,4898,386465,496867,28304366415,0,0,0
ag2206,20220218,20220218,112445000,11:24:45,4898,386465,496867,28304366415,0,0,0
ag2206,20220218,20220218,112445500,11:24:45,4898,386465,496867,28304366415,0,0,0
ag2206,20220218,20220218,112446000,11:24:46,4898,386468,496864,28304586825,3,-3,220410
ag2206,20220218,20220218,112447000,11:24:47,4898,386468,496864,28304586825,0,0,0
ag2206,20220218,20220218,112448500,11:24:48,4898,386468,496864,28304586825,0,0,0
ag2206,20220218,20220218,112449000,11:24:49,4898,386468,496864,28304586825,0,0,0
ag2206,20220218,20220218,112449500,11:24:49,4898,386469,496863,28304660295,1,-1,73470
ag2206,20220218,20220218,112450000,11:24:50,4898,386469,496863,28304660295,0,0,0
ag2206,20220218,20220218,112450500,11:24:50,4898,386469,496863,28304660295,0,0,0
ag2206,20220218,20220218,112451000,11:24:51,4898,386469,496863,28304660295,0,0,0
ag2206,20220218,20220218,112451500,11:24:52,4898,386469,496863,28304660295,0,0,0
ag2206,20220218,20220218,112452000,11:24:52,4898,386469,496863,28304660295,0,0,0
ag2206,20220218,20220218,112452500,11:24:52,4898,386470,496863,28304733765,1,0,73470
ag2206,20220218,20220218,112453000,11:24:53,4898,386470,496863,28304733765,0,0,0
ag2206,20220218,20220218,112453500,11:24:53,4898,386471,496863,28304807235,1,0,73470
ag2206,20220218,20220218,112454000,11:24:54,4898,386471,496863,28304807235,0,0,0
ag2206,20220218,20220218,112454500,11:24:54,4898,386471,496863,28304807235,0,0,0
ag2206,20220218,20220218,112455000,11:24:55,4898,386471,496863,28304807235,0,0,0
ag2206,20220218,20220218,112455500,11:24:56,4899,386473,496862,28304954190,2,-1,146955
ag2206,20220218,20220218,112456500,11:24:56,4899,386473,496862,28304954190,0,0,0
ag2206,20220218,20220218,112457500,11:24:57,4899,386473,496862,28304954190,0,0,0
ag2206,20220218,20220218,112458000,11:24:58,4898,386475,496860,28305101130,2,-2,146940
ag2206,20220218,20220218,112458500,11:24:58,4898,386476,496859,28305174600,1,-1,73470
ag2206,20220218,20220218,112459000,11:24:59,4899,386478,496857,28305321570,2,-2,146970
ag2206,20220218,20220218,112459500,11:24:59,4899,386478,496857,28305321570,0,0,0
ag2206,20220218,20220218,112500500,11:25:01,4899,386478,496857,28305321570,0,0,0
ag2206,20220218,20220218,112501000,11:25:02,4899,386478,496857,28305321570,0,0,0
ag2206,20220218,20220218,112501500,11:25:04,4899,386480,496857,28305468540,2,0,146970
ag2206,20220218,20220218,112502000,11:25:05,4899,386481,496857,28305542025,1,0,73485
ag2206,20220218,20220218,112502500,11:25:06,4899,386481,496857,28305542025,0,0,0
ag2206,20220218,20220218,112504500,11:25:06,4899,386481,496857,28305542025,0,0,0
ag2206,20220218,20220218,112505000,11:25:06,4899,386481,496857,28305542025,0,0,0
ag2206,20220218,20220218,112505500,11:25:06,4899,386481,496857,28305542025,0,0,0
ag2206,20220218,20220218,112506000,11:25:06,4899,386481,496857,28305542025,0,0,0
ag2206,20220218,20220218,112506500,11:25:07,4899,386481,496857,28305542025,0,0,0
ag2206,20220218,20220218,112507000,11:25:07,4899,386481,496857,28305542025,0,0,0
ag2206,20220218,20220218,112507500,11:25:07,4898,386482,496856,28305615495,1,-1,73470
ag2206,20220218,20220218,112508000,11:25:08,4899,386483,496856,28305688980,1,0,73485
ag2206,20220218,20220218,112509000,11:25:09,4898,386490,496853,28306203270,7,-3,514290
ag2206,20220218,20220218,112509500,11:25:09,4898,386491,496853,28306276740,1,0,73470
ag2206,20220218,20220218,112510000,11:25:10,4898,386491,496853,28306276740,0,0,0
ag2206,20220218,20220218,112510500,11:25:10,4899,386492,496853,28306350225,1,0,73485
ag2206,20220218,20220218,112511000,11:25:11,4899,386492,496853,28306350225,0,0,0
ag2206,20220218,20220218,112511500,11:25:11,4898,386494,496853,28306497180,2,0,146955
ag2206,20220218,20220218,112512000,11:25:12,4898,386494,496853,28306497180,0,0,0
ag2206,20220218,20220218,112512500,11:25:12,4898,386494,496853,28306497180,0,0,0
ag2206,20220218,20220218,112513000,11:25:13,4898,386494,496853,28306497180,0,0,0
ag2206,20220218,20220218,112513500,11:25:15,4898,386495,496854,28306570650,1,1,73470
ag2206,20220218,20220218,112514000,11:25:15,4898,386495,496854,28306570650,0,0,0
ag2206,20220218,20220218,112514500,11:25:15,4898,386495,496854,28306570650,0,0,0
ag2206,20220218,20220218,112515000,11:25:16,4898,386495,496854,28306570650,0,0,0
ag2206,20220218,20220218,112515500,11:25:16,4899,386496,496853,28306644135,1,-1,73485
ag2206,20220218,20220218,112516000,11:25:16,4899,386496,496853,28306644135,0,0,0
ag2206,20220218,20220218,112516500,11:25:16,4899,386496,496853,28306644135,0,0,0
ag2206,20220218,20220218,112517000,11:25:18,4899,386496,496853,28306644135,0,0,0
ag2206,20220218,20220218,112517500,11:25:18,4899,386496,496853,28306644135,0,0,0
ag2206,20220218,20220218,112518000,11:25:18,4899,386496,496853,28306644135,0,0,0
ag2206,20220218,20220218,112518500,11:25:19,4899,386496,496853,28306644135,0,0,0
ag2206,20220218,20220218,112519000,11:25:19,4899,386496,496853,28306644135,0,0,0
ag2206,20220218,20220218,112519500,11:25:19,4899,386496,496853,28306644135,0,0,0
ag2206,20220218,20220218,112520000,11:25:21,4899,386496,496853,28306644135,0,0,0
ag2206,20220218,20220218,112520500,11:25:21,4899,386496,496853,28306644135,0,0,0
ag2206,20220218,20220218,112521000,11:25:22,4898,386498,496854,28306791075,2,1,146940
ag2206,20220218,20220218,112521500,11:25:22,4899,386501,496854,28307011530,3,0,220455
ag2206,20220218,20220218,112522000,11:25:22,4899,386501,496854,28307011530,0,0,0
ag2206,20220218,20220218,112522500,11:25:22,4899,386501,496854,28307011530,0,0,0
ag2206,20220218,20220218,112523000,11:25:23,4899,386501,496854,28307011530,0,0,0
ag2206,20220218,20220218,112523500,11:25:24,4899,386508,496855,28307525925,7,1,514395
ag2206,20220218,20220218,112524000,11:25:25,4899,386509,496855,28307599410,1,0,73485
ag2206,20220218,20220218,112525500,11:25:26,4899,386509,496855,28307599410,0,0,0
ag2206,20220218,20220218,112526000,11:25:26,4899,386509,496855,28307599410,0,0,0
ag2206,20220218,20220218,112526500,11:25:27,4898,386510,496855,28307672880,1,0,73470
ag2206,20220218,20220218,112527000,11:25:27,4898,386510,496855,28307672880,0,0,0
ag2206,20220218,20220218,112527500,11:25:28,4898,386511,496855,28307746350,1,0,73470
ag2206,20220218,20220218,112528000,11:25:28,4898,386511,496855,28307746350,0,0,0
ag2206,20220218,20220218,112528500,11:25:28,4898,386522,496854,28308554520,11,-1,808170
ag2206,20220218,20220218,112529000,11:25:29,4899,386524,496854,28308701490,2,0,146970
ag2206,20220218,20220218,112529500,11:25:30,4898,386525,496854,28308774960,1,0,73470
ag2206,20220218,20220218,112530500,11:25:31,4899,386528,496853,28308995415,3,-1,220455
ag2206,20220218,20220218,112531000,11:25:31,4898,386529,496854,28309068885,1,1,73470
ag2206,20220218,20220218,112531500,11:25:32,4898,386529,496854,28309068885,0,0,0
ag2206,20220218,20220218,112533500,11:25:33,4898,386529,496854,28309068885,0,0,0
ag2206,20220218,20220218,112534000,11:25:34,4898,386529,496854,28309068885,0,0,0
ag2206,20220218,20220218,112534500,11:25:35,4898,386529,496854,28309068885,0,0,0
ag2206,20220218,20220218,112535000,11:25:36,4898,386529,496854,28309068885,0,0,0
ag2206,20220218,20220218,112535500,11:25:37,4898,386529,496854,28309068885,0,0,0
ag2206,20220218,20220218,112536500,11:25:37,4898,386529,496854,28309068885,0,0,0
ag2206,20220218,20220218,112537000,11:25:38,4898,386529,496854,28309068885,0,0,0
ag2206,20220218,20220218,112537500,11:25:38,4898,386529,496854,28309068885,0,0,0
ag2206,20220218,20220218,112538000,11:25:38,4898,386529,496854,28309068885,0,0,0
ag2206,20220218,20220218,112538500,11:25:39,4899,386554,496842,28310905995,25,-12,1837110
ag2206,20220218,20220218,112539000,11:25:39,4898,386573,496833,28312302195,19,-9,1396200
ag2206,20220218,20220218,112539500,11:25:40,4898,386573,496833,28312302195,0,0,0
ag2206,20220218,20220218,112540000,11:25:40,4898,386573,496833,28312302195,0,0,0
ag2206,20220218,20220218,112540500,11:25:41,4899,386589,496825,28313477955,16,-8,1175760
ag2206,20220218,20220218,112541000,11:25:41,4899,386589,496825,28313477955,0,0,0
ag2206,20220218,20220218,112541500,11:25:41,4899,386602,496821,28314433260,13,-4,955305
ag2206,20220218,20220218,112542000,11:25:42,4899,386617,496808,28315535535,15,-13,1102275
ag2206,20220218,20220218,112542500,11:25:42,4899,386618,496808,28315609020,1,0,73485
ag2206,20220218,20220218,112543000,11:25:43,4899,386623,496807,28315976445,5,-1,367425
ag2206,20220218,20220218,112543500,11:25:43,4899,386654,496794,28318254480,31,-13,2278035
ag2206,20220218,20220218,112544000,11:25:44,4898,386701,496787,28321708365,47,-7,3453885
ag2206,20220218,20220218,112544500,11:25:44,4899,386705,496789,28322002305,4,2,293940
ag2206,20220218,20220218,112545000,11:25:45,4899,386710,496789,28322369730,5,0,367425
ag2206,20220218,20220218,112545500,11:25:46,4899,386719,496798,28323031095,9,9,661365
ag2206,20220218,20220218,112546000,11:25:47,4899,386726,496796,28323545505,7,-2,514410
ag2206,20220218,20220218,112546500,11:25:48,4899,386727,496796,28323618990,1,0,73485
ag2206,20220218,20220218,112547000,11:25:48,4899,386732,496800,28323986415,5,4,367425
ag2206,20220218,20220218,112547500,11:25:48,4899,386746,496808,28325015205,14,8,1028790
ag2206,20220218,20220218,112548000,11:25:48,4899,386749,496808,28325235660,3,0,220455
ag2206,20220218,20220218,112548500,11:25:48,4899,386752,496808,28325456115,3,0,220455
ag2206,20220218,20220218,112549000,11:25:49,4900,386757,496807,28325823555,5,-1,367440
ag2206,20220218,20220218,112549500,11:25:49,4899,386759,496806,28325970525,2,-1,146970
ag2206,20220218,20220218,112550000,11:25:50,4899,386759,496806,28325970525,0,0,0
ag2206,20220218,20220218,112550500,11:25:51,4899,386759,496806,28325970525,0,0,0
ag2206,20220218,20220218,112552000,11:25:52,4899,386759,496806,28325970525,0,0,0
ag2206,20220218,20220218,112552500,11:25:52,4899,386760,496805,28326044010,1,-1,73485
ag2206,20220218,20220218,112553000,11:25:53,4899,386760,496805,28326044010,0,0,0
ag2206,20220218,20220218,112554000,11:25:54,4899,386761,496805,28326117495,1,0,73485
ag2206,20220218,20220218,112555000,11:25:55,4899,386761,496805,28326117495,0,0,0
ag2206,20220218,20220218,112555500,11:25:56,4899,386761,496805,28326117495,0,0,0
ag2206,20220218,20220218,112556000,11:25:57,4898,386762,496804,28326190965,1,-1,73470
ag2206,20220218,20220218,112557000,11:25:57,4898,386762,496804,28326190965,0,0,0
ag2206,20220218,20220218,112557500,11:25:57,4898,386762,496804,28326190965,0,0,0
ag2206,20220218,20220218,112558000,11:25:59,4898,386762,496804,28326190965,0,0,0
ag2206,20220218,20220218,112558500,11:25:59,4898,386762,496804,28326190965,0,0,0
ag2206,20220218,20220218,112559000,11:26:00,4899,386766,496805,28326484905,4,1,293940
ag2206,20220218,20220218,112600500,11:26:01,4899,386766,496805,28326484905,0,0,0
ag2206,20220218,20220218,112601500,11:26:03,4899,386766,496805,28326484905,0,0,0
ag2206,20220218,20220218,112602000,11:26:03,4899,386766,496805,28326484905,0,0,0
ag2206,20220218,20220218,112602500,11:26:03,4899,386766,496805,28326484905,0,0,0
ag2206,20220218,20220218,112603000,11:26:03,4899,386766,496805,28326484905,0,0,0
ag2206,20220218,20220218,112603500,11:26:04,4899,386766,496805,28326484905,0,0,0
ag2206,20220218,20220218,112604000,11:26:05,4899,386771,496804,28326852285,5,-1,367380
ag2206,20220218,20220218,112604500,11:26:05,4898,386772,496805,28326925755,1,1,73470
ag2206,20220218,20220218,112605000,11:26:05,4898,386773,496805,28326999225,1,0,73470
ag2206,20220218,20220218,112606000,11:26:06,4899,386783,496815,28327734075,10,10,734850
ag2206,20220218,20220218,112606500,11:26:09,4898,386788,496815,28328101425,5,0,367350
ag2206,20220218,20220218,112607000,11:26:09,4898,386788,496815,28328101425,0,0,0
ag2206,20220218,20220218,112607500,11:26:09,4898,386788,496815,28328101425,0,0,0
ag2206,20220218,20220218,112608000,11:26:09,4898,386788,496815,28328101425,0,0,0
ag2206,20220218,20220218,112609000,11:26:10,4899,386801,496818,28329056715,13,3,955290
ag2206,20220218,20220218,112609500,11:26:10,4898,386803,496816,28329203655,2,-2,146940
ag2206,20220218,20220218,112610000,11:26:10,4899,386806,496813,28329424110,3,-3,220455
ag2206,20220218,20220218,112611000,11:26:11,4899,386807,496813,28329497595,1,0,73485
ag2206,20220218,20220218,112611500,11:26:13,4899,386809,496811,28329644565,2,-2,146970
ag2206,20220218,20220218,112612000,11:26:14,4899,386809,496811,28329644565,0,0,0
ag2206,20220218,20220218,112612500,11:26:14,4899,386809,496811,28329644565,0,0,0
ag2206,20220218,20220218,112613000,11:26:15,4899,386809,496811,28329644565,0,0,0
ag2206,20220218,20220218,112613500,11:26:15,4899,386809,496811,28329644565,0,0,0
ag2206,20220218,20220218,112614000,11:26:15,4899,386809,496811,28329644565,0,0,0
ag2206,20220218,20220218,112614500,11:26:15,4899,386809,496811,28329644565,0,0,0
ag2206,20220218,20220218,112615000,11:26:16,4899,386809,496811,28329644565,0,0,0
ag2206,20220218,20220218,112615500,11:26:16,4899,386809,496811,28329644565,0,0,0
ag2206,20220218,20220218,112616000,11:26:16,4899,386818,496810,28330305930,9,-1,661365
ag2206,20220218,20220218,112616500,11:26:17,4899,386834,496803,28331481690,16,-7,1175760
ag2206,20220218,20220218,112617000,11:26:17,4899,386845,496808,28332290025,11,5,808335
ag2206,20220218,20220218,112617500,11:26:17,4899,386854,496813,28332951390,9,5,661365
ag2206,20220218,20220218,112618000,11:26:18,4899,386856,496815,28333098360,2,2,146970
ag2206,20220218,20220218,112618500,11:26:19,4899,386857,496816,28333171845,1,1,73485
ag2206,20220218,20220218,112619000,11:26:19,4898,386865,496820,28333759710,8,4,587865
ag2206,20220218,20220218,112619500,11:26:20,4899,386869,496820,28334053650,4,0,293940
ag2206,20220218,20220218,112620000,11:26:20,4898,386870,496820,28334127120,1,0,73470
ag2206,20220218,20220218,112620500,11:26:20,4898,386870,496820,28334127120,0,0,0
ag2206,20220218,20220218,112621000,11:26:21,4898,386870,496820,28334127120,0,0,0
ag2206,20220218,20220218,112621500,11:26:21,4898,386870,496820,28334127120,0,0,0
ag2206,20220218,20220218,112622500,11:26:22,4898,386870,496820,28334127120,0,0,0
ag2206,20220218,20220218,112623000,11:26:23,4898,386870,496820,28334127120,0,0,0
ag2206,20220218,20220218,112623500,11:26:23,4899,386874,496819,28334421060,4,-1,293940
ag2206,20220218,20220218,112624000,11:26:24,4899,386874,496819,28334421060,0,0,0
ag2206,20220218,20220218,112624500,11:26:24,4899,386874,496819,28334421060,0,0,0
ag2206,20220218,20220218,112625000,11:26:25,4898,386876,496819,28334568000,2,0,146940
ag2206,20220218,20220218,112625500,11:26:26,4898,386877,496818,28334641470,1,-1,73470
ag2206,20220218,20220218,112626000,11:26:26,4898,386882,496814,28335008820,5,-4,367350
ag2206,20220218,20220218,112626500,11:26:26,4898,386882,496814,28335008820,0,0,0
ag2206,20220218,20220218,112627000,11:26:27,4898,386882,496814,28335008820,0,0,0
ag2206,20220218,20220218,112627500,11:26:27,4898,386882,496814,28335008820,0,0,0
ag2206,20220218,20220218,112628000,11:26:28,4899,386884,496813,28335155790,2,-1,146970
ag2206,20220218,20220218,112628500,11:26:28,4899,386884,496813,28335155790,0,0,0
ag2206,20220218,20220218,112629000,11:26:29,4899,386884,496813,28335155790,0,0,0
ag2206,20220218,20220218,112629500,11:26:30,4899,386884,496813,28335155790,0,0,0
ag2206,20220218,20220218,112630000,11:26:31,4898,386885,496814,28335229260,1,1,73470
ag2206,20220218,20220218,112630500,11:26:31,4898,386885,496814,28335229260,0,0,0
ag2206,20220218,20220218,112631000,11:26:31,4898,386885,496814,28335229260,0,0,0
ag2206,20220218,20220218,112631500,11:26:32,4898,386885,496814,28335229260,0,0,0
ag2206,20220218,20220218,112632000,11:26:32,4899,386886,496814,28335302745,1,0,73485
ag2206,20220218,20220218,112633000,11:26:33,4899,386886,496814,28335302745,0,0,0
ag2206,20220218,20220218,112633500,11:26:34,4899,386887,496814,28335376230,1,0,73485
ag2206,20220218,20220218,112634000,11:26:36,4899,386887,496814,28335376230,0,0,0
ag2206,20220218,20220218,112634500,11:26:37,4898,386889,496814,28335523170,2,0,146940
ag2206,20220218,20220218,112635000,11:26:37,4898,386889,496814,28335523170,0,0,0
ag2206,20220218,20220218,112637500,11:27:10,4899,386890,496814,28335596655,1,0,73485
ag2206,20220218,20220218,112638000,11:27:10,4899,386890,496814,28335596655,0,0,0
ag2206,20220218,20220218,112653500,11:27:10,4899,386890,496814,28335596655,0,0,0
ag2206,20220218,20220218,112710000,11:27:12,4899,386890,496814,28335596655,0,0,0
ag2206,20220218,20220218,112712000,11:27:12,4898,386946,496805,28339711185,56,-9,4114530
ag2206,20220218,20220218,112713000,11:27:14,4898,386946,496805,28339711185,0,0,0
ag2206,20220218,20220218,112713500,11:27:14,4898,386947,496806,28339784655,1,1,73470
ag2206,20220218,20220218,112714000,11:27:15,4898,386947,496806,28339784655,0,0,0
ag2206,20220218,20220218,112714500,11:27:15,4898,386947,496806,28339784655,0,0,0
ag2206,20220218,20220218,112715000,11:27:16,4898,386947,496806,28339784655,0,0,0
ag2206,20220218,20220218,112715500,11:27:16,4898,386947,496806,28339784655,0,0,0
ag2206,20220218,20220218,112716000,11:27:17,4898,386947,496806,28339784655,0,0,0
ag2206,20220218,20220218,112716500,11:27:17,4898,386947,496806,28339784655,0,0,0
ag2206,20220218,20220218,112717000,11:27:17,4899,386948,496806,28339858140,1,0,73485
ag2206,20220218,20220218,112717500,11:27:17,4899,386948,496806,28339858140,0,0,0
ag2206,20220218,20220218,112718000,11:27:18,4899,386948,496806,28339858140,0,0,0
ag2206,20220218,20220218,112718500,11:27:19,4899,386948,496806,28339858140,0,0,0
ag2206,20220218,20220218,112719000,11:27:19,4898,386956,496808,28340445900,8,2,587760
ag2206,20220218,20220218,112719500,11:27:20,4898,386959,496806,28340666310,3,-2,220410
ag2206,20220218,20220218,112720000,11:27:20,4899,386960,496806,28340739795,1,0,73485
ag2206,20220218,20220218,112720500,11:27:21,4899,386960,496806,28340739795,0,0,0
ag2206,20220218,20220218,112721000,11:27:21,4899,386960,496806,28340739795,0,0,0
ag2206,20220218,20220218,112721500,11:27:22,4898,386961,496806,28340813265,1,0,73470
ag2206,20220218,20220218,112722000,11:27:22,4898,386961,496806,28340813265,0,0,0
ag2206,20220218,20220218,112722500,11:27:22,4898,386997,496793,28343458185,36,-13,2644920
ag2206,20220218,20220218,112723000,11:27:26,4898,386997,496793,28343458185,0,0,0
ag2206,20220218,20220218,112723500,11:27:27,4898,387003,496792,28343899005,6,-1,440820
ag2206,20220218,20220218,112724000,11:27:27,4898,387003,496792,28343899005,0,0,0
ag2206,20220218,20220218,112726000,11:27:27,4898,387003,496792,28343899005,0,0,0
ag2206,20220218,20220218,112727000,11:27:27,4898,387003,496792,28343899005,0,0,0
ag2206,20220218,20220218,112727500,11:27:27,4898,387003,496792,28343899005,0,0,0
ag2206,20220218,20220218,112728000,11:27:28,4898,387015,496794,28344780735,12,2,881730
ag2206,20220218,20220218,112728500,11:27:28,4898,387015,496794,28344780735,0,0,0
ag2206,20220218,20220218,112729000,11:27:29,4898,387015,496794,28344780735,0,0,0
ag2206,20220218,20220218,112730000,11:27:30,4898,387015,496794,28344780735,0,0,0
ag2206,20220218,20220218,112730500,11:27:31,4898,387015,496794,28344780735,0,0,0
ag2206,20220218,20220218,112731000,11:27:33,4898,387016,496794,28344854205,1,0,73470
ag2206,20220218,20220218,112731500,11:27:35,4898,387016,496794,28344854205,0,0,0
ag2206,20220218,20220218,112732000,11:27:36,4898,387016,496794,28344854205,0,0,0
ag2206,20220218,20220218,112732500,11:27:36,4898,387016,496794,28344854205,0,0,0
ag2206,20220218,20220218,112735500,11:27:36,4898,387023,496787,28345368495,7,-7,514290
ag2206,20220218,20220218,112736000,11:27:37,4898,387033,496791,28346103195,10,4,734700
ag2206,20220218,20220218,112736500,11:27:38,4898,387033,496791,28346103195,0,0,0
ag2206,20220218,20220218,112737000,11:27:38,4898,387050,496787,28347352185,17,-4,1248990
ag2206,20220218,20220218,112737500,11:27:38,4898,387078,496800,28349409345,28,13,2057160
ag2206,20220218,20220218,112738000,11:27:38,4898,387078,496800,28349409345,0,0,0
ag2206,20220218,20220218,112738500,11:27:39,4897,387079,496799,28349482800,1,-1,73455
ag2206,20220218,20220218,112739000,11:27:39,4897,387079,496799,28349482800,0,0,0
ag2206,20220218,20220218,112739500,11:27:39,4897,387079,496799,28349482800,0,0,0
ag2206,20220218,20220218,112740000,11:27:40,4897,387086,496793,28349996985,7,-6,514185
ag2206,20220218,20220218,112740500,11:27:40,4897,387086,496793,28349996985,0,0,0
ag2206,20220218,20220218,112741000,11:27:41,4897,387141,496756,28354037085,55,-37,4040100
ag2206,20220218,20220218,112741500,11:27:42,4897,387141,496756,28354037085,0,0,0
ag2206,20220218,20220218,112742000,11:27:42,4897,387142,496756,28354110540,1,0,73455
ag2206,20220218,20220218,112742500,11:27:43,4897,387142,496756,28354110540,0,0,0
ag2206,20220218,20220218,112743000,11:27:43,4897,387142,496756,28354110540,0,0,0
ag2206,20220218,20220218,112743500,11:27:43,4897,387142,496756,28354110540,0,0,0
ag2206,20220218,20220218,112744000,11:27:44,4897,387142,496756,28354110540,0,0,0
ag2206,20220218,20220218,112744500,11:27:45,4897,387146,496753,28354404375,4,-3,293835
ag2206,20220218,20220218,112745000,11:27:45,4897,387148,496751,28354551285,2,-2,146910
ag2206,20220218,20220218,112745500,11:27:46,4898,387151,496751,28354771695,3,0,220410
ag2206,20220218,20220218,112746000,11:27:46,4898,387154,496749,28354992105,3,-2,220410
ag2206,20220218,20220218,112746500,11:27:47,4898,387155,496749,28355065575,1,0,73470
ag2206,20220218,20220218,112747000,11:27:47,4897,387157,496747,28355212485,2,-2,146910
ag2206,20220218,20220218,112747500,11:27:47,4898,387160,496747,28355432880,3,0,220395
ag2206,20220218,20220218,112748500,11:27:54,4898,387160,496747,28355432880,0,0,0
ag2206,20220218,20220218,112749000,11:27:54,4898,387160,496747,28355432880,0,0,0
ag2206,20220218,20220218,112749500,11:27:54,4898,387161,496748,28355506350,1,1,73470
ag2206,20220218,20220218,112754000,11:27:54,4898,387161,496748,28355506350,0,0,0
ag2206,20220218,20220218,112754500,11:27:54,4898,387161,496748,28355506350,0,0,0
ag2206,20220218,20220218,112755000,11:27:55,4898,387161,496748,28355506350,0,0,0
ag2206,20220218,20220218,112755500,11:27:55,4898,387161,496748,28355506350,0,0,0
ag2206,20220218,20220218,112756000,11:27:56,4898,387161,496748,28355506350,0,0,0
ag2206,20220218,20220218,112756500,11:27:56,4898,387272,496820,28363661505,111,72,8155155
ag2206,20220218,20220218,112757000,11:27:57,4898,387272,496820,28363661505,0,0,0
ag2206,20220218,20220218,112757500,11:27:57,4898,387272,496820,28363661505,0,0,0
ag2206,20220218,20220218,112758000,11:27:58,4898,387272,496820,28363661505,0,0,0
ag2206,20220218,20220218,112758500,11:27:59,4898,387272,496820,28363661505,0,0,0
ag2206,20220218,20220218,112759000,11:27:59,4898,387272,496820,28363661505,0,0,0
ag2206,20220218,20220218,112759500,11:27:59,4898,387276,496820,28363955385,4,0,293880
ag2206,20220218,20220218,112800000,11:28:00,4898,387277,496821,28364028855,1,1,73470
ag2206,20220218,20220218,112800500,11:28:01,4898,387277,496821,28364028855,0,0,0
ag2206,20220218,20220218,112801000,11:28:01,4897,387282,496817,28364396130,5,-4,367275
ag2206,20220218,20220218,112801500,11:28:02,4898,387292,496822,28365130830,10,5,734700
ag2206,20220218,20220218,112802000,11:28:03,4898,387292,496822,28365130830,0,0,0
ag2206,20220218,20220218,112802500,11:28:03,4898,387292,496822,28365130830,0,0,0
ag2206,20220218,20220218,112803000,11:28:04,4898,387292,496822,28365130830,0,0,0
ag2206,20220218,20220218,112803500,11:28:04,4898,387292,496822,28365130830,0,0,0
ag2206,20220218,20220218,112804000,11:28:05,4898,387293,496822,28365204300,1,0,73470
ag2206,20220218,20220218,112804500,11:28:05,4898,387293,496822,28365204300,0,0,0
ag2206,20220218,20220218,112805000,11:28:06,4898,387293,496822,28365204300,0,0,0
ag2206,20220218,20220218,112805500,11:28:07,4898,387293,496822,28365204300,0,0,0
ag2206,20220218,20220218,112806000,11:28:10,4898,387293,496822,28365204300,0,0,0
ag2206,20220218,20220218,112806500,11:28:10,4899,387298,496823,28365571665,5,1,367365
ag2206,20220218,20220218,112807000,11:28:10,4899,387298,496823,28365571665,0,0,0
ag2206,20220218,20220218,112810000,11:28:11,4898,387329,496828,28367849385,31,5,2277720
ag2206,20220218,20220218,112810500,11:28:12,4898,387332,496828,28368069795,3,0,220410
ag2206,20220218,20220218,112811000,11:28:12,4899,387336,496825,28368363735,4,-3,293940
ag2206,20220218,20220218,112811500,11:28:12,4898,387341,496826,28368731115,5,1,367380
ag2206,20220218,20220218,112812000,11:28:13,4898,387341,496826,28368731115,0,0,0
ag2206,20220218,20220218,112812500,11:28:13,4898,387341,496826,28368731115,0,0,0
ag2206,20220218,20220218,112813000,11:28:13,4898,387352,496818,28369539285,11,-8,808170
ag2206,20220218,20220218,112813500,11:28:14,4898,387352,496818,28369539285,0,0,0
ag2206,20220218,20220218,112814000,11:28:14,4898,387352,496818,28369539285,0,0,0
ag2206,20220218,20220218,112814500,11:28:14,4899,387353,496819,28369612770,1,1,73485
ag2206,20220218,20220218,112815000,11:28:15,4898,387354,496819,28369686240,1,0,73470
ag2206,20220218,20220218,112815500,11:28:15,4898,387355,496819,28369759710,1,0,73470
ag2206,20220218,20220218,112816000,11:28:16,4898,387355,496819,28369759710,0,0,0
ag2206,20220218,20220218,112816500,11:28:16,4898,387368,496823,28370714820,13,4,955110
ag2206,20220218,20220218,112817000,11:28:17,4898,387369,496822,28370788290,1,-1,73470
ag2206,20220218,20220218,112817500,11:28:17,4898,387370,496821,28370861760,1,-1,73470
ag2206,20220218,20220218,112818000,11:28:18,4898,387370,496821,28370861760,0,0,0
ag2206,20220218,20220218,112818500,11:28:18,4898,387371,496820,28370935230,1,-1,73470
ag2206,20220218,20220218,112819000,11:28:19,4898,387372,496821,28371008700,1,1,73470
ag2206,20220218,20220218,112819500,11:28:19,4898,387372,496821,28371008700,0,0,0
ag2206,20220218,20220218,112820000,11:28:20,4898,387374,496821,28371155640,2,0,146940
ag2206,20220218,20220218,112820500,11:28:20,4898,387375,496821,28371229110,1,0,73470
ag2206,20220218,20220218,112821000,11:28:21,4899,387376,496821,28371302595,1,0,73485
ag2206,20220218,20220218,112821500,11:28:22,4898,387378,496822,28371449535,2,1,146940
ag2206,20220218,20220218,112822000,11:28:22,4898,387380,496820,28371596475,2,-2,146940
ag2206,20220218,20220218,112822500,11:28:22,4898,387383,496817,28371816885,3,-3,220410
ag2206,20220218,20220218,112823000,11:28:23,4898,387386,496817,28372037295,3,0,220410
ag2206,20220218,20220218,112823500,11:28:23,4898,387386,496817,28372037295,0,0,0
ag2206,20220218,20220218,112824000,11:28:24,4898,387387,496816,28372110765,1,-1,73470
ag2206,20220218,20220218,112824500,11:28:24,4898,387400,496819,28373065875,13,3,955110
ag2206,20220218,20220218,112825000,11:28:25,4898,387401,496819,28373139345,1,0,73470
ag2206,20220218,20220218,112825500,11:28:25,4898,387417,496829,28374314865,16,10,1175520
ag2206,20220218,20220218,112826000,11:28:26,4898,387417,496829,28374314865,0,0,0
ag2206,20220218,20220218,112826500,11:28:27,4898,387417,496829,28374314865,0,0,0
ag2206,20220218,20220218,112827000,11:28:27,4898,387417,496829,28374314865,0,0,0
ag2206,20220218,20220218,112827500,11:28:27,4898,387417,496829,28374314865,0,0,0
ag2206,20220218,20220218,112828000,11:28:28,4898,387421,496831,28374608745,4,2,293880
ag2206,20220218,20220218,112828500,11:28:28,4898,387430,496831,28375269975,9,0,661230
ag2206,20220218,20220218,112829000,11:28:29,4898,387430,496831,28375269975,0,0,0
ag2206,20220218,20220218,112829500,11:28:30,4898,387430,496831,28375269975,0,0,0
ag2206,20220218,20220218,112830000,11:28:30,4898,387431,496831,28375343445,1,0,73470
ag2206,20220218,20220218,112831500,11:28:31,4897,387432,496831,28375416900,1,0,73455
ag2206,20220218,20220218,112832000,11:28:32,4897,387432,496831,28375416900,0,0,0
ag2206,20220218,20220218,112832500,11:28:33,4897,387437,496826,28375784175,5,-5,367275
ag2206,20220218,20220218,112833000,11:28:33,4897,387437,496826,28375784175,0,0,0
ag2206,20220218,20220218,112833500,11:28:34,4897,387437,496826,28375784175,0,0,0
ag2206,20220218,20220218,112834000,11:28:34,4898,387438,496826,28375857645,1,0,73470
ag2206,20220218,20220218,112834500,11:28:34,4897,387446,496818,28376445285,8,-8,587640
ag2206,20220218,20220218,112835000,11:28:35,4897,387446,496818,28376445285,0,0,0
ag2206,20220218,20220218,112836000,11:28:37,4897,387446,496818,28376445285,0,0,0
ag2206,20220218,20220218,112836500,11:28:37,4897,387446,496818,28376445285,0,0,0
ag2206,20220218,20220218,112837000,11:28:37,4897,387446,496818,28376445285,0,0,0
ag2206,20220218,20220218,112837500,11:28:37,4897,387447,496818,28376518740,1,0,73455
ag2206,20220218,20220218,112838000,11:28:38,4897,387448,496817,28376592195,1,-1,73455
ag2206,20220218,20220218,112838500,11:28:38,4898,387449,496816,28376665665,1,-1,73470
ag2206,20220218,20220218,112839000,11:28:40,4898,387450,496816,28376739135,1,0,73470
ag2206,20220218,20220218,112839500,11:28:40,4898,387450,496816,28376739135,0,0,0
ag2206,20220218,20220218,112840000,11:28:40,4897,387451,496815,28376812590,1,-1,73455
ag2206,20220218,20220218,112840500,11:28:40,4897,387451,496815,28376812590,0,0,0
ag2206,20220218,20220218,112841000,11:28:41,4898,387453,496815,28376959530,2,0,146940
ag2206,20220218,20220218,112841500,11:28:41,4898,387453,496815,28376959530,0,0,0
ag2206,20220218,20220218,112842000,11:28:42,4898,387453,496815,28376959530,0,0,0
ag2206,20220218,20220218,112842500,11:28:42,4898,387454,496815,28377033000,1,0,73470
ag2206,20220218,20220218,112843000,11:28:43,4898,387455,496814,28377106470,1,-1,73470
ag2206,20220218,20220218,112843500,11:28:44,4898,387455,496814,28377106470,0,0,0
ag2206,20220218,20220218,112844000,11:28:44,4898,387455,496814,28377106470,0,0,0
ag2206,20220218,20220218,112844500,11:28:44,4898,387461,496814,28377547290,6,0,440820
ag2206,20220218,20220218,112845000,11:28:45,4898,387461,496814,28377547290,0,0,0
ag2206,20220218,20220218,112845500,11:28:46,4898,387461,496814,28377547290,0,0,0
ag2206,20220218,20220218,112847000,11:28:47,4898,387462,496814,28377620760,1,0,73470
ag2206,20220218,20220218,112847500,11:28:48,4897,387463,496814,28377694215,1,0,73455
ag2206,20220218,20220218,112848000,11:28:48,4898,387464,496814,28377767685,1,0,73470
ag2206,20220218,20220218,112848500,11:28:48,4897,387482,496800,28379090115,18,-14,1322430
ag2206,20220218,20220218,112849000,11:28:49,4897,387482,496800,28379090115,0,0,0
ag2206,20220218,20220218,112849500,11:28:50,4897,387482,496800,28379090115,0,0,0
ag2206,20220218,20220218,112850000,11:28:50,4897,387482,496800,28379090115,0,0,0
ag2206,20220218,20220218,112850500,11:28:51,4897,387482,496800,28379090115,0,0,0
ag2206,20220218,20220218,112851000,11:28:51,4898,387483,496799,28379163585,1,-1,73470
ag2206,20220218,20220218,112851500,11:28:51,4898,387488,496797,28379530935,5,-2,367350
ag2206,20220218,20220218,112852000,11:28:53,4898,387488,496797,28379530935,0,0,0
ag2206,20220218,20220218,112852500,11:28:53,4898,387488,496797,28379530935,0,0,0
ag2206,20220218,20220218,112853000,11:28:54,4898,387489,496797,28379604405,1,0,73470
ag2206,20220218,20220218,112853500,11:28:54,4898,387489,496797,28379604405,0,0,0
ag2206,20220218,20220218,112854000,11:28:54,4898,387489,496797,28379604405,0,0,0
ag2206,20220218,20220218,112854500,11:28:54,4898,387489,496797,28379604405,0,0,0
ag2206,20220218,20220218,112855000,11:28:55,4898,387489,496797,28379604405,0,0,0
ag2206,20220218,20220218,112855500,11:28:56,4898,387489,496797,28379604405,0,0,0
ag2206,20220218,20220218,112856000,11:28:56,4898,387522,496774,28382028915,33,-23,2424510
ag2206,20220218,20220218,112856500,11:28:56,4898,387532,496768,28382763615,10,-6,734700
ag2206,20220218,20220218,112857000,11:28:57,4898,387532,496768,28382763615,0,0,0
ag2206,20220218,20220218,112857500,11:28:58,4898,387532,496768,28382763615,0,0,0
ag2206,20220218,20220218,112858000,11:28:59,4898,387532,496768,28382763615,0,0,0
ag2206,20220218,20220218,112858500,11:28:59,4898,387534,496766,28382910555,2,-2,146940
ag2206,20220218,20220218,112859000,11:28:59,4898,387534,496766,28382910555,0,0,0
ag2206,20220218,20220218,112859500,11:29:00,4898,387539,496763,28383277905,5,-3,367350
ag2206,20220218,20220218,112900000,11:29:00,4898,387539,496763,28383277905,0,0,0
ag2206,20220218,20220218,112900500,11:29:01,4899,387547,496762,28383865770,8,-1,587865
ag2206,20220218,20220218,112901000,11:29:01,4899,387547,496762,28383865770,0,0,0
ag2206,20220218,20220218,112901500,11:29:02,4898,387552,496765,28384233120,5,3,367350
ag2206,20220218,20220218,112902000,11:29:03,4899,387556,496763,28384527060,4,-2,293940
ag2206,20220218,20220218,112902500,11:29:03,4899,387559,496763,28384747515,3,0,220455
ag2206,20220218,20220218,112903000,11:29:03,4899,387559,496763,28384747515,0,0,0
ag2206,20220218,20220218,112903500,11:29:04,4898,387560,496762,28384820985,1,-1,73470
ag2206,20220218,20220218,112904500,11:29:04,4899,387561,496763,28384894470,1,1,73485
ag2206,20220218,20220218,112905000,11:29:05,4898,387562,496763,28384967940,1,0,73470
ag2206,20220218,20220218,112905500,11:29:06,4898,387562,496763,28384967940,0,0,0
ag2206,20220218,20220218,112906000,11:29:06,4898,387574,496759,28385849580,12,-4,881640
ag2206,20220218,20220218,112906500,11:29:06,4899,387591,496762,28387098825,17,3,1249245
ag2206,20220218,20220218,112907000,11:29:08,4899,387591,496762,28387098825,0,0,0
ag2206,20220218,20220218,112907500,11:29:08,4899,387592,496761,28387172310,1,-1,73485
ag2206,20220218,20220218,112908000,11:29:08,4899,387592,496761,28387172310,0,0,0
ag2206,20220218,20220218,112908500,11:29:08,4898,387595,496764,28387392720,3,3,220410
ag2206,20220218,20220218,112909500,11:29:09,4898,387597,496764,28387539660,2,0,146940
ag2206,20220218,20220218,112910000,11:29:10,4898,387598,496764,28387613130,1,0,73470
ag2206,20220218,20220218,112910500,11:29:10,4898,387603,496763,28387980480,5,-1,367350
ag2206,20220218,20220218,112911000,11:29:11,4898,387607,496759,28388274375,4,-4,293895
ag2206,20220218,20220218,112911500,11:29:12,4899,387615,496760,28388862255,8,1,587880
ag2206,20220218,20220218,112912000,11:29:12,4898,387627,496768,28389743895,12,8,881640
ag2206,20220218,20220218,112912500,11:29:12,4898,387627,496768,28389743895,0,0,0
ag2206,20220218,20220218,112913500,11:29:14,4898,387627,496768,28389743895,0,0,0
ag2206,20220218,20220218,112914000,11:29:14,4898,387627,496768,28389743895,0,0,0
ag2206,20220218,20220218,112914500,11:29:15,4898,387627,496768,28389743895,0,0,0
ag2206,20220218,20220218,112915000,11:29:15,4898,387627,496768,28389743895,0,0,0
ag2206,20220218,20220218,112915500,11:29:16,4898,387629,496766,28389890835,2,-2,146940
ag2206,20220218,20220218,112916000,11:29:16,4898,387629,496766,28389890835,0,0,0
ag2206,20220218,20220218,112916500,11:29:18,4898,387658,496760,28392021540,29,-6,2130705
ag2206,20220218,20220218,112917000,11:29:20,4898,387663,496758,28392388890,5,-2,367350
ag2206,20220218,20220218,112917500,11:29:21,4898,387665,496758,28392535845,2,0,146955
ag2206,20220218,20220218,112918000,11:29:21,4898,387665,496758,28392535845,0,0,0
ag2206,20220218,20220218,112919500,11:29:21,4898,387665,496758,28392535845,0,0,0
ag2206,20220218,20220218,112921000,11:29:22,4898,387669,496755,28392829740,4,-3,293895
ag2206,20220218,20220218,112921500,11:29:24,4899,387698,496759,28394960805,29,4,2131065
ag2206,20220218,20220218,112922000,11:29:24,4899,387698,496759,28394960805,0,0,0
ag2206,20220218,20220218,112922500,11:29:24,4899,387698,496759,28394960805,0,0,0
ag2206,20220218,20220218,112923000,11:29:24,4898,387699,496760,28395034275,1,1,73470
ag2206,20220218,20220218,112924000,11:29:24,4898,387699,496760,28395034275,0,0,0
ag2206,20220218,20220218,112924500,11:29:25,4898,387699,496760,28395034275,0,0,0
ag2206,20220218,20220218,112925000,11:29:25,4899,387700,496759,28395107760,1,-1,73485
ag2206,20220218,20220218,112925500,11:29:25,4898,387720,496756,28396577160,20,-3,1469400
ag2206,20220218,20220218,112926000,11:29:26,4898,387723,496759,28396797570,3,3,220410
ag2206,20220218,20220218,112926500,11:29:26,4898,387724,496760,28396871040,1,1,73470
ag2206,20220218,20220218,112927000,11:29:27,4898,387725,496760,28396944510,1,0,73470
ag2206,20220218,20220218,112927500,11:29:27,4898,387725,496760,28396944510,0,0,0
ag2206,20220218,20220218,112928000,11:29:28,4898,387725,496760,28396944510,0,0,0
ag2206,20220218,20220218,112928500,11:29:28,4898,387726,496761,28397017980,1,1,73470
ag2206,20220218,20220218,112929000,11:29:29,4899,387727,496761,28397091465,1,0,73485
ag2206,20220218,20220218,112929500,11:29:29,4898,387729,496761,28397238420,2,0,146955
ag2206,20220218,20220218,112930000,11:29:30,4898,387729,496761,28397238420,0,0,0
ag2206,20220218,20220218,112930500,11:29:31,4898,387729,496761,28397238420,0,0,0
ag2206,20220218,20220218,112931000,11:29:32,4899,387730,496761,28397311905,1,0,73485
ag2206,20220218,20220218,112931500,11:29:32,4899,387740,496762,28398046740,10,1,734835
ag2206,20220218,20220218,112932000,11:29:32,4898,387745,496762,28398414150,5,0,367410
ag2206,20220218,20220218,112932500,11:29:36,4898,387745,496762,28398414150,0,0,0
ag2206,20220218,20220218,112933000,11:29:37,4898,387747,496761,28398561090,2,-1,146940
ag2206,20220218,20220218,112933500,11:29:38,4898,387747,496761,28398561090,0,0,0
ag2206,20220218,20220218,112936500,11:29:38,4898,387780,496739,28400985630,33,-22,2424540
ag2206,20220218,20220218,112937500,11:29:38,4898,387783,496741,28401206055,3,2,220425
ag2206,20220218,20220218,112938000,11:29:38,4898,387783,496741,28401206055,0,0,0
ag2206,20220218,20220218,112938500,11:29:39,4899,387792,496732,28401867420,9,-9,661365
ag2206,20220218,20220218,112939000,11:29:39,4899,387793,496732,28401940905,1,0,73485
ag2206,20220218,20220218,112939500,11:29:40,4899,387837,496748,28405174245,44,16,3233340
ag2206,20220218,20220218,112940000,11:29:40,4899,387905,496727,28410171225,68,-21,4996980
ag2206,20220218,20220218,112940500,11:29:40,4899,387906,496727,28410244710,1,0,73485
ag2206,20220218,20220218,112941000,11:29:41,4899,387908,496727,28410391680,2,0,146970
ag2206,20220218,20220218,112941500,11:29:42,4899,387925,496726,28411641135,17,-1,1249455
ag2206,20220218,20220218,112942000,11:29:44,4899,387925,496726,28411641135,0,0,0
ag2206,20220218,20220218,112942500,11:29:44,4899,387926,496726,28411714620,1,0,73485
ag2206,20220218,20220218,112943000,11:29:45,4899,387928,496726,28411861590,2,0,146970
ag2206,20220218,20220218,112943500,11:29:45,4899,387930,496726,28412008560,2,0,146970
ag2206,20220218,20220218,112944500,11:29:45,4899,387930,496726,28412008560,0,0,0
ag2206,20220218,20220218,112945000,11:29:46,4899,387935,496726,28412375985,5,0,367425
ag2206,20220218,20220218,112945500,11:29:46,4899,387937,496724,28412522955,2,-2,146970
ag2206,20220218,20220218,112946000,11:29:47,4900,387939,496723,28412669940,2,-1,146985
ag2206,20220218,20220218,112946500,11:29:47,4900,387979,496719,28415609610,40,-4,2939670
ag2206,20220218,20220218,112947000,11:29:47,4899,387984,496719,28415977035,5,0,367425
ag2206,20220218,20220218,112947500,11:29:48,4899,387990,496716,28416417960,6,-3,440925
ag2206,20220218,20220218,112948000,11:29:49,4899,387990,496716,28416417960,0,0,0
ag2206,20220218,20220218,112948500,11:29:50,4899,387991,496716,28416491445,1,0,73485
ag2206,20220218,20220218,112949000,11:29:50,4899,387992,496715,28416564930,1,-1,73485
ag2206,20220218,20220218,112949500,11:29:50,4899,387992,496715,28416564930,0,0,0
ag2206,20220218,20220218,112950000,11:29:51,4899,387997,496716,28416932355,5,1,367425
ag2206,20220218,20220218,112950500,11:29:51,4900,387998,496717,28417005855,1,1,73500
ag2206,20220218,20220218,112951500,11:29:52,4899,388010,496718,28417887675,12,1,881820
ag2206,20220218,20220218,112952000,11:29:53,4899,388016,496721,28418328645,6,3,440970
ag2206,20220218,20220218,112952500,11:29:53,4898,388018,496719,28418475600,2,-2,146955
ag2206,20220218,20220218,112953000,11:29:53,4899,388022,496719,28418769540,4,0,293940
ag2206,20220218,20220218,112953500,11:29:54,4899,388024,496719,28418916510,2,0,146970
ag2206,20220218,20220218,112954000,11:29:54,4899,388028,496715,28419210420,4,-4,293910
ag2206,20220218,20220218,112954500,11:29:54,4899,388031,496716,28419430875,3,1,220455
ag2206,20220218,20220218,112955000,11:29:55,4899,388031,496716,28419430875,0,0,0
ag2206,20220218,20220218,112955500,11:29:56,4899,388031,496716,28419430875,0,0,0
ag2206,20220218,20220218,112956000,11:29:56,4899,388031,496716,28419430875,0,0,0
ag2206,20220218,20220218,112956500,11:30:00,4899,388031,496716,28419430875,0,0,0
ag2206,20220218,20220218,112957000,11:30:02,4899,388033,496716,28419577845,2,0,146970
ag2206,20220218,20220218,112957500,11:30:02,4899,388040,496710,28420092225,7,-6,514380
ag2206,20220218,20220218,112959500,11:30:02,4898,388096,496739,28424206620,56,29,4114395
ag2206,20220218,20220218,113000000,11:30:03,4898,388098,496740,28424353560,2,1,146940
ag2206,20220218,20220218,113001000,11:30:03,4898,388098,496740,28424353560,0,0,0
ag2206,20220218,20220218,113001500,11:30:03,4898,388098,496740,28424353560,0,0,0
ag2206,20220218,20220218,133002000,13:30:08,4887,388615,496620,28462294740,517,-120,37941180
ag2206,20220218,20220218,133002500,13:30:10,4888,388991,496730,28489863435,376,110,27568695
ag2206,20220218,20220218,133008000,13:30:10,4889,389950,496894,28560182070,959,164,70318635
ag2206,20220218,20220218,133009500,13:30:10,4888,390081,496918,28569786975,131,24,9604905
ag2206,20220218,20220218,133010000,13:30:11,4888,390108,496905,28571766585,27,-13,1979610
ag2206,20220218,20220218,133010500,13:30:12,4888,390129,496908,28573306335,21,3,1539750
ag2206,20220218,20220218,133011000,13:30:13,4888,390135,496902,28573746255,6,-6,439920
ag2206,20220218,20220218,133011500,13:30:13,4889,390140,496898,28574112930,5,-4,366675
ag2206,20220218,20220218,133012500,13:30:13,4889,390175,496871,28576679580,35,-27,2566650
ag2206,20220218,20220218,133013000,13:30:14,4888,390196,496873,28578219510,21,2,1539930
ag2206,20220218,20220218,133013500,13:30:14,4889,390199,496870,28578439515,3,-3,220005
ag2206,20220218,20220218,133014000,13:30:15,4889,390223,496859,28580199540,24,-11,1760025
ag2206,20220218,20220218,133014500,13:30:16,4889,390234,496855,28581006210,11,-4,806670
ag2206,20220218,20220218,133015000,13:30:18,4889,390245,496849,28581812895,11,-6,806685
ag2206,20220218,20220218,133016500,13:30:18,4889,390371,496880,28591052865,126,31,9239970
ag2206,20220218,20220218,133017000,13:30:18,4890,390415,496868,28594279980,44,-12,3227115
ag2206,20220218,20220218,133017500,13:30:18,4889,390418,496870,28594499985,3,2,220005
ag2206,20220218,20220218,133018000,13:30:19,4890,390425,496873,28595013405,7,3,513420
ag2206,20220218,20220218,133018500,13:30:20,4890,390425,496873,28595013405,0,0,0
ag2206,20220218,20220218,133019000,13:30:20,4889,390457,496866,28597360125,32,-7,2346720
ag2206,20220218,20220218,133019500,13:30:20,4889,390495,496867,28600147020,38,1,2786895
ag2206,20220218,20220218,133020000,13:30:21,4890,390501,496863,28600587105,6,-4,440085
ag2206,20220218,20220218,133020500,13:30:21,4890,390518,496861,28601833935,17,-2,1246830
ag2206,20220218,20220218,133021000,13:30:21,4890,390578,496870,28606234365,60,9,4400430
ag2206,20220218,20220218,133021500,13:30:22,4890,390602,496894,28607994465,24,24,1760100
ag2206,20220218,20220218,133022000,13:30:38,4890,390604,496894,28608141150,2,0,146685
ag2206,20220218,20220218,133022500,13:30:38,4890,390604,496894,28608141150,0,0,0
ag2206,20220218,20220218,133023000,13:30:38,4890,390607,496895,28608361185,3,1,220035
ag2206,20220218,20220218,133038000,13:30:40,4890,390858,496855,28626769680,251,-40,18408495
ag2206,20220218,20220218,133038500,13:30:41,4891,390863,496852,28627136445,5,-3,366765
ag2206,20220218,20220218,133040500,13:30:42,4891,390970,496813,28634985945,107,-39,7849500
ag2206,20220218,20220218,133041000,13:30:43,4890,390997,496811,28636966725,27,-2,1980780
ag2206,20220218,20220218,133041500,13:30:43,4890,391003,496812,28637406840,6,1,440115
ag2206,20220218,20220218,133042000,13:30:44,4891,391005,496813,28637553555,2,1,146715
ag2206,20220218,20220218,133042500,13:30:44,4891,391016,496805,28638360525,11,-8,806970
ag2206,20220218,20220218,133043000,13:30:44,4890,391056,496819,28641294525,40,14,2934000
ag2206,20220218,20220218,133044500,13:30:46,4890,391068,496813,28642174725,12,-6,880200
ag2206,20220218,20220218,133045000,13:30:46,4890,391076,496817,28642761600,8,4,586875
ag2206,20220218,20220218,133045500,13:30:46,4890,391076,496817,28642761600,0,0,0
ag2206,20220218,20220218,133046000,13:30:47,4890,391076,496817,28642761600,0,0,0
ag2206,20220218,20220218,133046500,13:30:47,4890,391138,496842,28647309300,62,25,4547700
ag2206,20220218,20220218,133047000,13:30:48,4890,391149,496842,28648116150,11,0,806850
ag2206,20220218,20220218,133047500,13:30:48,4890,391151,496842,28648262850,2,0,146700
ag2206,20220218,20220218,133048000,13:30:49,4889,391164,496840,28649216385,13,-2,953535
ag2206,20220218,20220218,133048500,13:30:49,4890,391165,496840,28649289735,1,0,73350
ag2206,20220218,20220218,133049000,13:30:49,4890,391166,496839,28649363085,1,-1,73350
ag2206,20220218,20220218,133049500,13:30:50,4890,391166,496839,28649363085,0,0,0
ag2206,20220218,20220218,133050000,13:30:51,4890,391169,496836,28649583165,3,-3,220080
ag2206,20220218,20220218,133050500,13:30:51,4891,391170,496836,28649656530,1,0,73365
ag2206,20220218,20220218,133051000,13:30:52,4890,391187,496827,28650903480,17,-9,1246950
ag2206,20220218,20220218,133051500,13:30:52,4890,391187,496827,28650903480,0,0,0
ag2206,20220218,20220218,133052000,13:30:53,4890,391231,496839,28654131270,44,12,3227790
ag2206,20220218,20220218,133052500,13:30:54,4890,391239,496844,28654718055,8,5,586785
ag2206,20220218,20220218,133053000,13:30:54,4889,391240,496844,28654791390,1,0,73335
ag2206,20220218,20220218,133053500,13:30:54,4890,391252,496835,28655671575,12,-9,880185
ag2206,20220218,20220218,133054000,13:30:55,4889,391253,496835,28655744910,1,0,73335
ag2206,20220218,20220218,133054500,13:30:55,4889,391253,496835,28655744910,0,0,0
ag2206,20220218,20220218,133055000,13:30:56,4890,391261,496834,28656331710,8,-1,586800
ag2206,20220218,20220218,133055500,13:30:56,4890,391265,496830,28656625110,4,-4,293400
ag2206,20220218,20220218,133056000,13:30:57,4889,391270,496826,28656991785,5,-4,366675
ag2206,20220218,20220218,133056500,13:30:57,4890,391273,496823,28657211805,3,-3,220020
ag2206,20220218,20220218,133057000,13:30:58,4890,391276,496822,28657431840,3,-1,220035
ag2206,20220218,20220218,133057500,13:30:58,4889,391282,496816,28657871925,6,-6,440085
ag2206,20220218,20220218,133058000,13:30:58,4889,391297,496803,28658972160,15,-13,1100235
ag2206,20220218,20220218,133058500,13:30:59,4890,391309,496801,28659852360,12,-2,880200
ag2206,20220218,20220218,133059000,13:30:59,4890,391312,496802,28660072410,3,1,220050
ag2206,20220218,20220218,133059500,13:31:00,4890,391315,496799,28660292490,3,-3,220080
ag2206,20220218,20220218,133100000,13:31:00,4890,391315,496799,28660292490,0,0,0
ag2206,20220218,20220218,133100500,13:31:00,4890,391318,496797,28660512540,3,-2,220050
ag2206,20220218,20220218,133101000,13:31:01,4890,391338,496799,28661979795,20,2,1467255
ag2206,20220218,20220218,133101500,13:31:01,4890,391339,496799,28662053145,1,0,73350
ag2206,20220218,20220218,133102000,13:31:02,4890,391356,496796,28663300275,17,-3,1247130
ag2206,20220218,20220218,133102500,13:31:03,4890,391387,496791,28665574125,31,-5,2273850
ag2206,20220218,20220218,133103000,13:31:03,4890,391387,496791,28665574125,0,0,0
ag2206,20220218,20220218,133103500,13:31:05,4890,391387,496791,28665574125,0,0,0
ag2206,20220218,20220218,133104000,13:31:06,4891,391398,496791,28666381140,11,0,807015
ag2206,20220218,20220218,133104500,13:31:07,4891,391399,496790,28666454505,1,-1,73365
ag2206,20220218,20220218,133105500,13:31:07,4891,391415,496797,28667628345,16,7,1173840
ag2206,20220218,20220218,133107000,13:31:08,4891,391433,496805,28668948900,18,8,1320555
ag2206,20220218,20220218,133107500,13:31:09,4892,391447,496809,28669976100,14,4,1027200
ag2206,20220218,20220218,133108500,13:31:09,4891,391457,496811,28670709810,10,2,733710
ag2206,20220218,20220218,133109000,13:31:09,4891,391458,496811,28670783175,1,0,73365
ag2206,20220218,20220218,133109500,13:31:10,4891,391458,496811,28670783175,0,0,0
ag2206,20220218,20220218,133110000,13:31:11,4892,391459,496812,28670856555,1,1,73380
ag2206,20220218,20220218,133110500,13:31:11,4891,391461,496813,28671003285,2,1,146730
ag2206,20220218,20220218,133111000,13:31:11,4892,391464,496811,28671223395,3,-2,220110
ag2206,20220218,20220218,133111500,13:31:12,4892,391466,496813,28671370155,2,2,146760
ag2206,20220218,20220218,133112000,13:31:12,4892,391468,496815,28671516915,2,2,146760
ag2206,20220218,20220218,133112500,13:31:13,4892,391468,496815,28671516915,0,0,0
ag2206,20220218,20220218,133113000,13:31:13,4892,391468,496815,28671516915,0,0,0
ag2206,20220218,20220218,133113500,13:31:14,4892,391469,496816,28671590295,1,1,73380
ag2206,20220218,20220218,133114000,13:31:15,4892,391469,496816,28671590295,0,0,0
ag2206,20220218,20220218,133114500,13:31:15,4891,391476,496817,28672103940,7,1,513645
ag2206,20220218,20220218,133115000,13:31:15,4892,391477,496816,28672177320,1,-1,73380
ag2206,20220218,20220218,133115500,13:31:16,4892,391585,496879,28680102360,108,63,7925040
ag2206,20220218,20220218,133116000,13:31:16,4891,391626,496870,28683110745,41,-9,3008385
ag2206,20220218,20220218,133116500,13:31:17,4892,391627,496870,28683184125,1,0,73380
ag2206,20220218,20220218,133117000,13:31:18,4892,391628,496871,28683257505,1,1,73380
ag2206,20220218,20220218,133117500,13:31:18,4892,391628,496871,28683257505,0,0,0
ag2206,20220218,20220218,133118000,13:31:19,4892,391628,496871,28683257505,0,0,0
ag2206,20220218,20220218,133118500,13:31:19,4892,391641,496868,28684211445,13,-3,953940
ag2206,20220218,20220218,133119000,13:31:19,4892,391648,496863,28684725105,7,-5,513660
ag2206,20220218,20220218,133119500,13:31:20,4891,391679,496849,28686999690,31,-14,2274585
ag2206,20220218,20220218,133120000,13:31:20,4891,391694,496844,28688100195,15,-5,1100505
ag2206,20220218,20220218,133120500,13:31:21,4891,391696,496844,28688246925,2,0,146730
ag2206,20220218,20220218,133121000,13:31:21,4891,391715,496829,28689640860,19,-15,1393935
ag2206,20220218,20220218,133121500,13:31:22,4891,391715,496829,28689640860,0,0,0
ag2206,20220218,20220218,133122000,13:31:23,4892,391717,496829,28689787605,2,0,146745
ag2206,20220218,20220218,133122500,13:31:25,4891,391719,496829,28689934335,2,0,146730
ag2206,20220218,20220218,133123000,13:31:25,4891,391722,496829,28690154445,3,0,220110
ag2206,20220218,20220218,133123500,13:31:25,4891,391723,496829,28690227810,1,0,73365
ag2206,20220218,20220218,133124000,13:31:25,4891,391726,496829,28690447905,3,0,220095
ag2206,20220218,20220218,133124500,13:31:25,4891,391727,496829,28690521270,1,0,73365
ag2206,20220218,20220218,133135500,13:31:35,4891,391730,496830,28690741365,3,1,220095
ag2206,20220218,20220218,133158000,13:31:58,4892,391733,496831,28690961490,3,1,220125
ag2206,20220218,20220218,133158500,13:31:58,4891,391736,496833,28691181585,3,2,220095
ag2206,20220218,20220218,133159000,13:31:59,4891,391737,496834,28691254950,1,1,73365
ag2206,20220218,20220218,133159500,13:32:00,4892,391770,496840,28693676445,33,6,2421495
ag2206,20220218,20220218,133200000,13:32:00,4892,392157,496838,28722070680,387,-2,28394235
ag2206,20220218,20220218,133200500,13:32:01,4892,392162,496833,28722437580,5,-5,366900
ag2206,20220218,20220218,133201000,13:32:01,4893,392165,496833,28722657765,3,0,220185
ag2206,20220218,20220218,133201500,13:32:01,4892,392185,496833,28724125365,20,0,1467600
ag2206,20220218,20220218,133202000,13:32:03,4892,392185,496833,28724125365,0,0,0
ag2206,20220218,20220218,133202500,13:32:04,4892,392185,496833,28724125365,0,0,0
ag2206,20220218,20220218,133203000,13:32:05,4892,392185,496833,28724125365,0,0,0
ag2206,20220218,20220218,133203500,13:32:05,4892,392185,496833,28724125365,0,0,0
ag2206,20220218,20220218,133204000,13:32:05,4892,392185,496833,28724125365,0,0,0
ag2206,20220218,20220218,133205000,13:32:06,4892,392187,496832,28724272125,2,-1,146760
ag2206,20220218,20220218,133205500,13:32:06,4892,392187,496832,28724272125,0,0,0
ag2206,20220218,20220218,133206000,13:32:07,4893,392198,496833,28725079395,11,1,807270
ag2206,20220218,20220218,133206500,13:32:07,4892,392199,496832,28725152775,1,-1,73380
ag2206,20220218,20220218,133207000,13:32:07,4892,392199,496832,28725152775,0,0,0
ag2206,20220218,20220218,133207500,13:32:07,4892,392199,496832,28725152775,0,0,0
ag2206,20220218,20220218,133208000,13:32:09,4892,392199,496832,28725152775,0,0,0
ag2206,20220218,20220218,133208500,13:32:10,4892,392206,496825,28725666435,7,-7,513660
ag2206,20220218,20220218,133209000,13:32:10,4893,392209,496822,28725886620,3,-3,220185
ag2206,20220218,20220218,133209500,13:32:10,4892,392214,496817,28726253520,5,-5,366900
ag2206,20220218,20220218,133210000,13:32:11,4892,392219,496812,28726620420,5,-5,366900
ag2206,20220218,20220218,133210500,13:32:14,4892,392219,496812,28726620420,0,0,0
ag2206,20220218,20220218,133211000,13:32:14,4892,392220,496811,28726693800,1,-1,73380
ag2206,20220218,20220218,133213000,13:32:15,4892,392220,496811,28726693800,0,0,0
ag2206,20220218,20220218,133214000,13:32:15,4893,392228,496805,28727280870,8,-6,587070
ag2206,20220218,20220218,133215000,13:32:16,4893,392228,496805,28727280870,0,0,0
ag2206,20220218,20220218,133215500,13:32:16,4893,392228,496805,28727280870,0,0,0
ag2206,20220218,20220218,133216000,13:32:17,4893,392228,496805,28727280870,0,0,0
ag2206,20220218,20220218,133216500,13:32:17,4893,392228,496805,28727280870,0,0,0
ag2206,20220218,20220218,133217000,13:32:17,4893,392228,496805,28727280870,0,0,0
ag2206,20220218,20220218,133217500,13:32:18,4893,392229,496804,28727354265,1,-1,73395
ag2206,20220218,20220218,133218000,13:32:18,4893,392241,496793,28728234840,12,-11,880575
ag2206,20220218,20220218,133218500,13:32:19,4892,392251,496784,28728968640,10,-9,733800
ag2206,20220218,20220218,133219000,13:32:20,4892,392251,496784,28728968640,0,0,0
ag2206,20220218,20220218,133219500,13:32:20,4892,392255,496781,28729262160,4,-3,293520
ag2206,20220218,20220218,133220000,13:32:20,4892,392255,496781,28729262160,0,0,0
ag2206,20220218,20220218,133220500,13:32:21,4893,392258,496778,28729482315,3,-3,220155
ag2206,20220218,20220218,133221000,13:32:22,4893,392258,496778,28729482315,0,0,0
ag2206,20220218,20220218,133222000,13:32:23,4893,392261,496777,28729702470,3,-1,220155
ag2206,20220218,20220218,133222500,13:32:24,4893,392261,496777,28729702470,0,0,0
ag2206,20220218,20220218,133223000,13:32:24,4892,392262,496776,28729775850,1,-1,73380
ag2206,20220218,20220218,133223500,13:32:24,4892,392262,496776,28729775850,0,0,0
ag2206,20220218,20220218,133224000,13:32:24,4893,392286,496774,28731537195,24,-2,1761345
ag2206,20220218,20220218,133224500,13:32:25,4893,392286,496774,28731537195,0,0,0
ag2206,20220218,20220218,133225000,13:32:25,4893,392286,496774,28731537195,0,0,0
ag2206,20220218,20220218,133225500,13:32:25,4893,392286,496774,28731537195,0,0,0
ag2206,20220218,20220218,133226000,13:32:27,4893,392286,496774,28731537195,0,0,0
ag2206,20220218,20220218,133226500,13:32:27,4892,392287,496775,28731610575,1,1,73380
ag2206,20220218,20220218,133227000,13:32:27,4892,392287,496775,28731610575,0,0,0
ag2206,20220218,20220218,133227500,13:32:31,4892,392289,496777,28731757335,2,2,146760
ag2206,20220218,20220218,133228000,13:32:32,4892,392289,496777,28731757335,0,0,0
ag2206,20220218,20220218,133228500,13:32:32,4892,392291,496779,28731904095,2,2,146760
ag2206,20220218,20220218,133229000,13:32:33,4892,392292,496779,28731977475,1,0,73380
ag2206,20220218,20220218,133232000,13:32:34,4892,392292,496779,28731977475,0,0,0
ag2206,20220218,20220218,133232500,13:32:35,4893,392300,496779,28732564620,8,0,587145
ag2206,20220218,20220218,133234500,13:32:35,4893,392300,496779,28732564620,0,0,0
ag2206,20220218,20220218,133235000,13:32:36,4892,392318,496787,28733885520,18,8,1320900
ag2206,20220218,20220218,133235500,13:32:36,4892,392347,496802,28736013930,29,15,2128410
ag2206,20220218,20220218,133236000,13:32:37,4893,392358,496798,28736821275,11,-4,807345
ag2206,20220218,20220218,133236500,13:32:37,4893,392365,496796,28737335040,7,-2,513765
ag2206,20220218,20220218,133237000,13:32:37,4892,392383,496786,28738656120,18,-10,1321080
ag2206,20220218,20220218,133237500,13:32:38,4892,392384,496786,28738729500,1,0,73380
ag2206,20220218,20220218,133238000,13:32:38,4892,392385,496786,28738802880,1,0,73380
ag2206,20220218,20220218,133238500,13:32:39,4893,392386,496786,28738876275,1,0,73395
ag2206,20220218,20220218,133239000,13:32:39,4893,392390,496786,28739169855,4,0,293580
ag2206,20220218,20220218,133239500,13:32:40,4893,392390,496786,28739169855,0,0,0
ag2206,20220218,20220218,133240000,13:32:40,4893,392394,496786,28739463435,4,0,293580
ag2206,20220218,20220218,133240500,13:32:41,4893,392397,496787,28739683620,3,1,220185
ag2206,20220218,20220218,133241000,13:32:41,4893,392397,496787,28739683620,0,0,0
ag2206,20220218,20220218,133241500,13:32:42,4893,392397,496787,28739683620,0,0,0
ag2206,20220218,20220218,133242000,13:32:42,4893,392414,496800,28740931335,17,13,1247715
ag2206,20220218,20220218,133242500,13:32:42,4893,392425,496800,28741738680,11,0,807345
ag2206,20220218,20220218,133243000,13:32:43,4893,392425,496800,28741738680,0,0,0
ag2206,20220218,20220218,133243500,13:32:43,4893,392432,496798,28742252445,7,-2,513765
ag2206,20220218,20220218,133244000,13:32:44,4893,392436,496795,28742546025,4,-3,293580
ag2206,20220218,20220218,133244500,13:32:45,4893,392440,496794,28742839605,4,-1,293580
ag2206,20220218,20220218,133245000,13:32:45,4893,392448,496795,28743426765,8,1,587160
ag2206,20220218,20220218,133245500,13:32:45,4893,392451,496798,28743646950,3,3,220185
ag2206,20220218,20220218,133246000,13:32:47,4893,392453,496800,28743793740,2,2,146790
ag2206,20220218,20220218,133246500,13:32:47,4893,392454,496801,28743867135,1,1,73395
ag2206,20220218,20220218,133247000,13:32:47,4893,392456,496800,28744013925,2,-1,146790
ag2206,20220218,20220218,133247500,13:32:48,4893,392457,496799,28744087320,1,-1,73395
ag2206,20220218,20220218,133248000,13:32:49,4893,392457,496799,28744087320,0,0,0
ag2206,20220218,20220218,133248500,13:32:49,4894,392458,496800,28744160730,1,1,73410
ag2206,20220218,20220218,133249000,13:32:49,4894,392464,496795,28744601115,6,-5,440385
ag2206,20220218,20220218,133249500,13:32:50,4894,392464,496795,28744601115,0,0,0
ag2206,20220218,20220218,133250000,13:32:50,4893,392465,496794,28744674510,1,-1,73395
ag2206,20220218,20220218,133250500,13:32:52,4893,392465,496794,28744674510,0,0,0
ag2206,20220218,20220218,133251000,13:32:52,4894,392486,496800,28746216120,21,6,1541610
ag2206,20220218,20220218,133251500,13:32:53,4894,392486,496800,28746216120,0,0,0
ag2206,20220218,20220218,133252500,13:32:53,4894,392486,496800,28746216120,0,0,0
ag2206,20220218,20220218,133253000,13:32:53,4894,392495,496796,28746876750,9,-4,660630
ag2206,20220218,20220218,133253500,13:32:54,4894,392499,496794,28747170345,4,-2,293595
ag2206,20220218,20220218,133254000,13:32:54,4894,392501,496796,28747317165,2,2,146820
ag2206,20220218,20220218,133254500,13:32:55,4894,392501,496796,28747317165,0,0,0
ag2206,20220218,20220218,133255000,13:32:55,4894,392501,496796,28747317165,0,0,0
ag2206,20220218,20220218,133255500,13:32:55,4893,392502,496796,28747390560,1,0,73395
ag2206,20220218,20220218,133256000,13:32:56,4893,392502,496796,28747390560,0,0,0
ag2206,20220218,20220218,133256500,13:32:56,4893,392502,496796,28747390560,0,0,0
ag2206,20220218,20220218,133257000,13:32:59,4894,392504,496796,28747537380,2,0,146820
ag2206,20220218,20220218,133257500,13:33:00,4893,392530,496794,28749445890,26,-2,1908510
ag2206,20220218,20220218,133258000,13:33:00,4893,392531,496794,28749519285,1,0,73395
ag2206,20220218,20220218,133258500,13:33:00,4893,392531,496794,28749519285,0,0,0
ag2206,20220218,20220218,133259500,13:33:01,4894,392534,496794,28749739485,3,0,220200
ag2206,20220218,20220218,133300000,13:33:01,4894,392534,496794,28749739485,0,0,0
ag2206,20220218,20220218,133301000,13:33:02,4894,392534,496794,28749739485,0,0,0
ag2206,20220218,20220218,133301500,13:33:02,4893,392536,496796,28749886275,2,2,146790
ag2206,20220218,20220218,133302000,13:33:03,4894,392537,496796,28749959685,1,0,73410
ag2206,20220218,20220218,133302500,13:33:03,4894,392542,496797,28750326720,5,1,367035
ag2206,20220218,20220218,133303000,13:33:04,4894,392542,496797,28750326720,0,0,0
ag2206,20220218,20220218,133303500,13:33:04,4894,392542,496797,28750326720,0,0,0
ag2206,20220218,20220218,133304000,13:33:04,4894,392542,496797,28750326720,0,0,0
ag2206,20220218,20220218,133304500,13:33:05,4893,392545,496797,28750546905,3,0,220185
ag2206,20220218,20220218,133305000,13:33:05,4894,392551,496798,28750987350,6,1,440445
ag2206,20220218,20220218,133305500,13:33:06,4894,392551,496798,28750987350,0,0,0
ag2206,20220218,20220218,133306000,13:33:06,4894,392551,496798,28750987350,0,0,0
ag2206,20220218,20220218,133306500,13:33:06,4893,392552,496799,28751060745,1,1,73395
ag2206,20220218,20220218,133307000,13:33:07,4894,392553,496799,28751134155,1,0,73410
ag2206,20220218,20220218,133307500,13:33:08,4894,392553,496799,28751134155,0,0,0
ag2206,20220218,20220218,133308000,13:33:08,4894,392555,496801,28751280975,2,2,146820
ag2206,20220218,20220218,133308500,13:33:09,4894,392589,496804,28753776915,34,3,2495940
ag2206,20220218,20220218,133309000,13:33:09,4893,392595,496808,28754217360,6,4,440445
ag2206,20220218,20220218,133309500,13:33:10,4893,392595,496808,28754217360,0,0,0
ag2206,20220218,20220218,133310000,13:33:11,4894,392596,496809,28754290770,1,1,73410
ag2206,20220218,20220218,133310500,13:33:12,4894,392597,496810,28754364180,1,1,73410
ag2206,20220218,20220218,133311000,13:33:13,4894,392597,496810,28754364180,0,0,0
ag2206,20220218,20220218,133311500,13:33:14,4894,392597,496810,28754364180,0,0,0
ag2206,20220218,20220218,133312000,13:33:14,4894,392599,496812,28754511000,2,2,146820
ag2206,20220218,20220218,133313500,13:33:15,4894,392599,496812,28754511000,0,0,0
ag2206,20220218,20220218,133314000,13:33:17,4894,392599,496812,28754511000,0,0,0
ag2206,20220218,20220218,133314500,13:33:17,4894,392599,496812,28754511000,0,0,0
ag2206,20220218,20220218,133315000,13:33:18,4894,392599,496812,28754511000,0,0,0
ag2206,20220218,20220218,133315500,13:33:18,4894,392599,496812,28754511000,0,0,0
ag2206,20220218,20220218,133317000,13:33:18,4894,392599,496812,28754511000,0,0,0
ag2206,20220218,20220218,133318000,13:33:19,4893,392604,496813,28754877990,5,1,366990
ag2206,20220218,20220218,133318500,13:33:19,4893,392604,496813,28754877990,0,0,0
ag2206,20220218,20220218,133319000,13:33:20,4893,392604,496813,28754877990,0,0,0
ag2206,20220218,20220218,133319500,13:33:20,4894,392606,496815,28755024810,2,2,146820
ag2206,20220218,20220218,133320000,13:33:21,4894,392606,496815,28755024810,0,0,0
ag2206,20220218,20220218,133320500,13:33:21,4894,392607,496815,28755098220,1,0,73410
ag2206,20220218,20220218,133321000,13:33:22,4894,392609,496817,28755245040,2,2,146820
ag2206,20220218,20220218,133321500,13:33:22,4894,392614,496818,28755612090,5,1,367050
ag2206,20220218,20220218,133322000,13:33:22,4893,392616,496819,28755758880,2,1,146790
ag2206,20220218,20220218,133322500,13:33:22,4894,392624,496820,28756346160,8,1,587280
ag2206,20220218,20220218,133323000,13:33:23,4894,392638,496815,28757373900,14,-5,1027740
ag2206,20220218,20220218,133323500,13:33:24,4894,392638,496815,28757373900,0,0,0
ag2206,20220218,20220218,133324000,13:33:24,4894,392643,496814,28757740950,5,-1,367050
ag2206,20220218,20220218,133324500,13:33:25,4894,392644,496814,28757814360,1,0,73410
ag2206,20220218,20220218,133325000,13:33:26,4894,392654,496815,28758548460,10,1,734100
ag2206,20220218,20220218,133325500,13:33:27,4894,392654,496815,28758548460,0,0,0
ag2206,20220218,20220218,133326000,13:33:28,4894,392655,496815,28758621870,1,0,73410
ag2206,20220218,20220218,133326500,13:33:29,4894,392655,496815,28758621870,0,0,0
ag2206,20220218,20220218,133327000,13:33:29,4894,392655,496815,28758621870,0,0,0
ag2206,20220218,20220218,133328500,13:33:30,4894,392655,496815,28758621870,0,0,0
ag2206,20220218,20220218,133329000,13:33:30,4893,392660,496820,28758988845,5,5,366975
ag2206,20220218,20220218,133329500,13:33:30,4894,392676,496822,28760163405,16,2,1174560
ag2206,20220218,20220218,133330000,13:33:30,4894,392711,496825,28762732755,35,3,2569350
ag2206,20220218,20220218,133330500,13:33:31,4893,392730,496821,28764127395,19,-4,1394640
ag2206,20220218,20220218,133331000,13:33:32,4893,392730,496821,28764127395,0,0,0
ag2206,20220218,20220218,133331500,13:33:32,4893,392730,496821,28764127395,0,0,0
ag2206,20220218,20220218,133332500,13:33:33,4893,392730,496821,28764127395,0,0,0
ag2206,20220218,20220218,133333000,13:33:33,4893,392733,496821,28764347595,3,0,220200
ag2206,20220218,20220218,133333500,13:33:33,4894,392737,496817,28764641235,4,-4,293640
ag2206,20220218,20220218,133334000,13:33:34,4894,392737,496817,28764641235,0,0,0
ag2206,20220218,20220218,133334500,13:33:34,4894,392737,496817,28764641235,0,0,0
ag2206,20220218,20220218,133335500,13:33:35,4893,392747,496827,28765375185,10,10,733950
ag2206,20220218,20220218,133336000,13:33:36,4893,392747,496827,28765375185,0,0,0
ag2206,20220218,20220218,133336500,13:33:36,4894,392748,496826,28765448595,1,-1,73410
ag2206,20220218,20220218,133337000,13:33:37,4894,392748,496826,28765448595,0,0,0
ag2206,20220218,20220218,133337500,13:33:37,4894,392748,496826,28765448595,0,0,0
ag2206,20220218,20220218,133338000,13:33:38,4894,392749,496826,28765522005,1,0,73410
ag2206,20220218,20220218,133338500,13:33:39,4894,392753,496828,28765815600,4,2,293595
ag2206,20220218,20220218,133339000,13:33:39,4894,392753,496828,28765815600,0,0,0
ag2206,20220218,20220218,133339500,13:33:40,4894,392753,496828,28765815600,0,0,0
ag2206,20220218,20220218,133340000,13:33:40,4894,392753,496828,28765815600,0,0,0
ag2206,20220218,20220218,133340500,13:33:41,4894,392754,496827,28765889010,1,-1,73410
ag2206,20220218,20220218,133341000,13:33:41,4893,392785,496841,28768164255,31,14,2275245
ag2206,20220218,20220218,133341500,13:33:42,4893,392825,496829,28771100055,40,-12,2935800
ag2206,20220218,20220218,133342000,13:33:42,4892,392836,496819,28771907235,11,-10,807180
ag2206,20220218,20220218,133342500,13:33:42,4892,392837,496819,28771980615,1,0,73380
ag2206,20220218,20220218,133343000,13:33:43,4893,392844,496826,28772494380,7,7,513765
ag2206,20220218,20220218,133343500,13:33:44,4893,392856,496837,28773375120,12,11,880740
ag2206,20220218,20220218,133344000,13:33:45,4893,392857,496838,28773448515,1,1,73395
ag2206,20220218,20220218,133344500,13:33:45,4892,392870,496826,28774402455,13,-12,953940
ag2206,20220218,20220218,133345000,13:33:45,4892,392870,496826,28774402455,0,0,0
ag2206,20220218,20220218,133345500,13:33:47,4893,392872,496827,28774549245,2,1,146790
ag2206,20220218,20220218,133346000,13:33:47,4893,392880,496835,28775136405,8,8,587160
ag2206,20220218,20220218,133346500,13:33:48,4893,392880,496835,28775136405,0,0,0
ag2206,20220218,20220218,133347000,13:33:48,4893,392890,496838,28775870355,10,3,733950
ag2206,20220218,20220218,133347500,13:33:49,4893,392895,496841,28776237330,5,3,366975
ag2206,20220218,20220218,133348000,13:33:49,4893,392895,496841,28776237330,0,0,0
ag2206,20220218,20220218,133348500,13:33:49,4893,392896,496842,28776310725,1,1,73395
ag2206,20220218,20220218,133349000,13:33:50,4893,392897,496842,28776384120,1,0,73395
ag2206,20220218,20220218,133349500,13:33:50,4893,392899,496844,28776530910,2,2,146790
ag2206,20220218,20220218,133350000,13:33:50,4893,392899,496844,28776530910,0,0,0
ag2206,20220218,20220218,133350500,13:33:50,4893,392899,496844,28776530910,0,0,0
ag2206,20220218,20220218,133351000,13:33:51,4893,392900,496843,28776604305,1,-1,73395
ag2206,20220218,20220218,133351500,13:33:52,4893,392908,496839,28777191465,8,-4,587160
ag2206,20220218,20220218,133352000,13:33:52,4893,392912,496835,28777485045,4,-4,293580
ag2206,20220218,20220218,133352500,13:33:52,4893,392922,496830,28778218995,10,-5,733950
ag2206,20220218,20220218,133353500,13:33:53,4893,392922,496830,28778218995,0,0,0
ag2206,20220218,20220218,133354000,13:33:54,4893,392924,496830,28778365785,2,0,146790
ag2206,20220218,20220218,133354500,13:33:55,4893,392924,496830,28778365785,0,0,0
ag2206,20220218,20220218,133355000,13:33:56,4893,392924,496830,28778365785,0,0,0
ag2206,20220218,20220218,133355500,13:33:56,4893,392926,496829,28778512575,2,-1,146790
ag2206,20220218,20220218,133356000,13:33:57,4893,392926,496829,28778512575,0,0,0
ag2206,20220218,20220218,133356500,13:33:57,4893,392929,496830,28778732760,3,1,220185
ag2206,20220218,20220218,133357000,13:33:57,4893,392929,496830,28778732760,0,0,0
ag2206,20220218,20220218,133357500,13:33:58,4893,392929,496830,28778732760,0,0,0
ag2206,20220218,20220218,133358000,13:33:58,4893,392929,496830,28778732760,0,0,0
ag2206,20220218,20220218,133358500,13:33:59,4893,392929,496830,28778732760,0,0,0
ag2206,20220218,20220218,133359000,13:33:59,4893,392933,496832,28779026340,4,2,293580
ag2206,20220218,20220218,133400000,13:34:00,4893,392933,496832,28779026340,0,0,0
ag2206,20220218,20220218,133400500,13:34:01,4893,392937,496828,28779319920,4,-4,293580
ag2206,20220218,20220218,133401000,13:34:02,4892,392939,496826,28779466680,2,-2,146760
ag2206,20220218,20220218,133401500,13:34:02,4892,392939,496826,28779466680,0,0,0
ag2206,20220218,20220218,133402000,13:34:10,4893,392945,496826,28779907035,6,0,440355
ag2206,20220218,20220218,133402500,13:34:10,4893,392945,496826,28779907035,0,0,0
ag2206,20220218,20220218,133403000,13:34:10,4892,392948,496823,28780127175,3,-3,220140
ag2206,20220218,20220218,133410000,13:34:12,4892,392948,496823,28780127175,0,0,0
ag2206,20220218,20220218,133410500,13:34:12,4894,393037,496826,28786660335,89,3,6533160
ag2206,20220218,20220218,133411500,13:34:12,4894,393037,496826,28786660335,0,0,0
ag2206,20220218,20220218,133412000,13:34:12,4894,393040,496825,28786880565,3,-1,220230
ag2206,20220218,20220218,133412500,13:34:13,4894,393040,496825,28786880565,0,0,0
ag2206,20220218,20220218,133414000,13:34:14,4894,393041,496824,28786953975,1,-1,73410
ag2206,20220218,20220218,133414500,13:34:15,4894,393041,496824,28786953975,0,0,0
ag2206,20220218,20220218,133415000,13:34:15,4894,393041,496824,28786953975,0,0,0
ag2206,20220218,20220218,133415500,13:34:16,4894,393041,496824,28786953975,0,0,0
ag2206,20220218,20220218,133416000,13:34:16,4894,393054,496818,28787908305,13,-6,954330
ag2206,20220218,20220218,133416500,13:34:17,4894,393055,496818,28787981715,1,0,73410
ag2206,20220218,20220218,133417000,13:34:17,4894,393056,496819,28788055125,1,1,73410
ag2206,20220218,20220218,133417500,13:34:17,4894,393057,496820,28788128535,1,1,73410
ag2206,20220218,20220218,133418000,13:34:18,4894,393057,496820,28788128535,0,0,0
ag2206,20220218,20220218,133418500,13:34:19,4895,393058,496820,28788201960,1,0,73425
ag2206,20220218,20220218,133419000,13:34:19,4894,393062,496820,28788495615,4,0,293655
ag2206,20220218,20220218,133419500,13:34:20,4894,393062,496820,28788495615,0,0,0
ag2206,20220218,20220218,133420000,13:34:20,4895,393133,496868,28793708790,71,48,5213175
ag2206,20220218,20220218,133420500,13:34:23,4895,393147,496869,28794736740,14,1,1027950
ag2206,20220218,20220218,133421000,13:34:23,4895,393157,496865,28795470990,10,-4,734250
ag2206,20220218,20220218,133421500,13:34:23,4895,393170,496856,28796425335,13,-9,954345
ag2206,20220218,20220218,133423000,13:34:24,4894,393177,496850,28796939265,7,-6,513930
ag2206,20220218,20220218,133423500,13:34:24,4894,393177,496850,28796939265,0,0,0
ag2206,20220218,20220218,133424000,13:34:24,4895,393179,496850,28797086115,2,0,146850
ag2206,20220218,20220218,133424500,13:34:24,4895,393180,496849,28797159540,1,-1,73425
ag2206,20220218,20220218,133425000,13:34:25,4895,393180,496849,28797159540,0,0,0
ag2206,20220218,20220218,133425500,13:34:25,4895,393180,496849,28797159540,0,0,0
ag2206,20220218,20220218,133426000,13:34:26,4895,393180,496849,28797159540,0,0,0
ag2206,20220218,20220218,133426500,13:34:26,4895,393182,496851,28797306390,2,2,146850
ag2206,20220218,20220218,133427000,13:34:27,4895,393188,496853,28797746940,6,2,440550
ag2206,20220218,20220218,133427500,13:34:28,4895,393188,496853,28797746940,0,0,0
ag2206,20220218,20220218,133428000,13:34:28,4895,393189,496853,28797820365,1,0,73425
ag2206,20220218,20220218,133428500,13:34:29,4895,393195,496855,28798260840,6,2,440475
ag2206,20220218,20220218,133429000,13:34:29,4895,393195,496855,28798260840,0,0,0
ag2206,20220218,20220218,133429500,13:34:29,4895,393195,496855,28798260840,0,0,0
ag2206,20220218,20220218,133430000,13:34:30,4895,393196,496856,28798334265,1,1,73425
ag2206,20220218,20220218,133430500,13:34:30,4895,393197,496857,28798407690,1,1,73425
ag2206,20220218,20220218,133431000,13:34:31,4895,393199,496859,28798554540,2,2,146850
ag2206,20220218,20220218,133431500,13:34:31,4895,393199,496859,28798554540,0,0,0
ag2206,20220218,20220218,133432000,13:34:32,4895,393199,496859,28798554540,0,0,0
ag2206,20220218,20220218,133432500,13:34:32,4894,393251,496844,28802371860,52,-15,3817320
ag2206,20220218,20220218,133433000,13:34:34,4893,393267,496839,28803546180,16,-5,1174320
ag2206,20220218,20220218,133433500,13:34:34,4893,393268,496838,28803619575,1,-1,73395
ag2206,20220218,20220218,133434000,13:34:34,4894,393269,496838,28803692985,1,0,73410
ag2206,20220218,20220218,133434500,13:34:35,4893,393342,496801,28809050820,73,-37,5357835
ag2206,20220218,20220218,133435000,13:34:35,4892,393343,496801,28809124200,1,0,73380
ag2206,20220218,20220218,133435500,13:34:36,4892,393349,496800,28809564555,6,-1,440355
ag2206,20220218,20220218,133436000,13:34:36,4892,393349,496800,28809564555,0,0,0
ag2206,20220218,20220218,133437000,13:34:37,4892,393349,496800,28809564555,0,0,0
ag2206,20220218,20220218,133437500,13:34:38,4892,393352,496798,28809784710,3,-2,220155
ag2206,20220218,20220218,133438000,13:34:38,4893,393381,496786,28811913015,29,-12,2128305
ag2206,20220218,20220218,133438500,13:34:39,4893,393383,496784,28812059790,2,-2,146775
ag2206,20220218,20220218,133439000,13:34:39,4893,393396,496791,28813013880,13,7,954090
ag2206,20220218,20220218,133439500,13:34:39,4893,393401,496796,28813380855,5,5,366975
ag2206,20220218,20220218,133440000,13:34:40,4892,393408,496796,28813894515,7,0,513660
ag2206,20220218,20220218,133440500,13:34:41,4892,393408,496796,28813894515,0,0,0
ag2206,20220218,20220218,133441000,13:34:41,4892,393409,496796,28813967895,1,0,73380
ag2206,20220218,20220218,133441500,13:34:42,4892,393411,496796,28814114670,2,0,146775
ag2206,20220218,20220218,133442000,13:34:44,4892,393411,496796,28814114670,0,0,0
ag2206,20220218,20220218,133442500,13:34:44,4893,393420,496799,28814775225,9,3,660555
ag2206,20220218,20220218,133443500,13:34:45,4894,393427,496798,28815289005,7,-1,513780
ag2206,20220218,20220218,133444000,13:34:45,4894,393427,496798,28815289005,0,0,0
ag2206,20220218,20220218,133444500,13:34:46,4894,393427,496798,28815289005,0,0,0
ag2206,20220218,20220218,133445000,13:34:46,4893,393428,496798,28815362400,1,0,73395
ag2206,20220218,20220218,133445500,13:34:46,4893,393428,496798,28815362400,0,0,0
ag2206,20220218,20220218,133446000,13:34:46,4894,393482,496819,28819326540,54,21,3964140
ag2206,20220218,20220218,133446500,13:34:47,4895,393483,496819,28819399965,1,0,73425
ag2206,20220218,20220218,133447000,13:34:47,4894,393486,496820,28819620195,3,1,220230
ag2206,20220218,20220218,133447500,13:34:48,4894,393487,496821,28819693605,1,1,73410
ag2206,20220218,20220218,133448000,13:34:48,4894,393502,496815,28820794755,15,-6,1101150
ag2206,20220218,20220218,133448500,13:34:49,4893,393503,496815,28820868150,1,0,73395
ag2206,20220218,20220218,133449000,13:34:49,4893,393533,496808,28823070000,30,-7,2201850
ag2206,20220218,20220218,133449500,13:34:49,4892,393534,496809,28823143380,1,1,73380
ag2206,20220218,20220218,133450000,13:34:51,4892,393534,496809,28823143380,0,0,0
ag2206,20220218,20220218,133450500,13:34:51,4892,393534,496809,28823143380,0,0,0
ag2206,20220218,20220218,133451000,13:34:51,4893,393536,496809,28823290170,2,0,146790
ag2206,20220218,20220218,133451500,13:34:52,4893,393542,496810,28823730540,6,1,440370
ag2206,20220218,20220218,133452000,13:34:52,4893,393547,496810,28824097515,5,0,366975
ag2206,20220218,20220218,133452500,13:34:53,4893,393547,496810,28824097515,0,0,0
ag2206,20220218,20220218,133453000,13:34:53,4893,393549,496809,28824244305,2,-1,146790
ag2206,20220218,20220218,133453500,13:34:55,4893,393549,496809,28824244305,0,0,0
ag2206,20220218,20220218,133454000,13:34:56,4893,393550,496809,28824317700,1,0,73395
ag2206,20220218,20220218,133454500,13:34:56,4893,393551,496810,28824391095,1,1,73395
ag2206,20220218,20220218,133455500,13:34:56,4893,393551,496810,28824391095,0,0,0
ag2206,20220218,20220218,133456000,13:34:57,4893,393551,496810,28824391095,0,0,0
ag2206,20220218,20220218,133456500,13:34:57,4893,393551,496810,28824391095,0,0,0
ag2206,20220218,20220218,133457000,13:34:57,4893,393551,496810,28824391095,0,0,0
ag2206,20220218,20220218,133457500,13:34:58,4893,393551,496810,28824391095,0,0,0
ag2206,20220218,20220218,133458500,13:34:59,4893,393551,496810,28824391095,0,0,0
ag2206,20220218,20220218,133459000,13:34:59,4893,393551,496810,28824391095,0,0,0
ag2206,20220218,20220218,133500000,13:35:00,4893,393551,496810,28824391095,0,0,0
ag2206,20220218,20220218,133500500,13:35:00,4894,393577,496785,28826299755,26,-25,1908660
ag2206,20220218,20220218,133501000,13:35:04,4893,393578,496786,28826373150,1,1,73395
ag2206,20220218,20220218,133501500,13:35:05,4894,393579,496785,28826446560,1,-1,73410
ag2206,20220218,20220218,133502000,13:35:10,4894,393580,496785,28826519970,1,0,73410
ag2206,20220218,20220218,133504500,13:35:10,4894,393580,496785,28826519970,0,0,0
ag2206,20220218,20220218,133505000,13:35:10,4894,393580,496785,28826519970,0,0,0
ag2206,20220218,20220218,133510000,13:35:10,4894,393580,496785,28826519970,0,0,0
ag2206,20220218,20220218,133510500,13:35:11,4894,393611,496786,28828795380,31,1,2275410
ag2206,20220218,20220218,133511000,13:35:11,4894,393611,496786,28828795380,0,0,0
ag2206,20220218,20220218,133511500,13:35:12,4893,393612,496786,28828868775,1,0,73395
ag2206,20220218,20220218,133512000,13:35:13,4894,393614,496786,28829015580,2,0,146805
