ag2207,20220218,20220218,112002500,11:20:08,4909,16083,26594,1180023915,16083,288,1180023915
ag2207,20220218,20220218,112004500,11:20:09,4909,16083,26594,1180023915,0,0,0
ag2207,20220218,20220218,112005000,11:20:10,4909,16083,26594,1180023915,0,0,0
ag2207,20220218,20220218,112007000,11:20:10,4909,16083,26594,1180023915,0,0,0
ag2207,20220218,20220218,112010000,11:20:10,4909,16083,26594,1180023915,0,0,0
ag2207,20220218,20220218,112010500,11:20:10,4909,16083,26594,1180023915,0,0,0
ag2207,20220218,20220218,112011000,11:20:11,4909,16083,26594,1180023915,0,0,0
ag2207,20220218,20220218,112012500,11:20:13,4909,16083,26594,1180023915,0,0,0
ag2207,20220218,20220218,112013000,11:20:13,4909,16083,26594,1180023915,0,0,0
ag2207,20220218,20220218,112014000,11:20:14,4909,16083,26594,1180023915,0,0,0
ag2207,20220218,20220218,112014500,11:20:14,4909,16083,26594,1180023915,0,0,0
ag2207,20220218,20220218,112016500,11:20:16,4909,16083,26594,1180023915,0,0,0
ag2207,20220218,20220218,112017000,11:20:17,4909,16083,26594,1180023915,0,0,0
ag2207,20220218,20220218,112017500,11:20:17,4909,16083,26594,1180023915,0,0,0
ag2207,20220218,20220218,112018000,11:20:18,4909,16083,26594,1180023915,0,0,0
ag2207,20220218,20220218,112018500,11:20:18,4909,16083,26594,1180023915,0,0,0
ag2207,20220218,20220218,112019000,11:20:19,4909,16083,26594,1180023915,0,0,0
ag2207,20220218,20220218,112020000,11:20:20,4909,16083,26594,1180023915,0,0,0
ag2207,20220218,20220218,112021000,11:20:21,4909,16083,26594,1180023915,0,0,0
ag2207,20220218,20220218,112022000,11:20:22,4909,16083,26594,1180023915,0,0,0
ag2207,20220218,20220218,112022500,11:20:23,4909,16083,26594,1180023915,0,0,0
ag2207,20220218,20220218,112023000,11:20:23,4909,16083,26594,1180023915,0,0,0
ag2207,20220218,20220218,112024000,11:20:24,4909,16083,26594,1180023915,0,0,0
ag2207,20220218,20220218,112024500,11:20:24,4909,16083,26594,1180023915,0,0,0
ag2207,20220218,20220218,112025000,11:20:25,4909,16083,26594,1180023915,0,0,0
ag2207,20220218,20220218,112027500,11:20:28,4909,16083,26594,1180023915,0,0,0
ag2207,20220218,20220218,112028000,11:20:28,4909,16083,26594,1180023915,0,0,0
ag2207,20220218,20220218,112028500,11:20:28,4909,16083,26594,1180023915,0,0,0
ag2207,20220218,20220218,112029000,11:20:29,4909,16083,26594,1180023915,0,0,0
ag2207,20220218,20220218,112029500,11:20:30,4909,16083,26594,1180023915,0,0,0
ag2207,20220218,20220218,112030500,11:20:31,4909,16083,26594,1180023915,0,0,0
ag2207,20220218,20220218,112032000,11:20:32,4909,16085,26594,1180171185,2,0,147270
ag2207,20220218,20220218,112032500,11:20:32,4909,16085,26594,1180171185,0,0,0
ag2207,20220218,20220218,112033000,11:20:33,4909,16085,26594,1180171185,0,0,0
ag2207,20220218,20220218,112033500,11:20:33,4909,16085,26594,1180171185,0,0,0
ag2207,20220218,20220218,112035500,11:20:35,4909,16085,26594,1180171185,0,0,0
ag2207,20220218,20220218,112037500,11:20:38,4909,16085,26594,1180171185,0,0,0
ag2207,20220218,20220218,112038000,11:20:38,4909,16085,26594,1180171185,0,0,0
ag2207,20220218,20220218,112039000,11:20:39,4909,16085,26594,1180171185,0,0,0
ag2207,20220218,20220218,112040000,11:20:40,4909,16085,26594,1180171185,0,0,0
ag2207,20220218,20220218,112040500,11:20:41,4909,16085,26594,1180171185,0,0,0
ag2207,20220218,20220218,112041000,11:20:41,4909,16085,26594,1180171185,0,0,0
ag2207,20220218,20220218,112041500,11:20:41,4909,16085,26594,1180171185,0,0,0
ag2207,20220218,20220218,112042000,11:20:42,4909,16085,26594,1180171185,0,0,0
ag2207,20220218,20220218,112042500,11:20:42,4909,16085,26594,1180171185,0,0,0
ag2207,20220218,20220218,112043000,11:20:43,4909,16085,26594,1180171185,0,0,0
ag2207,20220218,20220218,112045000,11:20:45,4909,16085,26594,1180171185,0,0,0
ag2207,20220218,20220218,112045500,11:20:46,4909,16085,26594,1180171185,0,0,0
ag2207,20220218,20220218,112047500,11:20:48,4909,16085,26594,1180171185,0,0,0
ag2207,20220218,20220218,112048000,11:20:49,4909,16085,26594,1180171185,0,0,0
ag2207,20220218,20220218,112048500,11:20:50,4909,16085,26594,1180171185,0,0,0
ag2207,20220218,20220218,112050500,11:20:50,4909,16085,26594,1180171185,0,0,0
ag2207,20220218,20220218,112053000,11:20:53,4909,16085,26594,1180171185,0,0,0
ag2207,20220218,20220218,112053500,11:20:53,4909,16085,26594,1180171185,0,0,0
ag2207,20220218,20220218,112054000,11:20:54,4909,16085,26594,1180171185,0,0,0
ag2207,20220218,20220218,112054500,11:20:55,4909,16086,26593,1180244820,1,-1,73635
ag2207,20220218,20220218,112055000,11:20:55,4909,16086,26593,1180244820,0,0,0
ag2207,20220218,20220218,112055500,11:20:56,4909,16086,26593,1180244820,0,0,0
ag2207,20220218,20220218,112056000,11:20:56,4909,16086,26593,1180244820,0,0,0
ag2207,20220218,20220218,112057000,11:20:58,4909,16086,26593,1180244820,0,0,0
ag2207,20220218,20220218,112057500,11:20:58,4909,16086,26593,1180244820,0,0,0
ag2207,20220218,20220218,112058000,11:20:59,4909,16086,26593,1180244820,0,0,0
ag2207,20220218,20220218,112058500,11:20:59,4909,16086,26593,1180244820,0,0,0
ag2207,20220218,20220218,112059000,11:21:00,4909,16086,26593,1180244820,0,0,0
ag2207,20220218,20220218,112059500,11:21:00,4909,16086,26593,1180244820,0,0,0
ag2207,20220218,20220218,112100000,11:21:00,4909,16086,26593,1180244820,0,0,0
ag2207,20220218,20220218,112101000,11:21:01,4909,16086,26593,1180244820,0,0,0
ag2207,20220218,20220218,112102000,11:21:03,4909,16086,26593,1180244820,0,0,0
ag2207,20220218,20220218,112102500,11:21:03,4909,16086,26593,1180244820,0,0,0
ag2207,20220218,20220218,112103000,11:21:03,4910,16087,26593,1180318470,1,0,73650
ag2207,20220218,20220218,112103500,11:21:04,4910,16087,26593,1180318470,0,0,0
ag2207,20220218,20220218,112104000,11:21:05,4910,16087,26593,1180318470,0,0,0
ag2207,20220218,20220218,112104500,11:21:05,4910,16087,26593,1180318470,0,0,0
ag2207,20220218,20220218,112105000,11:21:06,4910,16087,26593,1180318470,0,0,0
ag2207,20220218,20220218,112105500,11:21:07,4910,16087,26593,1180318470,0,0,0
ag2207,20220218,20220218,112106000,11:21:07,4910,16089,26593,1180465770,2,0,147300
ag2207,20220218,20220218,112106500,11:21:08,4910,16089,26593,1180465770,0,0,0
ag2207,20220218,20220218,112107000,11:21:10,4910,16089,26593,1180465770,0,0,0
ag2207,20220218,20220218,112107500,11:21:10,4910,16089,26593,1180465770,0,0,0
ag2207,20220218,20220218,112108000,11:21:10,4911,16104,26606,1181570745,15,13,1104975
ag2207,20220218,20220218,112110000,11:21:10,4911,16104,26606,1181570745,0,0,0
ag2207,20220218,20220218,112110500,11:21:11,4911,16104,26606,1181570745,0,0,0
ag2207,20220218,20220218,112111000,11:21:11,4911,16105,26606,1181644410,1,0,73665
ag2207,20220218,20220218,112111500,11:21:12,4911,16105,26606,1181644410,0,0,0
ag2207,20220218,20220218,112112000,11:21:12,4912,16106,26605,1181718090,1,-1,73680
ag2207,20220218,20220218,112112500,11:21:13,4912,16108,26607,1181865450,2,2,147360
ag2207,20220218,20220218,112113000,11:21:13,4912,16108,26607,1181865450,0,0,0
ag2207,20220218,20220218,112113500,11:21:13,4912,16108,26607,1181865450,0,0,0
ag2207,20220218,20220218,112114000,11:21:14,4912,16108,26607,1181865450,0,0,0
ag2207,20220218,20220218,112114500,11:21:14,4912,16108,26607,1181865450,0,0,0
ag2207,20220218,20220218,112115000,11:21:15,4912,16108,26607,1181865450,0,0,0
ag2207,20220218,20220218,112115500,11:21:15,4912,16108,26607,1181865450,0,0,0
ag2207,20220218,20220218,112116000,11:21:16,4912,16108,26607,1181865450,0,0,0
ag2207,20220218,20220218,112116500,11:21:17,4911,16118,26599,1182602100,10,-8,736650
ag2207,20220218,20220218,112117000,11:21:17,4911,16118,26599,1182602100,0,0,0
ag2207,20220218,20220218,112117500,11:21:18,4911,16118,26599,1182602100,0,0,0
ag2207,20220218,20220218,112118000,11:21:18,4911,16118,26599,1182602100,0,0,0
ag2207,20220218,20220218,112118500,11:21:18,4911,16118,26599,1182602100,0,0,0
ag2207,20220218,20220218,112119000,11:21:19,4911,16118,26599,1182602100,0,0,0
ag2207,20220218,20220218,112120500,11:21:22,4911,16119,26598,1182675765,1,-1,73665
ag2207,20220218,20220218,112121000,11:21:22,4911,16119,26598,1182675765,0,0,0
ag2207,20220218,20220218,112121500,11:21:22,4911,16119,26598,1182675765,0,0,0
ag2207,20220218,20220218,112122000,11:21:22,4911,16119,26598,1182675765,0,0,0
ag2207,20220218,20220218,112122500,11:21:23,4911,16119,26598,1182675765,0,0,0
ag2207,20220218,20220218,112123000,11:21:23,4911,16119,26598,1182675765,0,0,0
ag2207,20220218,20220218,112123500,11:21:23,4911,16119,26598,1182675765,0,0,0
ag2207,20220218,20220218,112124000,11:21:24,4911,16119,26598,1182675765,0,0,0
ag2207,20220218,20220218,112124500,11:21:25,4911,16119,26598,1182675765,0,0,0
ag2207,20220218,20220218,112125000,11:23:32,4911,16119,26598,1182675765,0,0,0
ag2207,20220218,20220218,112332500,11:23:33,4911,16119,26598,1182675765,0,0,0
ag2207,20220218,20220218,112334500,11:23:34,4911,16119,26598,1182675765,0,0,0
ag2207,20220218,20220218,112335000,11:23:35,4908,16142,26602,1184369370,23,4,1693605
ag2207,20220218,20220218,112335500,11:23:35,4908,16142,26602,1184369370,0,0,0
ag2207,20220218,20220218,112336000,11:23:36,4908,16142,26602,1184369370,0,0,0
ag2207,20220218,20220218,112337000,11:23:38,4908,16142,26602,1184369370,0,0,0
ag2207,20220218,20220218,112338000,11:23:38,4908,16142,26602,1184369370,0,0,0
ag2207,20220218,20220218,112338500,11:23:38,4908,16142,26602,1184369370,0,0,0
ag2207,20220218,20220218,112339500,11:23:39,4908,16142,26602,1184369370,0,0,0
ag2207,20220218,20220218,112340000,11:23:40,4908,16144,26600,1184516610,2,-2,147240
ag2207,20220218,20220218,112340500,11:23:40,4908,16144,26600,1184516610,0,0,0
ag2207,20220218,20220218,112341000,11:23:41,4908,16144,26600,1184516610,0,0,0
ag2207,20220218,20220218,112342500,11:23:42,4908,16144,26600,1184516610,0,0,0
ag2207,20220218,20220218,112343000,11:23:43,4908,16144,26600,1184516610,0,0,0
ag2207,20220218,20220218,112343500,11:23:43,4908,16144,26600,1184516610,0,0,0
ag2207,20220218,20220218,112344000,11:23:46,4908,16144,26600,1184516610,0,0,0
ag2207,20220218,20220218,112344500,11:23:48,4908,16144,26600,1184516610,0,0,0
ag2207,20220218,20220218,112345000,11:23:48,4908,16144,26600,1184516610,0,0,0
ag2207,20220218,20220218,112345500,11:23:48,4908,16144,26600,1184516610,0,0,0
ag2207,20220218,20220218,112347500,11:23:48,4908,16144,26600,1184516610,0,0,0
ag2207,20220218,20220218,112350000,11:23:50,4908,16144,26600,1184516610,0,0,0
ag2207,20220218,20220218,112350500,11:23:50,4908,16144,26600,1184516610,0,0,0
ag2207,20220218,20220218,112351000,11:23:51,4908,16144,26600,1184516610,0,0,0
ag2207,20220218,20220218,112353000,11:23:53,4909,16147,26598,1184737515,3,-2,220905
ag2207,20220218,20220218,112353500,11:23:53,4909,16147,26598,1184737515,0,0,0
ag2207,20220218,20220218,112354000,11:23:54,4909,16147,26598,1184737515,0,0,0
ag2207,20220218,20220218,112354500,11:23:55,4909,16147,26598,1184737515,0,0,0
ag2207,20220218,20220218,112355000,11:23:55,4909,16147,26598,1184737515,0,0,0
ag2207,20220218,20220218,112355500,11:23:55,4909,16147,26598,1184737515,0,0,0
ag2207,20220218,20220218,112356000,11:23:56,4909,16147,26598,1184737515,0,0,0
ag2207,20220218,20220218,112356500,11:23:56,4909,16150,26601,1184958420,3,3,220905
ag2207,20220218,20220218,112357000,11:23:57,4909,16150,26601,1184958420,0,0,0
ag2207,20220218,20220218,112357500,11:23:57,4909,16150,26601,1184958420,0,0,0
ag2207,20220218,20220218,112358000,11:23:58,4909,16150,26601,1184958420,0,0,0
ag2207,20220218,20220218,112358500,11:23:58,4909,16150,26601,1184958420,0,0,0
ag2207,20220218,20220218,112359000,11:23:59,4909,16150,26601,1184958420,0,0,0
ag2207,20220218,20220218,112359500,11:23:59,4909,16150,26601,1184958420,0,0,0
ag2207,20220218,20220218,112400500,11:24:00,4909,16150,26601,1184958420,0,0,0
ag2207,20220218,20220218,112401000,11:24:01,4909,16150,26601,1184958420,0,0,0
ag2207,20220218,20220218,112401500,11:24:01,4909,16150,26601,1184958420,0,0,0
ag2207,20220218,20220218,112402000,11:24:02,4909,16150,26601,1184958420,0,0,0
ag2207,20220218,20220218,112402500,11:24:02,4909,16150,26601,1184958420,0,0,0
ag2207,20220218,20220218,112403000,11:24:03,4909,16150,26601,1184958420,0,0,0
ag2207,20220218,20220218,112403500,11:24:04,4909,16150,26601,1184958420,0,0,0
ag2207,20220218,20220218,112404000,11:24:04,4909,16150,26601,1184958420,0,0,0
ag2207,20220218,20220218,112404500,11:24:04,4909,16150,26601,1184958420,0,0,0
ag2207,20220218,20220218,112405000,11:24:05,4909,16150,26601,1184958420,0,0,0
ag2207,20220218,20220218,112405500,11:24:05,4909,16150,26601,1184958420,0,0,0
ag2207,20220218,20220218,112406000,11:24:06,4909,16150,26601,1184958420,0,0,0
ag2207,20220218,20220218,112406500,11:24:06,4909,16150,26601,1184958420,0,0,0
ag2207,20220218,20220218,112408000,11:24:08,4909,16150,26601,1184958420,0,0,0
ag2207,20220218,20220218,112408500,11:24:08,4909,16150,26601,1184958420,0,0,0
ag2207,20220218,20220218,112410000,11:24:12,4909,16150,26601,1184958420,0,0,0
ag2207,20220218,20220218,112410500,11:24:12,4909,16150,26601,1184958420,0,0,0
ag2207,20220218,20220218,112411500,11:24:12,4909,16150,26601,1184958420,0,0,0
ag2207,20220218,20220218,112413000,11:24:14,4909,16150,26601,1184958420,0,0,0
ag2207,20220218,20220218,112413500,11:24:14,4909,16150,26601,1184958420,0,0,0
ag2207,20220218,20220218,112414000,11:24:14,4909,16150,26601,1184958420,0,0,0
ag2207,20220218,20220218,112414500,11:24:15,4909,16150,26601,1184958420,0,0,0
ag2207,20220218,20220218,112415000,11:24:15,4909,16150,26601,1184958420,0,0,0
ag2207,20220218,20220218,112415500,11:24:15,4909,16150,26601,1184958420,0,0,0
ag2207,20220218,20220218,112416000,11:24:16,4909,16150,26601,1184958420,0,0,0
ag2207,20220218,20220218,112416500,11:24:17,4909,16150,26601,1184958420,0,0,0
ag2207,20220218,20220218,112417000,11:24:17,4909,16150,26601,1184958420,0,0,0
ag2207,20220218,20220218,112417500,11:24:18,4909,16150,26601,1184958420,0,0,0
ag2207,20220218,20220218,112418500,11:24:19,4909,16150,26601,1184958420,0,0,0
ag2207,20220218,20220218,112420000,11:24:20,4909,16150,26601,1184958420,0,0,0
ag2207,20220218,20220218,112420500,11:24:21,4909,16150,26601,1184958420,0,0,0
ag2207,20220218,20220218,112421500,11:24:22,4909,16150,26601,1184958420,0,0,0
ag2207,20220218,20220218,112423000,11:24:23,4909,16150,26601,1184958420,0,0,0
ag2207,20220218,20220218,112424000,11:24:24,4909,16150,26601,1184958420,0,0,0
ag2207,20220218,20220218,112424500,11:24:24,4909,16150,26601,1184958420,0,0,0
ag2207,20220218,20220218,112425000,11:24:25,4909,16150,26601,1184958420,0,0,0
ag2207,20220218,20220218,112426500,11:24:26,4909,16150,26601,1184958420,0,0,0
ag2207,20220218,20220218,112428000,11:24:28,4909,16150,26601,1184958420,0,0,0
ag2207,20220218,20220218,112429500,11:24:29,4909,16150,26601,1184958420,0,0,0
ag2207,20220218,20220218,112430000,11:24:30,4909,16150,26601,1184958420,0,0,0
ag2207,20220218,20220218,112430500,11:24:30,4909,16150,26601,1184958420,0,0,0
ag2207,20220218,20220218,112431000,11:24:31,4909,16150,26601,1184958420,0,0,0
ag2207,20220218,20220218,112431500,11:24:31,4909,16150,26601,1184958420,0,0,0
ag2207,20220218,20220218,112432500,11:24:32,4909,16150,26601,1184958420,0,0,0
ag2207,20220218,20220218,112433000,11:24:33,4909,16150,26601,1184958420,0,0,0
ag2207,20220218,20220218,112433500,11:24:33,4909,16150,26601,1184958420,0,0,0
ag2207,20220218,20220218,112435000,11:24:35,4909,16150,26601,1184958420,0,0,0
ag2207,20220218,20220218,112435500,11:24:35,4909,16150,26601,1184958420,0,0,0
ag2207,20220218,20220218,112437000,11:24:37,4909,16150,26601,1184958420,0,0,0
ag2207,20220218,20220218,112437500,11:24:38,4909,16150,26601,1184958420,0,0,0
ag2207,20220218,20220218,112438000,11:24:39,4909,16150,26601,1184958420,0,0,0
ag2207,20220218,20220218,112439500,11:24:40,4909,16150,26601,1184958420,0,0,0
ag2207,20220218,20220218,112440000,11:24:40,4909,16150,26601,1184958420,0,0,0
ag2207,20220218,20220218,112440500,11:24:40,4909,16150,26601,1184958420,0,0,0
ag2207,20220218,20220218,112441000,11:24:41,4909,16150,26601,1184958420,0,0,0
ag2207,20220218,20220218,112442000,11:24:42,4909,16150,26601,1184958420,0,0,0
ag2207,20220218,20220218,112442500,11:24:42,4909,16150,26601,1184958420,0,0,0
ag2207,20220218,20220218,112443000,11:24:43,4909,16150,26601,1184958420,0,0,0
ag2207,20220218,20220218,112444500,11:24:44,4909,16150,26601,1184958420,0,0,0
ag2207,20220218,20220218,112445000,11:24:45,4909,16150,26601,1184958420,0,0,0
ag2207,20220218,20220218,112445500,11:24:45,4909,16150,26601,1184958420,0,0,0
ag2207,20220218,20220218,112447000,11:24:47,4909,16150,26601,1184958420,0,0,0
ag2207,20220218,20220218,112447500,11:24:47,4909,16150,26601,1184958420,0,0,0
ag2207,20220218,20220218,112448000,11:24:48,4909,16150,26601,1184958420,0,0,0
ag2207,20220218,20220218,112448500,11:24:49,4909,16150,26601,1184958420,0,0,0
ag2207,20220218,20220218,112449000,11:24:49,4909,16150,26601,1184958420,0,0,0
ag2207,20220218,20220218,112450000,11:24:50,4909,16150,26601,1184958420,0,0,0
ag2207,20220218,20220218,112450500,11:24:50,4909,16150,26601,1184958420,0,0,0
ag2207,20220218,20220218,112452000,11:24:52,4909,16150,26601,1184958420,0,0,0
ag2207,20220218,20220218,112452500,11:24:52,4909,16150,26601,1184958420,0,0,0
ag2207,20220218,20220218,112453000,11:24:53,4909,16150,26601,1184958420,0,0,0
ag2207,20220218,20220218,112454500,11:24:54,4909,16150,26601,1184958420,0,0,0
ag2207,20220218,20220218,112455000,11:24:55,4909,16150,26601,1184958420,0,0,0
ag2207,20220218,20220218,112457000,11:24:57,4909,16150,26601,1184958420,0,0,0
ag2207,20220218,20220218,112457500,11:24:57,4909,16150,26601,1184958420,0,0,0
ag2207,20220218,20220218,112458000,11:24:58,4909,16150,26601,1184958420,0,0,0
ag2207,20220218,20220218,112458500,11:24:58,4909,16150,26601,1184958420,0,0,0
ag2207,20220218,20220218,112459000,11:24:59,4909,16150,26601,1184958420,0,0,0
ag2207,20220218,20220218,112500500,11:25:01,4909,16150,26601,1184958420,0,0,0
ag2207,20220218,20220218,112502000,11:25:05,4909,16150,26601,1184958420,0,0,0
ag2207,20220218,20220218,112503500,11:25:06,4909,16150,26601,1184958420,0,0,0
ag2207,20220218,20220218,112505500,11:25:06,4909,16150,26601,1184958420,0,0,0
ag2207,20220218,20220218,112507000,11:25:07,4909,16150,26601,1184958420,0,0,0
ag2207,20220218,20220218,112508500,11:25:08,4909,16150,26601,1184958420,0,0,0
ag2207,20220218,20220218,112510500,11:25:10,4909,16150,26601,1184958420,0,0,0
ag2207,20220218,20220218,112511000,11:25:11,4909,16150,26601,1184958420,0,0,0
ag2207,20220218,20220218,112512000,11:25:12,4909,16150,26601,1184958420,0,0,0
ag2207,20220218,20220218,112513000,11:25:13,4909,16150,26601,1184958420,0,0,0
ag2207,20220218,20220218,112513500,11:25:15,4909,16150,26601,1184958420,0,0,0
ag2207,20220218,20220218,112516000,11:25:16,4909,16150,26601,1184958420,0,0,0
ag2207,20220218,20220218,112517500,11:25:18,4909,16150,26601,1184958420,0,0,0
ag2207,20220218,20220218,112518500,11:25:19,4909,16150,26601,1184958420,0,0,0
ag2207,20220218,20220218,112519000,11:25:19,4909,16150,26601,1184958420,0,0,0
ag2207,20220218,20220218,112521500,11:25:22,4909,16150,26601,1184958420,0,0,0
ag2207,20220218,20220218,112522500,11:25:23,4909,16150,26601,1184958420,0,0,0
ag2207,20220218,20220218,112523500,11:25:24,4909,16150,26601,1184958420,0,0,0
ag2207,20220218,20220218,112524000,11:25:25,4909,16150,26601,1184958420,0,0,0
ag2207,20220218,20220218,112526500,11:25:27,4909,16150,26601,1184958420,0,0,0
ag2207,20220218,20220218,112527500,11:25:28,4909,16150,26601,1184958420,0,0,0
ag2207,20220218,20220218,112529000,11:25:29,4909,16150,26601,1184958420,0,0,0
ag2207,20220218,20220218,112529500,11:25:30,4909,16150,26601,1184958420,0,0,0
ag2207,20220218,20220218,112532000,11:25:32,4909,16150,26601,1184958420,0,0,0
ag2207,20220218,20220218,112532500,11:25:33,4909,16150,26601,1184958420,0,0,0
ag2207,20220218,20220218,112534000,11:25:34,4909,16150,26601,1184958420,0,0,0
ag2207,20220218,20220218,112534500,11:25:35,4909,16150,26601,1184958420,0,0,0
ag2207,20220218,20220218,112537000,11:25:38,4909,16150,26601,1184958420,0,0,0
ag2207,20220218,20220218,112537500,11:25:38,4909,16150,26601,1184958420,0,0,0
ag2207,20220218,20220218,112539000,11:25:39,4909,16150,26601,1184958420,0,0,0
ag2207,20220218,20220218,112539500,11:25:40,4909,16150,26601,1184958420,0,0,0
ag2207,20220218,20220218,112540500,11:25:41,4909,16150,26601,1184958420,0,0,0
ag2207,20220218,20220218,112541500,11:25:41,4909,16150,26601,1184958420,0,0,0
ag2207,20220218,20220218,112542000,11:25:42,4909,16152,26601,1185105690,2,0,147270
ag2207,20220218,20220218,112542500,11:25:43,4909,16152,26601,1185105690,0,0,0
ag2207,20220218,20220218,112543000,11:25:43,4909,16152,26601,1185105690,0,0,0
ag2207,20220218,20220218,112543500,11:25:43,4909,16152,26601,1185105690,0,0,0
ag2207,20220218,20220218,112544000,11:25:44,4909,16152,26601,1185105690,0,0,0
ag2207,20220218,20220218,112544500,11:25:44,4909,16152,26601,1185105690,0,0,0
ag2207,20220218,20220218,112545500,11:25:46,4909,16154,26601,1185252960,2,0,147270
ag2207,20220218,20220218,112546000,11:25:47,4909,16154,26601,1185252960,0,0,0
ag2207,20220218,20220218,112546500,11:25:48,4909,16154,26601,1185252960,0,0,0
ag2207,20220218,20220218,112547000,11:25:48,4909,16154,26601,1185252960,0,0,0
ag2207,20220218,20220218,112547500,11:25:48,4909,16154,26601,1185252960,0,0,0
ag2207,20220218,20220218,112548500,11:25:48,4909,16154,26601,1185252960,0,0,0
ag2207,20220218,20220218,112549000,11:25:49,4909,16154,26601,1185252960,0,0,0
ag2207,20220218,20220218,112549500,11:25:49,4909,16154,26601,1185252960,0,0,0
ag2207,20220218,20220218,112550000,11:25:50,4909,16156,26601,1185400230,2,0,147270
ag2207,20220218,20220218,112550500,11:25:51,4909,16156,26601,1185400230,0,0,0
ag2207,20220218,20220218,112551000,11:25:51,4909,16156,26601,1185400230,0,0,0
ag2207,20220218,20220218,112552000,11:25:52,4909,16156,26601,1185400230,0,0,0
ag2207,20220218,20220218,112552500,11:25:52,4909,16156,26601,1185400230,0,0,0
ag2207,20220218,20220218,112553000,11:25:53,4909,16156,26601,1185400230,0,0,0
ag2207,20220218,20220218,112553500,11:25:54,4909,16156,26601,1185400230,0,0,0
ag2207,20220218,20220218,112554500,11:25:55,4909,16156,26601,1185400230,0,0,0
ag2207,20220218,20220218,112555000,11:25:55,4909,16156,26601,1185400230,0,0,0
ag2207,20220218,20220218,112555500,11:25:56,4909,16156,26601,1185400230,0,0,0
ag2207,20220218,20220218,112556000,11:25:57,4909,16156,26601,1185400230,0,0,0
ag2207,20220218,20220218,112556500,11:25:57,4909,16156,26601,1185400230,0,0,0
ag2207,20220218,20220218,112557000,11:25:57,4909,16156,26601,1185400230,0,0,0
ag2207,20220218,20220218,112557500,11:25:57,4909,16156,26601,1185400230,0,0,0
ag2207,20220218,20220218,112558000,11:25:59,4909,16156,26601,1185400230,0,0,0
ag2207,20220218,20220218,112558500,11:25:59,4909,16156,26601,1185400230,0,0,0
ag2207,20220218,20220218,112559000,11:26:00,4909,16156,26601,1185400230,0,0,0
ag2207,20220218,20220218,112559500,11:26:00,4909,16156,26601,1185400230,0,0,0
ag2207,20220218,20220218,112600000,11:26:00,4909,16156,26601,1185400230,0,0,0
ag2207,20220218,20220218,112600500,11:26:01,4909,16156,26601,1185400230,0,0,0
ag2207,20220218,20220218,112602000,11:26:03,4909,16156,26601,1185400230,0,0,0
ag2207,20220218,20220218,112602500,11:26:03,4909,16156,26601,1185400230,0,0,0
ag2207,20220218,20220218,112603500,11:26:04,4909,16156,26601,1185400230,0,0,0
ag2207,20220218,20220218,112604500,11:26:05,4909,16156,26601,1185400230,0,0,0
ag2207,20220218,20220218,112605000,11:26:05,4909,16156,26601,1185400230,0,0,0
ag2207,20220218,20220218,112605500,11:26:06,4909,16156,26601,1185400230,0,0,0
ag2207,20220218,20220218,112606500,11:26:09,4909,16156,26601,1185400230,0,0,0
ag2207,20220218,20220218,112607000,11:26:09,4909,16156,26601,1185400230,0,0,0
ag2207,20220218,20220218,112608500,11:26:10,4909,16156,26601,1185400230,0,0,0
ag2207,20220218,20220218,112609500,11:26:10,4909,16156,26601,1185400230,0,0,0
ag2207,20220218,20220218,112610000,11:26:10,4909,16156,26601,1185400230,0,0,0
ag2207,20220218,20220218,112610500,11:26:11,4909,16156,26601,1185400230,0,0,0
ag2207,20220218,20220218,112613000,11:26:15,4909,16156,26601,1185400230,0,0,0
ag2207,20220218,20220218,112613500,11:26:15,4909,16156,26601,1185400230,0,0,0
ag2207,20220218,20220218,112615500,11:26:16,4909,16156,26601,1185400230,0,0,0
ag2207,20220218,20220218,112616500,11:26:17,4909,16156,26601,1185400230,0,0,0
ag2207,20220218,20220218,112617000,11:26:17,4909,16158,26601,1185547500,2,0,147270
ag2207,20220218,20220218,112617500,11:26:17,4909,16158,26601,1185547500,0,0,0
ag2207,20220218,20220218,112618500,11:26:19,4909,16158,26601,1185547500,0,0,0
ag2207,20220218,20220218,112619000,11:26:19,4909,16158,26601,1185547500,0,0,0
ag2207,20220218,20220218,112619500,11:26:20,4909,16158,26601,1185547500,0,0,0
ag2207,20220218,20220218,112620000,11:26:20,4909,16158,26601,1185547500,0,0,0
ag2207,20220218,20220218,112620500,11:26:20,4909,16158,26601,1185547500,0,0,0
ag2207,20220218,20220218,112622500,11:26:22,4909,16158,26601,1185547500,0,0,0
ag2207,20220218,20220218,112623000,11:26:23,4909,16158,26601,1185547500,0,0,0
ag2207,20220218,20220218,112623500,11:26:23,4909,16158,26601,1185547500,0,0,0
ag2207,20220218,20220218,112624000,11:26:24,4909,16158,26601,1185547500,0,0,0
ag2207,20220218,20220218,112625000,11:26:25,4909,16158,26601,1185547500,0,0,0
ag2207,20220218,20220218,112625500,11:26:26,4909,16158,26601,1185547500,0,0,0
ag2207,20220218,20220218,112626500,11:26:26,4909,16158,26601,1185547500,0,0,0
ag2207,20220218,20220218,112627500,11:26:27,4909,16158,26601,1185547500,0,0,0
ag2207,20220218,20220218,112628000,11:26:28,4909,16158,26601,1185547500,0,0,0
ag2207,20220218,20220218,112628500,11:26:28,4909,16158,26601,1185547500,0,0,0
ag2207,20220218,20220218,112630000,11:26:31,4909,16158,26601,1185547500,0,0,0
ag2207,20220218,20220218,112630500,11:26:31,4909,16158,26601,1185547500,0,0,0
ag2207,20220218,20220218,112632000,11:26:32,4909,16158,26601,1185547500,0,0,0
ag2207,20220218,20220218,112632500,11:26:32,4909,16158,26601,1185547500,0,0,0
ag2207,20220218,20220218,112634000,11:26:37,4909,16158,26601,1185547500,0,0,0
ag2207,20220218,20220218,112635000,11:26:37,4909,16158,26601,1185547500,0,0,0
ag2207,20220218,20220218,112635500,11:26:38,4909,16158,26601,1185547500,0,0,0
ag2207,20220218,20220218,112638000,11:27:10,4909,16158,26601,1185547500,0,0,0
ag2207,20220218,20220218,112653500,11:27:10,4909,16158,26601,1185547500,0,0,0
ag2207,20220218,20220218,112710000,11:27:12,4909,16158,26601,1185547500,0,0,0
ag2207,20220218,20220218,112712000,11:27:12,4909,16158,26601,1185547500,0,0,0
ag2207,20220218,20220218,112712500,11:27:13,4909,16158,26601,1185547500,0,0,0
ag2207,20220218,20220218,112713000,11:27:14,4909,16158,26601,1185547500,0,0,0
ag2207,20220218,20220218,112714500,11:27:15,4909,16158,26601,1185547500,0,0,0
ag2207,20220218,20220218,112716000,11:27:17,4909,16158,26601,1185547500,0,0,0
ag2207,20220218,20220218,112716500,11:27:17,4909,16158,26601,1185547500,0,0,0
ag2207,20220218,20220218,112719000,11:27:19,4909,16158,26601,1185547500,0,0,0
ag2207,20220218,20220218,112719500,11:27:20,4909,16158,26601,1185547500,0,0,0
ag2207,20220218,20220218,112721000,11:27:21,4909,16158,26601,1185547500,0,0,0
ag2207,20220218,20220218,112721500,11:27:22,4909,16158,26601,1185547500,0,0,0
ag2207,20220218,20220218,112722500,11:27:22,4909,16158,26601,1185547500,0,0,0
ag2207,20220218,20220218,112723000,11:27:26,4909,16158,26601,1185547500,0,0,0
ag2207,20220218,20220218,112723500,11:27:27,4909,16158,26601,1185547500,0,0,0
ag2207,20220218,20220218,112724000,11:27:27,4909,16158,26601,1185547500,0,0,0
ag2207,20220218,20220218,112726500,11:27:27,4909,16158,26601,1185547500,0,0,0
ag2207,20220218,20220218,112728500,11:27:28,4909,16158,26601,1185547500,0,0,0
ag2207,20220218,20220218,112729000,11:27:29,4909,16158,26601,1185547500,0,0,0
ag2207,20220218,20220218,112729500,11:27:30,4909,16158,26601,1185547500,0,0,0
ag2207,20220218,20220218,112731000,11:27:33,4909,16158,26601,1185547500,0,0,0
ag2207,20220218,20220218,112731500,11:27:35,4909,16158,26601,1185547500,0,0,0
ag2207,20220218,20220218,112734500,11:27:36,4909,16158,26601,1185547500,0,0,0
ag2207,20220218,20220218,112737500,11:27:38,4908,16159,26600,1185621120,1,-1,73620
ag2207,20220218,20220218,112738000,11:27:39,4908,16159,26600,1185621120,0,0,0
ag2207,20220218,20220218,112738500,11:27:39,4908,16159,26600,1185621120,0,0,0
ag2207,20220218,20220218,112739000,11:27:39,4908,16159,26600,1185621120,0,0,0
ag2207,20220218,20220218,112740500,11:27:40,4908,16159,26600,1185621120,0,0,0
ag2207,20220218,20220218,112741000,11:27:41,4908,16159,26600,1185621120,0,0,0
ag2207,20220218,20220218,112741500,11:27:42,4908,16159,26600,1185621120,0,0,0
ag2207,20220218,20220218,112742500,11:27:43,4908,16159,26600,1185621120,0,0,0
ag2207,20220218,20220218,112743000,11:27:43,4908,16159,26600,1185621120,0,0,0
ag2207,20220218,20220218,112743500,11:27:43,4908,16159,26600,1185621120,0,0,0
ag2207,20220218,20220218,112746000,11:27:46,4908,16159,26600,1185621120,0,0,0
ag2207,20220218,20220218,112746500,11:27:47,4908,16159,26600,1185621120,0,0,0
ag2207,20220218,20220218,112748500,11:27:54,4908,16159,26600,1185621120,0,0,0
ag2207,20220218,20220218,112754000,11:27:54,4908,16159,26600,1185621120,0,0,0
ag2207,20220218,20220218,112754500,11:27:55,4908,16159,26600,1185621120,0,0,0
ag2207,20220218,20220218,112757000,11:27:57,4908,16159,26600,1185621120,0,0,0
ag2207,20220218,20220218,112757500,11:27:57,4908,16159,26600,1185621120,0,0,0
ag2207,20220218,20220218,112758500,11:27:59,4908,16159,26600,1185621120,0,0,0
ag2207,20220218,20220218,112759500,11:27:59,4908,16159,26600,1185621120,0,0,0
ag2207,20220218,20220218,112800000,11:28:00,4908,16159,26600,1185621120,0,0,0
ag2207,20220218,20220218,112800500,11:28:01,4908,16159,26600,1185621120,0,0,0
ag2207,20220218,20220218,112801000,11:28:01,4908,16159,26600,1185621120,0,0,0
ag2207,20220218,20220218,112801500,11:28:02,4908,16159,26600,1185621120,0,0,0
ag2207,20220218,20220218,112802000,11:28:03,4908,16163,26601,1185915600,4,1,294480
ag2207,20220218,20220218,112802500,11:28:03,4908,16163,26601,1185915600,0,0,0
ag2207,20220218,20220218,112803000,11:28:04,4908,16163,26601,1185915600,0,0,0
ag2207,20220218,20220218,112803500,11:28:04,4908,16163,26601,1185915600,0,0,0
ag2207,20220218,20220218,112804000,11:28:05,4908,16163,26601,1185915600,0,0,0
ag2207,20220218,20220218,112805000,11:28:06,4908,16163,26601,1185915600,0,0,0
ag2207,20220218,20220218,112806000,11:28:10,4908,16163,26601,1185915600,0,0,0
ag2207,20220218,20220218,112810000,11:28:11,4908,16163,26601,1185915600,0,0,0
ag2207,20220218,20220218,112810500,11:28:12,4908,16163,26601,1185915600,0,0,0
ag2207,20220218,20220218,112811000,11:28:12,4908,16163,26601,1185915600,0,0,0
ag2207,20220218,20220218,112812000,11:28:13,4908,16163,26601,1185915600,0,0,0
ag2207,20220218,20220218,112813500,11:28:14,4908,16163,26601,1185915600,0,0,0
ag2207,20220218,20220218,112814000,11:28:14,4908,16163,26601,1185915600,0,0,0
ag2207,20220218,20220218,112815000,11:28:15,4908,16163,26601,1185915600,0,0,0
ag2207,20220218,20220218,112815500,11:28:15,4908,16163,26601,1185915600,0,0,0
ag2207,20220218,20220218,112817000,11:28:17,4908,16163,26601,1185915600,0,0,0
ag2207,20220218,20220218,112817500,11:28:17,4908,16163,26601,1185915600,0,0,0
ag2207,20220218,20220218,112818000,11:28:18,4908,16163,26601,1185915600,0,0,0
ag2207,20220218,20220218,112818500,11:28:18,4908,16163,26601,1185915600,0,0,0
ag2207,20220218,20220218,112820500,11:28:20,4908,16163,26601,1185915600,0,0,0
ag2207,20220218,20220218,112821500,11:28:22,4908,16163,26601,1185915600,0,0,0
ag2207,20220218,20220218,112822000,11:28:22,4908,16163,26601,1185915600,0,0,0
ag2207,20220218,20220218,112822500,11:28:22,4908,16163,26601,1185915600,0,0,0
ag2207,20220218,20220218,112823000,11:28:23,4908,16163,26601,1185915600,0,0,0
ag2207,20220218,20220218,112823500,11:28:23,4908,16163,26601,1185915600,0,0,0
ag2207,20220218,20220218,112824000,11:28:24,4908,16163,26601,1185915600,0,0,0
ag2207,20220218,20220218,112825500,11:28:25,4908,16165,26601,1186062840,2,0,147240
ag2207,20220218,20220218,112826000,11:28:26,4908,16165,26601,1186062840,0,0,0
ag2207,20220218,20220218,112828000,11:28:28,4908,16165,26601,1186062840,0,0,0
ag2207,20220218,20220218,112828500,11:28:28,4908,16165,26601,1186062840,0,0,0
ag2207,20220218,20220218,112833500,11:28:34,4908,16165,26601,1186062840,0,0,0
ag2207,20220218,20220218,112834000,11:28:34,4908,16165,26601,1186062840,0,0,0
ag2207,20220218,20220218,112834500,11:28:34,4908,16165,26601,1186062840,0,0,0
ag2207,20220218,20220218,112835000,11:28:35,4908,16165,26601,1186062840,0,0,0
ag2207,20220218,20220218,112835500,11:28:37,4908,16165,26601,1186062840,0,0,0
ag2207,20220218,20220218,112836000,11:28:37,4908,16165,26601,1186062840,0,0,0
ag2207,20220218,20220218,112838000,11:28:38,4908,16165,26601,1186062840,0,0,0
ag2207,20220218,20220218,112838500,11:28:38,4908,16165,26601,1186062840,0,0,0
ag2207,20220218,20220218,112840000,11:28:40,4908,16165,26601,1186062840,0,0,0
ag2207,20220218,20220218,112844500,11:28:45,4908,16165,26601,1186062840,0,0,0
ag2207,20220218,20220218,112845000,11:28:45,4908,16165,26601,1186062840,0,0,0
ag2207,20220218,20220218,112848000,11:28:48,4908,16165,26601,1186062840,0,0,0
ag2207,20220218,20220218,112849000,11:28:49,4908,16165,26601,1186062840,0,0,0
ag2207,20220218,20220218,112849500,11:28:50,4908,16165,26601,1186062840,0,0,0
ag2207,20220218,20220218,112850000,11:28:50,4908,16165,26601,1186062840,0,0,0
ag2207,20220218,20220218,112850500,11:28:51,4908,16165,26601,1186062840,0,0,0
ag2207,20220218,20220218,112852000,11:28:53,4908,16165,26601,1186062840,0,0,0
ag2207,20220218,20220218,112854000,11:28:54,4908,16165,26601,1186062840,0,0,0
ag2207,20220218,20220218,112854500,11:28:54,4908,16167,26599,1186210080,2,-2,147240
ag2207,20220218,20220218,112855000,11:28:55,4908,16167,26599,1186210080,0,0,0
ag2207,20220218,20220218,112855500,11:28:56,4908,16167,26599,1186210080,0,0,0
ag2207,20220218,20220218,112856000,11:28:56,4908,16167,26599,1186210080,0,0,0
ag2207,20220218,20220218,112856500,11:28:56,4908,16169,26600,1186357320,2,1,147240
ag2207,20220218,20220218,112857000,11:28:57,4908,16169,26600,1186357320,0,0,0
ag2207,20220218,20220218,112859500,11:29:00,4908,16169,26600,1186357320,0,0,0
ag2207,20220218,20220218,112900000,11:29:00,4908,16169,26600,1186357320,0,0,0
ag2207,20220218,20220218,112900500,11:29:01,4908,16170,26599,1186430940,1,-1,73620
ag2207,20220218,20220218,112901000,11:29:01,4908,16170,26599,1186430940,0,0,0
ag2207,20220218,20220218,112901500,11:29:02,4908,16170,26599,1186430940,0,0,0
ag2207,20220218,20220218,112902000,11:29:03,4908,16170,26599,1186430940,0,0,0
ag2207,20220218,20220218,112902500,11:29:03,4908,16170,26599,1186430940,0,0,0
ag2207,20220218,20220218,112903500,11:29:04,4908,16170,26599,1186430940,0,0,0
ag2207,20220218,20220218,112904000,11:29:04,4908,16170,26599,1186430940,0,0,0
ag2207,20220218,20220218,112906500,11:29:06,4908,16170,26599,1186430940,0,0,0
ag2207,20220218,20220218,112907000,11:29:08,4908,16170,26599,1186430940,0,0,0
ag2207,20220218,20220218,112909000,11:29:09,4908,16170,26599,1186430940,0,0,0
ag2207,20220218,20220218,112910500,11:29:10,4908,16170,26599,1186430940,0,0,0
ag2207,20220218,20220218,112911500,11:29:12,4908,16170,26599,1186430940,0,0,0
ag2207,20220218,20220218,112916500,11:29:18,4908,16170,26599,1186430940,0,0,0
ag2207,20220218,20220218,112917000,11:29:20,4908,16172,26597,1186578180,2,-2,147240
ag2207,20220218,20220218,112917500,11:29:21,4908,16172,26597,1186578180,0,0,0
ag2207,20220218,20220218,112918000,11:29:21,4908,16172,26597,1186578180,0,0,0
ag2207,20220218,20220218,112919500,11:29:21,4908,16172,26597,1186578180,0,0,0
ag2207,20220218,20220218,112921500,11:29:24,4908,16172,26597,1186578180,0,0,0
ag2207,20220218,20220218,112922000,11:29:24,4908,16172,26597,1186578180,0,0,0
ag2207,20220218,20220218,112922500,11:29:24,4908,16172,26597,1186578180,0,0,0
ag2207,20220218,20220218,112923500,11:29:24,4908,16172,26597,1186578180,0,0,0
ag2207,20220218,20220218,112930500,11:29:31,4908,16172,26597,1186578180,0,0,0
ag2207,20220218,20220218,112931000,11:29:32,4908,16172,26597,1186578180,0,0,0
ag2207,20220218,20220218,112931500,11:29:32,4908,16172,26597,1186578180,0,0,0
ag2207,20220218,20220218,112932000,11:29:36,4908,16172,26597,1186578180,0,0,0
ag2207,20220218,20220218,112933000,11:29:37,4908,16172,26597,1186578180,0,0,0
ag2207,20220218,20220218,112933500,11:29:38,4908,16172,26597,1186578180,0,0,0
ag2207,20220218,20220218,112935000,11:29:38,4908,16172,26597,1186578180,0,0,0
ag2207,20220218,20220218,112939500,11:29:40,4908,16172,26597,1186578180,0,0,0
ag2207,20220218,20220218,112940000,11:29:40,4909,16173,26596,1186651815,1,-1,73635
ag2207,20220218,20220218,112940500,11:29:40,4909,16173,26596,1186651815,0,0,0
ag2207,20220218,20220218,112941000,11:29:41,4909,16173,26596,1186651815,0,0,0
ag2207,20220218,20220218,112941500,11:29:42,4909,16173,26596,1186651815,0,0,0
ag2207,20220218,20220218,112942000,11:29:44,4909,16173,26596,1186651815,0,0,0
ag2207,20220218,20220218,112945000,11:29:46,4909,16173,26596,1186651815,0,0,0
ag2207,20220218,20220218,112946000,11:29:47,4909,16173,26596,1186651815,0,0,0
ag2207,20220218,20220218,112950000,11:29:51,4909,16173,26596,1186651815,0,0,0
ag2207,20220218,20220218,112950500,11:29:51,4909,16173,26596,1186651815,0,0,0
ag2207,20220218,20220218,112951500,11:29:52,4909,16173,26596,1186651815,0,0,0
ag2207,20220218,20220218,112952000,11:29:53,4909,16173,26596,1186651815,0,0,0
ag2207,20220218,20220218,112952500,11:29:53,4909,16173,26596,1186651815,0,0,0
ag2207,20220218,20220218,112953500,11:29:54,4909,16173,26596,1186651815,0,0,0
ag2207,20220218,20220218,112954500,11:29:54,4909,16173,26596,1186651815,0,0,0
ag2207,20220218,20220218,112955000,11:29:55,4909,16173,26596,1186651815,0,0,0
ag2207,20220218,20220218,112955500,11:29:56,4909,16173,26596,1186651815,0,0,0
ag2207,20220218,20220218,112956000,11:30:00,4909,16173,26596,1186651815,0,0,0
ag2207,20220218,20220218,112956500,11:30:00,4909,16173,26596,1186651815,0,0,0
ag2207,20220218,20220218,112957000,11:30:02,4909,16173,26596,1186651815,0,0,0
ag2207,20220218,20220218,112957500,11:30:02,4909,16173,26596,1186651815,0,0,0
ag2207,20220218,20220218,112959500,11:30:02,4909,16173,26596,1186651815,0,0,0
ag2207,20220218,20220218,113000000,11:30:03,4909,16173,26596,1186651815,0,0,0
ag2207,20220218,20220218,113001500,11:30:03,4909,16173,26596,1186651815,0,0,0
ag2207,20220218,20220218,133002000,13:30:08,4903,16220,26599,1190108880,47,3,3457065
ag2207,20220218,20220218,133002500,13:30:10,4898,16296,26641,1195695450,76,42,5586570
ag2207,20220218,20220218,133008000,13:30:10,4899,16383,26659,1202088300,87,18,6392850
ag2207,20220218,20220218,133009500,13:30:10,4897,16388,26660,1202455710,5,1,367410
ag2207,20220218,20220218,133010000,13:30:11,4897,16388,26660,1202455710,0,0,0
ag2207,20220218,20220218,133010500,13:30:12,4897,16388,26660,1202455710,0,0,0
ag2207,20220218,20220218,133011000,13:30:13,4899,16400,26658,1203337530,12,-2,881820
ag2207,20220218,20220218,133011500,13:30:13,4899,16403,26658,1203557985,3,0,220455
ag2207,20220218,20220218,133012500,13:30:13,4899,16405,26656,1203704955,2,-2,146970
ag2207,20220218,20220218,133013000,13:30:14,4899,16405,26656,1203704955,0,0,0
ag2207,20220218,20220218,133013500,13:30:14,4899,16405,26656,1203704955,0,0,0
ag2207,20220218,20220218,133014000,13:30:16,4900,16408,26653,1203925425,3,-3,220470
ag2207,20220218,20220218,133014500,13:30:16,4900,16408,26653,1203925425,0,0,0
ag2207,20220218,20220218,133015000,13:30:18,4900,16408,26653,1203925425,0,0,0
ag2207,20220218,20220218,133016500,13:30:18,4899,16412,26649,1204219365,4,-4,293940
ag2207,20220218,20220218,133017000,13:30:18,4899,16412,26649,1204219365,0,0,0
ag2207,20220218,20220218,133018000,13:30:19,4899,16412,26649,1204219365,0,0,0
ag2207,20220218,20220218,133019000,13:30:20,4899,16412,26649,1204219365,0,0,0
ag2207,20220218,20220218,133019500,13:30:21,4899,16416,26653,1204513305,4,4,293940
ag2207,20220218,20220218,133020000,13:30:21,4899,16416,26653,1204513305,0,0,0
ag2207,20220218,20220218,133020500,13:30:21,4899,16416,26653,1204513305,0,0,0
ag2207,20220218,20220218,133021000,13:30:21,4900,16419,26650,1204733805,3,-3,220500
ag2207,20220218,20220218,133021500,13:30:22,4900,16419,26650,1204733805,0,0,0
ag2207,20220218,20220218,133022000,13:30:38,4900,16419,26650,1204733805,0,0,0
ag2207,20220218,20220218,133038000,13:30:40,4900,16419,26650,1204733805,0,0,0
ag2207,20220218,20220218,133038500,13:30:42,4900,16419,26650,1204733805,0,0,0
ag2207,20220218,20220218,133040500,13:30:42,4900,16460,26639,1207747020,41,-11,3013215
ag2207,20220218,20220218,133041000,13:30:43,4901,16462,26639,1207894050,2,0,147030
ag2207,20220218,20220218,133042000,13:30:44,4901,16462,26639,1207894050,0,0,0
ag2207,20220218,20220218,133042500,13:30:44,4901,16462,26639,1207894050,0,0,0
ag2207,20220218,20220218,133043000,13:30:44,4901,16462,26639,1207894050,0,0,0
ag2207,20220218,20220218,133044500,13:30:46,4901,16462,26639,1207894050,0,0,0
ag2207,20220218,20220218,133045000,13:30:46,4901,16462,26639,1207894050,0,0,0
ag2207,20220218,20220218,133045500,13:30:46,4901,16462,26639,1207894050,0,0,0
ag2207,20220218,20220218,133046000,13:30:47,4901,16462,26639,1207894050,0,0,0
ag2207,20220218,20220218,133046500,13:30:47,4901,16462,26639,1207894050,0,0,0
ag2207,20220218,20220218,133047000,13:30:48,4900,16464,26639,1208041050,2,0,147000
ag2207,20220218,20220218,133047500,13:30:48,4900,16464,26639,1208041050,0,0,0
ag2207,20220218,20220218,133048000,13:30:49,4900,16464,26639,1208041050,0,0,0
ag2207,20220218,20220218,133052000,13:30:53,4900,16464,26639,1208041050,0,0,0
ag2207,20220218,20220218,133052500,13:30:54,4900,16464,26639,1208041050,0,0,0
ag2207,20220218,20220218,133053500,13:30:54,4900,16464,26639,1208041050,0,0,0
ag2207,20220218,20220218,133054000,13:30:55,4900,16464,26639,1208041050,0,0,0
ag2207,20220218,20220218,133054500,13:30:55,4900,16464,26639,1208041050,0,0,0
ag2207,20220218,20220218,133055000,13:30:56,4900,16464,26639,1208041050,0,0,0
ag2207,20220218,20220218,133055500,13:30:56,4900,16464,26639,1208041050,0,0,0
ag2207,20220218,20220218,133056000,13:30:57,4900,16464,26639,1208041050,0,0,0
ag2207,20220218,20220218,133058000,13:30:58,4900,16464,26639,1208041050,0,0,0
ag2207,20220218,20220218,133058500,13:30:59,4900,16464,26639,1208041050,0,0,0
ag2207,20220218,20220218,133059000,13:30:59,4900,16466,26639,1208188050,2,0,147000
ag2207,20220218,20220218,133059500,13:31:00,4900,16466,26639,1208188050,0,0,0
ag2207,20220218,20220218,133100000,13:31:00,4900,16466,26639,1208188050,0,0,0
ag2207,20220218,20220218,133100500,13:31:01,4900,16466,26639,1208188050,0,0,0
ag2207,20220218,20220218,133101000,13:31:01,4901,16468,26640,1208335080,2,1,147030
ag2207,20220218,20220218,133101500,13:31:01,4901,16468,26640,1208335080,0,0,0
ag2207,20220218,20220218,133102000,13:31:02,4901,16468,26640,1208335080,0,0,0
ag2207,20220218,20220218,133102500,13:31:03,4901,16469,26640,1208408595,1,0,73515
ag2207,20220218,20220218,133103000,13:31:03,4901,16469,26640,1208408595,0,0,0
ag2207,20220218,20220218,133103500,13:31:05,4901,16469,26640,1208408595,0,0,0
ag2207,20220218,20220218,133104000,13:31:06,4901,16469,26640,1208408595,0,0,0
ag2207,20220218,20220218,133104500,13:31:07,4901,16469,26640,1208408595,0,0,0
ag2207,20220218,20220218,133105500,13:31:07,4901,16471,26638,1208555625,2,-2,147030
ag2207,20220218,20220218,133107000,13:31:08,4901,16471,26638,1208555625,0,0,0
ag2207,20220218,20220218,133107500,13:31:09,4901,16471,26638,1208555625,0,0,0
ag2207,20220218,20220218,133110500,13:31:11,4901,16471,26638,1208555625,0,0,0
ag2207,20220218,20220218,133111000,13:31:11,4901,16471,26638,1208555625,0,0,0
ag2207,20220218,20220218,133111500,13:31:12,4901,16471,26638,1208555625,0,0,0
ag2207,20220218,20220218,133112500,13:31:13,4901,16471,26638,1208555625,0,0,0
ag2207,20220218,20220218,133113000,13:31:13,4901,16471,26638,1208555625,0,0,0
ag2207,20220218,20220218,133114500,13:31:15,4901,16471,26638,1208555625,0,0,0
ag2207,20220218,20220218,133116000,13:31:16,4902,16478,26640,1209070335,7,2,514710
ag2207,20220218,20220218,133116500,13:31:17,4902,16483,26645,1209437985,5,5,367650
ag2207,20220218,20220218,133117000,13:31:18,4902,16483,26645,1209437985,0,0,0
ag2207,20220218,20220218,133117500,13:31:18,4902,16483,26645,1209437985,0,0,0
ag2207,20220218,20220218,133118500,13:31:19,4902,16483,26645,1209437985,0,0,0
ag2207,20220218,20220218,133119000,13:31:19,4902,16483,26645,1209437985,0,0,0
ag2207,20220218,20220218,133119500,13:31:20,4902,16483,26645,1209437985,0,0,0
ag2207,20220218,20220218,133120000,13:31:20,4902,16487,26645,1209732105,4,0,294120
ag2207,20220218,20220218,133120500,13:31:21,4902,16487,26645,1209732105,0,0,0
ag2207,20220218,20220218,133121000,13:31:21,4902,16487,26645,1209732105,0,0,0
ag2207,20220218,20220218,133121500,13:31:22,4902,16487,26645,1209732105,0,0,0
ag2207,20220218,20220218,133122000,13:31:23,4902,16487,26645,1209732105,0,0,0
ag2207,20220218,20220218,133123500,13:31:25,4902,16487,26645,1209732105,0,0,0
ag2207,20220218,20220218,133136000,13:31:36,4902,16487,26645,1209732105,0,0,0
ag2207,20220218,20220218,133158500,13:31:58,4902,16487,26645,1209732105,0,0,0
ag2207,20220218,20220218,133159000,13:31:59,4902,16490,26642,1209952695,3,-3,220590
ag2207,20220218,20220218,133159500,13:32:00,4902,16490,26642,1209952695,0,0,0
ag2207,20220218,20220218,133200000,13:32:01,4902,16490,26642,1209952695,0,0,0
ag2207,20220218,20220218,133200500,13:32:01,4902,16490,26642,1209952695,0,0,0
ag2207,20220218,20220218,133202000,13:32:03,4902,16490,26642,1209952695,0,0,0
ag2207,20220218,20220218,133202500,13:32:04,4902,16490,26642,1209952695,0,0,0
ag2207,20220218,20220218,133203000,13:32:05,4902,16490,26642,1209952695,0,0,0
ag2207,20220218,20220218,133205000,13:32:06,4902,16490,26642,1209952695,0,0,0
ag2207,20220218,20220218,133205500,13:32:06,4902,16490,26642,1209952695,0,0,0
ag2207,20220218,20220218,133206000,13:32:07,4902,16490,26642,1209952695,0,0,0
ag2207,20220218,20220218,133206500,13:32:07,4902,16490,26642,1209952695,0,0,0
ag2207,20220218,20220218,133207000,13:32:07,4902,16490,26642,1209952695,0,0,0
ag2207,20220218,20220218,133207500,13:32:07,4902,16490,26642,1209952695,0,0,0
ag2207,20220218,20220218,133208000,13:32:09,4902,16490,26642,1209952695,0,0,0
ag2207,20220218,20220218,133208500,13:32:10,4902,16490,26642,1209952695,0,0,0
ag2207,20220218,20220218,133209000,13:32:10,4902,16490,26642,1209952695,0,0,0
ag2207,20220218,20220218,133209500,13:32:10,4902,16490,26642,1209952695,0,0,0
ag2207,20220218,20220218,133210000,13:32:12,4902,16490,26642,1209952695,0,0,0
ag2207,20220218,20220218,133211000,13:32:14,4902,16490,26642,1209952695,0,0,0
ag2207,20220218,20220218,133213000,13:32:15,4902,16490,26642,1209952695,0,0,0
ag2207,20220218,20220218,133215000,13:32:16,4902,16490,26642,1209952695,0,0,0
ag2207,20220218,20220218,133215500,13:32:17,4902,16490,26642,1209952695,0,0,0
ag2207,20220218,20220218,133216500,13:32:17,4902,16490,26642,1209952695,0,0,0
ag2207,20220218,20220218,133217000,13:32:17,4902,16490,26642,1209952695,0,0,0
ag2207,20220218,20220218,133217500,13:32:18,4902,16490,26642,1209952695,0,0,0
ag2207,20220218,20220218,133218000,13:32:18,4902,16490,26642,1209952695,0,0,0
ag2207,20220218,20220218,133220000,13:32:21,4902,16490,26642,1209952695,0,0,0
ag2207,20220218,20220218,133220500,13:32:21,4902,16490,26642,1209952695,0,0,0
ag2207,20220218,20220218,133222000,13:32:23,4902,16490,26642,1209952695,0,0,0
ag2207,20220218,20220218,133222500,13:32:24,4902,16490,26642,1209952695,0,0,0
ag2207,20220218,20220218,133223000,13:32:24,4902,16490,26642,1209952695,0,0,0
ag2207,20220218,20220218,133224000,13:32:24,4902,16490,26642,1209952695,0,0,0
ag2207,20220218,20220218,133224500,13:32:25,4902,16490,26642,1209952695,0,0,0
ag2207,20220218,20220218,133225000,13:32:25,4902,16490,26642,1209952695,0,0,0
ag2207,20220218,20220218,133226500,13:32:27,4902,16490,26642,1209952695,0,0,0
ag2207,20220218,20220218,133227500,13:32:31,4902,16490,26642,1209952695,0,0,0
ag2207,20220218,20220218,133228000,13:32:32,4902,16490,26642,1209952695,0,0,0
ag2207,20220218,20220218,133228500,13:32:33,4902,16490,26642,1209952695,0,0,0
ag2207,20220218,20220218,133232000,13:32:34,4902,16490,26642,1209952695,0,0,0
ag2207,20220218,20220218,133232500,13:32:35,4902,16490,26642,1209952695,0,0,0
ag2207,20220218,20220218,133234500,13:32:35,4902,16490,26642,1209952695,0,0,0
ag2207,20220218,20220218,133235000,13:32:36,4902,16490,26642,1209952695,0,0,0
ag2207,20220218,20220218,133235500,13:32:36,4902,16490,26642,1209952695,0,0,0
ag2207,20220218,20220218,133236000,13:32:37,4902,16490,26642,1209952695,0,0,0
ag2207,20220218,20220218,133236500,13:32:37,4902,16490,26642,1209952695,0,0,0
ag2207,20220218,20220218,133237000,13:32:37,4902,16490,26642,1209952695,0,0,0
ag2207,20220218,20220218,133237500,13:32:38,4902,16490,26642,1209952695,0,0,0
ag2207,20220218,20220218,133238000,13:32:38,4902,16490,26642,1209952695,0,0,0
ag2207,20220218,20220218,133238500,13:32:39,4902,16490,26642,1209952695,0,0,0
ag2207,20220218,20220218,133239000,13:32:39,4902,16490,26642,1209952695,0,0,0
ag2207,20220218,20220218,133239500,13:32:40,4902,16490,26642,1209952695,0,0,0
ag2207,20220218,20220218,133240000,13:32:40,4904,16505,26636,1211055690,15,-6,1102995
ag2207,20220218,20220218,133240500,13:32:41,4904,16508,26636,1211276370,3,0,220680
ag2207,20220218,20220218,133241000,13:32:41,4904,16508,26636,1211276370,0,0,0
ag2207,20220218,20220218,133241500,13:32:42,4904,16508,26636,1211276370,0,0,0
ag2207,20220218,20220218,133242000,13:32:42,4904,16512,26638,1211570610,4,2,294240
ag2207,20220218,20220218,133242500,13:32:42,4904,16513,26639,1211644170,1,1,73560
ag2207,20220218,20220218,133243000,13:32:43,4904,16513,26639,1211644170,0,0,0
ag2207,20220218,20220218,133243500,13:32:44,4904,16513,26639,1211644170,0,0,0
ag2207,20220218,20220218,133244000,13:32:44,4904,16513,26639,1211644170,0,0,0
ag2207,20220218,20220218,133244500,13:32:45,4904,16513,26639,1211644170,0,0,0
ag2207,20220218,20220218,133245000,13:32:45,4904,16513,26639,1211644170,0,0,0
ag2207,20220218,20220218,133245500,13:32:45,4904,16513,26639,1211644170,0,0,0
ag2207,20220218,20220218,133247000,13:32:47,4904,16513,26639,1211644170,0,0,0
ag2207,20220218,20220218,133248000,13:32:49,4904,16513,26639,1211644170,0,0,0
ag2207,20220218,20220218,133249000,13:32:49,4904,16513,26639,1211644170,0,0,0
ag2207,20220218,20220218,133249500,13:32:50,4904,16513,26639,1211644170,0,0,0
ag2207,20220218,20220218,133250000,13:32:50,4904,16513,26639,1211644170,0,0,0
ag2207,20220218,20220218,133250500,13:32:52,4904,16513,26639,1211644170,0,0,0
ag2207,20220218,20220218,133251000,13:32:52,4904,16513,26639,1211644170,0,0,0
ag2207,20220218,20220218,133251500,13:32:53,4904,16513,26639,1211644170,0,0,0
ag2207,20220218,20220218,133252500,13:32:53,4904,16514,26639,1211717730,1,0,73560
ag2207,20220218,20220218,133253000,13:32:53,4904,16514,26639,1211717730,0,0,0
ag2207,20220218,20220218,133253500,13:32:54,4904,16514,26639,1211717730,0,0,0
ag2207,20220218,20220218,133254000,13:32:54,4904,16514,26639,1211717730,0,0,0
ag2207,20220218,20220218,133254500,13:32:55,4904,16514,26639,1211717730,0,0,0
ag2207,20220218,20220218,133255000,13:32:55,4904,16514,26639,1211717730,0,0,0
ag2207,20220218,20220218,133255500,13:32:55,4904,16514,26639,1211717730,0,0,0
ag2207,20220218,20220218,133257500,13:33:00,4904,16516,26640,1211864850,2,1,147120
ag2207,20220218,20220218,133258000,13:33:00,4904,16516,26640,1211864850,0,0,0
ag2207,20220218,20220218,133259500,13:33:01,4904,16516,26640,1211864850,0,0,0
ag2207,20220218,20220218,133300000,13:33:01,4904,16516,26640,1211864850,0,0,0
ag2207,20220218,20220218,133300500,13:33:01,4904,16516,26640,1211864850,0,0,0
ag2207,20220218,20220218,133301000,13:33:02,4904,16516,26640,1211864850,0,0,0
ag2207,20220218,20220218,133301500,13:33:02,4904,16516,26640,1211864850,0,0,0
ag2207,20220218,20220218,133302000,13:33:03,4904,16516,26640,1211864850,0,0,0
ag2207,20220218,20220218,133303000,13:33:04,4904,16516,26640,1211864850,0,0,0
ag2207,20220218,20220218,133305000,13:33:05,4904,16516,26640,1211864850,0,0,0
ag2207,20220218,20220218,133305500,13:33:06,4904,16516,26640,1211864850,0,0,0
ag2207,20220218,20220218,133306000,13:33:06,4904,16518,26640,1212011970,2,0,147120
ag2207,20220218,20220218,133306500,13:33:06,4904,16518,26640,1212011970,0,0,0
ag2207,20220218,20220218,133307000,13:33:07,4904,16518,26640,1212011970,0,0,0
ag2207,20220218,20220218,133307500,13:33:08,4904,16518,26640,1212011970,0,0,0
ag2207,20220218,20220218,133308000,13:33:08,4904,16518,26640,1212011970,0,0,0
ag2207,20220218,20220218,133309000,13:33:10,4904,16518,26640,1212011970,0,0,0
ag2207,20220218,20220218,133309500,13:33:11,4904,16518,26640,1212011970,0,0,0
ag2207,20220218,20220218,133310000,13:33:11,4904,16518,26640,1212011970,0,0,0
ag2207,20220218,20220218,133311000,13:33:13,4904,16518,26640,1212011970,0,0,0
ag2207,20220218,20220218,133311500,13:33:14,4904,16518,26640,1212011970,0,0,0
ag2207,20220218,20220218,133313000,13:33:15,4904,16518,26640,1212011970,0,0,0
ag2207,20220218,20220218,133315500,13:33:18,4904,16518,26640,1212011970,0,0,0
ag2207,20220218,20220218,133318000,13:33:19,4904,16518,26640,1212011970,0,0,0
ag2207,20220218,20220218,133318500,13:33:19,4904,16518,26640,1212011970,0,0,0
ag2207,20220218,20220218,133321000,13:33:22,4904,16518,26640,1212011970,0,0,0
ag2207,20220218,20220218,133322000,13:33:22,4904,16518,26640,1212011970,0,0,0
ag2207,20220218,20220218,133323000,13:33:23,4904,16518,26640,1212011970,0,0,0
ag2207,20220218,20220218,133323500,13:33:24,4904,16518,26640,1212011970,0,0,0
ag2207,20220218,20220218,133324000,13:33:24,4904,16518,26640,1212011970,0,0,0
ag2207,20220218,20220218,133324500,13:33:25,4904,16518,26640,1212011970,0,0,0
ag2207,20220218,20220218,133325000,13:33:26,4904,16518,26640,1212011970,0,0,0
ag2207,20220218,20220218,133325500,13:33:27,4904,16518,26640,1212011970,0,0,0
ag2207,20220218,20220218,133326000,13:33:28,4904,16518,26640,1212011970,0,0,0
ag2207,20220218,20220218,133328500,13:33:30,4904,16518,26640,1212011970,0,0,0
ag2207,20220218,20220218,133329000,13:33:30,4904,16518,26640,1212011970,0,0,0
ag2207,20220218,20220218,133330000,13:33:30,4904,16518,26640,1212011970,0,0,0
ag2207,20220218,20220218,133330500,13:33:31,4904,16518,26640,1212011970,0,0,0
ag2207,20220218,20220218,133331000,13:33:32,4904,16518,26640,1212011970,0,0,0
ag2207,20220218,20220218,133331500,13:33:32,4904,16518,26640,1212011970,0,0,0
ag2207,20220218,20220218,133333500,13:33:33,4904,16518,26640,1212011970,0,0,0
ag2207,20220218,20220218,133334000,13:33:34,4904,16518,26640,1212011970,0,0,0
ag2207,20220218,20220218,133336500,13:33:36,4904,16518,26640,1212011970,0,0,0
ag2207,20220218,20220218,133338500,13:33:39,4904,16518,26640,1212011970,0,0,0
ag2207,20220218,20220218,133339000,13:33:39,4904,16518,26640,1212011970,0,0,0
ag2207,20220218,20220218,133339500,13:33:40,4904,16518,26640,1212011970,0,0,0
ag2207,20220218,20220218,133340000,13:33:40,4904,16518,26640,1212011970,0,0,0
ag2207,20220218,20220218,133340500,13:33:41,4904,16518,26640,1212011970,0,0,0
ag2207,20220218,20220218,133341000,13:33:41,4904,16518,26640,1212011970,0,0,0
ag2207,20220218,20220218,133341500,13:33:42,4904,16518,26640,1212011970,0,0,0
ag2207,20220218,20220218,133342000,13:33:42,4904,16518,26640,1212011970,0,0,0
ag2207,20220218,20220218,133342500,13:33:42,4903,16522,26639,1212306150,4,-1,294180
ag2207,20220218,20220218,133343000,13:33:43,4902,16523,26640,1212379680,1,1,73530
ag2207,20220218,20220218,133343500,13:33:44,4902,16523,26640,1212379680,0,0,0
ag2207,20220218,20220218,133344000,13:33:45,4902,16523,26640,1212379680,0,0,0
ag2207,20220218,20220218,133344500,13:33:45,4902,16523,26640,1212379680,0,0,0
ag2207,20220218,20220218,133345000,13:33:45,4902,16523,26640,1212379680,0,0,0
ag2207,20220218,20220218,133345500,13:33:47,4903,16525,26641,1212526755,2,1,147075
ag2207,20220218,20220218,133346000,13:33:47,4903,16527,26641,1212673845,2,0,147090
ag2207,20220218,20220218,133346500,13:33:48,4902,16528,26642,1212747375,1,1,73530
ag2207,20220218,20220218,133347000,13:33:48,4904,16529,26642,1212820935,1,0,73560
ag2207,20220218,20220218,133347500,13:33:49,4904,16529,26642,1212820935,0,0,0
ag2207,20220218,20220218,133348000,13:33:49,4904,16529,26642,1212820935,0,0,0
ag2207,20220218,20220218,133348500,13:33:50,4904,16529,26642,1212820935,0,0,0
ag2207,20220218,20220218,133349000,13:33:50,4904,16529,26642,1212820935,0,0,0
ag2207,20220218,20220218,133349500,13:33:50,4903,16530,26643,1212894480,1,1,73545
ag2207,20220218,20220218,133350000,13:33:50,4904,16531,26643,1212968040,1,0,73560
ag2207,20220218,20220218,133350500,13:33:50,4904,16531,26643,1212968040,0,0,0
ag2207,20220218,20220218,133351000,13:33:51,4903,16532,26644,1213041585,1,1,73545
ag2207,20220218,20220218,133351500,13:33:52,4904,16533,26645,1213115145,1,1,73560
ag2207,20220218,20220218,133352000,13:33:52,4904,16533,26645,1213115145,0,0,0
ag2207,20220218,20220218,133352500,13:33:52,4904,16533,26645,1213115145,0,0,0
ag2207,20220218,20220218,133353000,13:33:53,4904,16533,26645,1213115145,0,0,0
ag2207,20220218,20220218,133353500,13:33:53,4904,16533,26645,1213115145,0,0,0
ag2207,20220218,20220218,133354000,13:33:54,4904,16533,26645,1213115145,0,0,0
ag2207,20220218,20220218,133354500,13:33:55,4904,16533,26645,1213115145,0,0,0
ag2207,20220218,20220218,133355000,13:33:56,4904,16533,26645,1213115145,0,0,0
ag2207,20220218,20220218,133355500,13:33:56,4904,16533,26645,1213115145,0,0,0
ag2207,20220218,20220218,133356000,13:33:57,4904,16533,26645,1213115145,0,0,0
ag2207,20220218,20220218,133356500,13:33:57,4904,16533,26645,1213115145,0,0,0
ag2207,20220218,20220218,133357500,13:33:58,4904,16533,26645,1213115145,0,0,0
ag2207,20220218,20220218,133358000,13:33:58,4904,16533,26645,1213115145,0,0,0
ag2207,20220218,20220218,133358500,13:33:59,4904,16533,26645,1213115145,0,0,0
ag2207,20220218,20220218,133359000,13:33:59,4904,16533,26645,1213115145,0,0,0
ag2207,20220218,20220218,133359500,13:34:00,4904,16533,26645,1213115145,0,0,0
ag2207,20220218,20220218,133400000,13:34:00,4904,16533,26645,1213115145,0,0,0
ag2207,20220218,20220218,133400500,13:34:01,4904,16535,26646,1213262250,2,1,147105
ag2207,20220218,20220218,133401000,13:34:02,4904,16535,26646,1213262250,0,0,0
ag2207,20220218,20220218,133401500,13:34:02,4904,16535,26646,1213262250,0,0,0
ag2207,20220218,20220218,133402000,13:34:10,4904,16535,26646,1213262250,0,0,0
ag2207,20220218,20220218,133402500,13:34:10,4904,16535,26646,1213262250,0,0,0
ag2207,20220218,20220218,133410000,13:34:12,4905,16542,26647,1213777215,7,1,514965
ag2207,20220218,20220218,133410500,13:34:12,4905,16543,26647,1213850790,1,0,73575
ag2207,20220218,20220218,133411500,13:34:12,4905,16543,26647,1213850790,0,0,0
ag2207,20220218,20220218,133412500,13:34:13,4905,16543,26647,1213850790,0,0,0
ag2207,20220218,20220218,133413000,13:34:13,4905,16543,26647,1213850790,0,0,0
ag2207,20220218,20220218,133413500,13:34:14,4905,16543,26647,1213850790,0,0,0
ag2207,20220218,20220218,133414000,13:34:14,4905,16543,26647,1213850790,0,0,0
ag2207,20220218,20220218,133414500,13:34:15,4905,16543,26647,1213850790,0,0,0
ag2207,20220218,20220218,133415000,13:34:15,4905,16543,26647,1213850790,0,0,0
ag2207,20220218,20220218,133415500,13:34:16,4905,16543,26647,1213850790,0,0,0
ag2207,20220218,20220218,133416000,13:34:16,4905,16543,26647,1213850790,0,0,0
ag2207,20220218,20220218,133418000,13:34:18,4905,16543,26647,1213850790,0,0,0
ag2207,20220218,20220218,133418500,13:34:19,4905,16543,26647,1213850790,0,0,0
ag2207,20220218,20220218,133419000,13:34:19,4905,16543,26647,1213850790,0,0,0
ag2207,20220218,20220218,133419500,13:34:20,4905,16543,26647,1213850790,0,0,0
ag2207,20220218,20220218,133420000,13:34:20,4905,16543,26647,1213850790,0,0,0
ag2207,20220218,20220218,133420500,13:34:23,4905,16543,26647,1213850790,0,0,0
ag2207,20220218,20220218,133421000,13:34:23,4905,16543,26647,1213850790,0,0,0
ag2207,20220218,20220218,133421500,13:34:24,4905,16544,26648,1213924365,1,1,73575
ag2207,20220218,20220218,133423000,13:34:24,4906,16547,26650,1214145120,3,2,220755
ag2207,20220218,20220218,133423500,13:34:24,4906,16547,26650,1214145120,0,0,0
ag2207,20220218,20220218,133424000,13:34:24,4906,16547,26650,1214145120,0,0,0
ag2207,20220218,20220218,133424500,13:34:24,4906,16547,26650,1214145120,0,0,0
ag2207,20220218,20220218,133425000,13:34:25,4906,16547,26650,1214145120,0,0,0
ag2207,20220218,20220218,133426000,13:34:26,4906,16547,26650,1214145120,0,0,0
ag2207,20220218,20220218,133426500,13:34:26,4906,16556,26652,1214807430,9,2,662310
ag2207,20220218,20220218,133427000,13:34:27,4906,16572,26664,1215984870,16,12,1177440
ag2207,20220218,20220218,133427500,13:34:28,4906,16572,26664,1215984870,0,0,0
ag2207,20220218,20220218,133428000,13:34:28,4905,16573,26664,1216058445,1,0,73575
ag2207,20220218,20220218,133428500,13:34:29,4906,16574,26665,1216132035,1,1,73590
ag2207,20220218,20220218,133429000,13:34:29,4906,16574,26665,1216132035,0,0,0
ag2207,20220218,20220218,133430000,13:34:30,4906,16574,26665,1216132035,0,0,0
ag2207,20220218,20220218,133431000,13:34:31,4906,16574,26665,1216132035,0,0,0
ag2207,20220218,20220218,133431500,13:34:31,4906,16574,26665,1216132035,0,0,0
ag2207,20220218,20220218,133432000,13:34:32,4905,16576,26665,1216279185,2,0,147150
ag2207,20220218,20220218,133432500,13:34:32,4905,16576,26665,1216279185,0,0,0
ag2207,20220218,20220218,133433000,13:34:34,4905,16576,26665,1216279185,0,0,0
ag2207,20220218,20220218,133433500,13:34:34,4905,16576,26665,1216279185,0,0,0
ag2207,20220218,20220218,133434000,13:34:34,4905,16576,26665,1216279185,0,0,0
ag2207,20220218,20220218,133434500,13:34:35,4904,16578,26664,1216426305,2,-1,147120
ag2207,20220218,20220218,133435000,13:34:35,4904,16578,26664,1216426305,0,0,0
ag2207,20220218,20220218,133435500,13:34:36,4904,16578,26664,1216426305,0,0,0
ag2207,20220218,20220218,133436000,13:34:36,4904,16578,26664,1216426305,0,0,0
ag2207,20220218,20220218,133436500,13:34:36,4904,16578,26664,1216426305,0,0,0
ag2207,20220218,20220218,133437000,13:34:37,4904,16578,26664,1216426305,0,0,0
ag2207,20220218,20220218,133437500,13:34:38,4904,16578,26664,1216426305,0,0,0
ag2207,20220218,20220218,133438000,13:34:38,4904,16578,26664,1216426305,0,0,0
ag2207,20220218,20220218,133439500,13:34:39,4904,16578,26664,1216426305,0,0,0
ag2207,20220218,20220218,133440000,13:34:40,4904,16578,26664,1216426305,0,0,0
ag2207,20220218,20220218,133440500,13:34:41,4904,16578,26664,1216426305,0,0,0
ag2207,20220218,20220218,133441000,13:34:41,4904,16578,26664,1216426305,0,0,0
ag2207,20220218,20220218,133441500,13:34:43,4904,16579,26664,1216499865,1,0,73560
ag2207,20220218,20220218,133442000,13:34:44,4904,16579,26664,1216499865,0,0,0
ag2207,20220218,20220218,133442500,13:34:44,4904,16579,26664,1216499865,0,0,0
ag2207,20220218,20220218,133443500,13:34:45,4904,16584,26662,1216867665,5,-2,367800
ag2207,20220218,20220218,133444000,13:34:45,4904,16584,26662,1216867665,0,0,0
ag2207,20220218,20220218,133444500,13:34:46,4904,16584,26662,1216867665,0,0,0
ag2207,20220218,20220218,133445500,13:34:46,4904,16584,26662,1216867665,0,0,0
ag2207,20220218,20220218,133446000,13:34:46,4904,16584,26662,1216867665,0,0,0
ag2207,20220218,20220218,133446500,13:34:47,4905,16594,26660,1217603415,10,-2,735750
ag2207,20220218,20220218,133447000,13:34:47,4905,16597,26658,1217824140,3,-2,220725
ag2207,20220218,20220218,133447500,13:34:48,4905,16598,26658,1217897715,1,0,73575
ag2207,20220218,20220218,133448000,13:34:48,4905,16598,26658,1217897715,0,0,0
ag2207,20220218,20220218,133448500,13:34:49,4905,16599,26657,1217971290,1,-1,73575
ag2207,20220218,20220218,133449000,13:34:49,4904,16606,26659,1218486210,7,2,514920
ag2207,20220218,20220218,133449500,13:34:49,4904,16606,26659,1218486210,0,0,0
ag2207,20220218,20220218,133450000,13:34:51,4904,16606,26659,1218486210,0,0,0
ag2207,20220218,20220218,133450500,13:34:51,4904,16606,26659,1218486210,0,0,0
ag2207,20220218,20220218,133451000,13:34:51,4904,16606,26659,1218486210,0,0,0
ag2207,20220218,20220218,133451500,13:34:52,4904,16606,26659,1218486210,0,0,0
ag2207,20220218,20220218,133452000,13:34:52,4904,16606,26659,1218486210,0,0,0
ag2207,20220218,20220218,133452500,13:34:53,4904,16606,26659,1218486210,0,0,0
ag2207,20220218,20220218,133453000,13:34:53,4904,16606,26659,1218486210,0,0,0
ag2207,20220218,20220218,133453500,13:34:55,4904,16606,26659,1218486210,0,0,0
ag2207,20220218,20220218,133454000,13:34:56,4904,16606,26659,1218486210,0,0,0
ag2207,20220218,20220218,133454500,13:34:56,4904,16606,26659,1218486210,0,0,0
ag2207,20220218,20220218,133455500,13:34:56,4904,16608,26658,1218633330,2,-1,147120
ag2207,20220218,20220218,133456000,13:34:57,4904,16608,26658,1218633330,0,0,0
ag2207,20220218,20220218,133456500,13:34:57,4904,16608,26658,1218633330,0,0,0
ag2207,20220218,20220218,133457000,13:34:57,4904,16608,26658,1218633330,0,0,0
ag2207,20220218,20220218,133459000,13:34:59,4904,16608,26658,1218633330,0,0,0
ag2207,20220218,20220218,133500000,13:35:00,4904,16608,26658,1218633330,0,0,0
ag2207,20220218,20220218,133500500,13:35:00,4904,16608,26658,1218633330,0,0,0
ag2207,20220218,20220218,133504500,13:35:10,4904,16608,26658,1218633330,0,0,0
ag2207,20220218,20220218,133510000,13:35:10,4904,16608,26658,1218633330,0,0,0
ag2207,20220218,20220218,133511500,13:35:12,4904,16608,26658,1218633330,0,0,0
ag2207,20220218,20220218,133512000,13:35:13,4904,16608,26658,1218633330,0,0,0
ag2207,20220218,20220218,133512500,13:35:13,4904,16608,26658,1218633330,0,0,0
ag2207,20220218,20220218,133513000,13:35:13,4904,16608,26658,1218633330,0,0,0
ag2207,20220218,20220218,133513500,13:35:14,4904,16608,26658,1218633330,0,0,0
ag2207,20220218,20220218,133514000,13:35:14,4904,16608,26658,1218633330,0,0,0
ag2207,20220218,20220218,133515000,13:35:15,4904,16608,26658,1218633330,0,0,0
ag2207,20220218,20220218,133516000,13:35:16,4904,16608,26658,1218633330,0,0,0
ag2207,20220218,20220218,133517000,13:35:17,4904,16608,26658,1218633330,0,0,0
ag2207,20220218,20220218,133517500,13:35:18,4905,16619,26663,1219442655,11,5,809325
ag2207,20220218,20220218,133518000,13:35:19,4905,16619,26663,1219442655,0,0,0
ag2207,20220218,20220218,133518500,13:35:19,4905,16619,26663,1219442655,0,0,0
ag2207,20220218,20220218,133519000,13:35:19,4905,16619,26663,1219442655,0,0,0
ag2207,20220218,20220218,133519500,13:35:20,4905,16619,26663,1219442655,0,0,0
ag2207,20220218,20220218,133520000,13:35:20,4905,16619,26663,1219442655,0,0,0
ag2207,20220218,20220218,133520500,13:35:21,4905,16619,26663,1219442655,0,0,0
ag2207,20220218,20220218,133521000,13:35:21,4905,16619,26663,1219442655,0,0,0
ag2207,20220218,20220218,133521500,13:35:22,4905,16619,26663,1219442655,0,0,0
ag2207,20220218,20220218,133522500,13:35:23,4905,16619,26663,1219442655,0,0,0
ag2207,20220218,20220218,133523000,13:35:23,4905,16619,26663,1219442655,0,0,0
ag2207,20220218,20220218,133523500,13:35:23,4905,16619,26663,1219442655,0,0,0
ag2207,20220218,20220218,133524000,13:35:25,4905,16619,26663,1219442655,0,0,0
ag2207,20220218,20220218,133525000,13:35:25,4906,16624,26662,1219810605,5,-1,367950
ag2207,20220218,20220218,133525500,13:35:26,4906,16624,26662,1219810605,0,0,0
ag2207,20220218,20220218,133526000,13:35:26,4906,16631,26660,1220325735,7,-2,515130
ag2207,20220218,20220218,133526500,13:35:27,4907,16638,26661,1220840970,7,1,515235
ag2207,20220218,20220218,133527000,13:35:31,4907,16639,26661,1220914575,1,0,73605
ag2207,20220218,20220218,133527500,13:35:31,4907,16639,26661,1220914575,0,0,0
ag2207,20220218,20220218,133528000,13:35:32,4907,16639,26661,1220914575,0,0,0
ag2207,20220218,20220218,133530000,13:35:33,4907,16639,26661,1220914575,0,0,0
ag2207,20220218,20220218,133531500,13:35:41,4907,16639,26661,1220914575,0,0,0
ag2207,20220218,20220218,133532000,13:35:42,4907,16639,26661,1220914575,0,0,0
ag2207,20220218,20220218,133540000,13:35:43,4907,16639,26661,1220914575,0,0,0
ag2207,20220218,20220218,133542000,13:35:43,4907,16639,26661,1220914575,0,0,0
ag2207,20220218,20220218,133542500,13:35:44,4907,16639,26661,1220914575,0,0,0
ag2207,20220218,20220218,133545000,13:35:46,4907,16639,26661,1220914575,0,0,0
ag2207,20220218,20220218,133545500,13:35:46,4907,16639,26661,1220914575,0,0,0
ag2207,20220218,20220218,133546000,13:35:46,4907,16639,26661,1220914575,0,0,0
ag2207,20220218,20220218,133547500,13:35:48,4907,16639,26661,1220914575,0,0,0
ag2207,20220218,20220218,133548000,13:35:48,4907,16639,26661,1220914575,0,0,0
ag2207,20220218,20220218,133548500,13:35:48,4907,16639,26661,1220914575,0,0,0
ag2207,20220218,20220218,133550000,13:35:50,4907,16639,26661,1220914575,0,0,0
ag2207,20220218,20220218,133550500,13:35:50,4907,16639,26661,1220914575,0,0,0
ag2207,20220218,20220218,133552500,13:35:53,4907,16639,26661,1220914575,0,0,0
ag2207,20220218,20220218,133553000,13:35:53,4907,16639,26661,1220914575,0,0,0
ag2207,20220218,20220218,133554000,13:35:55,4907,16639,26661,1220914575,0,0,0
ag2207,20220218,20220218,133555000,13:35:56,4907,16639,26661,1220914575,0,0,0
ag2207,20220218,20220218,133555500,13:35:56,4907,16639,26661,1220914575,0,0,0
ag2207,20220218,20220218,133556500,13:35:57,4907,16639,26661,1220914575,0,0,0
ag2207,20220218,20220218,133557000,13:35:59,4907,16639,26661,1220914575,0,0,0
ag2207,20220218,20220218,133557500,13:36:01,4907,16639,26661,1220914575,0,0,0
ag2207,20220218,20220218,133558000,13:36:01,4907,16639,26661,1220914575,0,0,0
ag2207,20220218,20220218,133559500,13:36:03,4907,16639,26661,1220914575,0,0,0
ag2207,20220218,20220218,133601500,13:36:03,4907,16639,26661,1220914575,0,0,0
ag2207,20220218,20220218,133602500,13:36:03,4906,16643,26661,1221208935,4,0,294360
ag2207,20220218,20220218,133603000,13:36:05,4906,16643,26661,1221208935,0,0,0
ag2207,20220218,20220218,133603500,13:36:05,4906,16643,26661,1221208935,0,0,0
ag2207,20220218,20220218,133604500,13:36:06,4906,16643,26661,1221208935,0,0,0
ag2207,20220218,20220218,133605500,13:36:07,4906,16643,26661,1221208935,0,0,0
ag2207,20220218,20220218,133606500,13:36:07,4906,16644,26660,1221282525,1,-1,73590
ag2207,20220218,20220218,133607000,13:36:08,4906,16644,26660,1221282525,0,0,0
ag2207,20220218,20220218,133607500,13:36:08,4906,16644,26660,1221282525,0,0,0
ag2207,20220218,20220218,133608000,13:36:08,4906,16644,26660,1221282525,0,0,0
ag2207,20220218,20220218,133608500,13:36:09,4906,16644,26660,1221282525,0,0,0
ag2207,20220218,20220218,133609500,13:36:10,4906,16644,26660,1221282525,0,0,0
ag2207,20220218,20220218,133610000,13:36:11,4906,16644,26660,1221282525,0,0,0
ag2207,20220218,20220218,133610500,13:36:11,4906,16644,26660,1221282525,0,0,0
ag2207,20220218,20220218,133611000,13:36:12,4906,16644,26660,1221282525,0,0,0
ag2207,20220218,20220218,133611500,13:36:12,4906,16644,26660,1221282525,0,0,0
ag2207,20220218,20220218,133612000,13:36:12,4906,16644,26660,1221282525,0,0,0
ag2207,20220218,20220218,133612500,13:36:12,4906,16644,26660,1221282525,0,0,0
ag2207,20220218,20220218,133613000,13:36:13,4906,16644,26660,1221282525,0,0,0
ag2207,20220218,20220218,133614000,13:36:14,4906,16644,26660,1221282525,0,0,0
ag2207,20220218,20220218,133615000,13:36:15,4906,16644,26660,1221282525,0,0,0
ag2207,20220218,20220218,133617000,13:36:19,4906,16644,26660,1221282525,0,0,0
ag2207,20220218,20220218,133617500,13:36:19,4906,16644,26660,1221282525,0,0,0
ag2207,20220218,20220218,133618500,13:36:19,4906,16644,26660,1221282525,0,0,0
ag2207,20220218,20220218,133619000,13:36:19,4906,16644,26660,1221282525,0,0,0
ag2207,20220218,20220218,133619500,13:36:20,4906,16644,26660,1221282525,0,0,0
ag2207,20220218,20220218,133620000,13:36:20,4906,16644,26660,1221282525,0,0,0
ag2207,20220218,20220218,133621500,13:36:21,4906,16644,26660,1221282525,0,0,0
ag2207,20220218,20220218,133622500,13:36:22,4906,16644,26660,1221282525,0,0,0
ag2207,20220218,20220218,133624500,13:36:24,4906,16644,26660,1221282525,0,0,0
ag2207,20220218,20220218,133625500,13:36:26,4906,16645,26659,1221356115,1,-1,73590
ag2207,20220218,20220218,133626000,13:36:26,4906,16646,26659,1221429705,1,0,73590
ag2207,20220218,20220218,133626500,13:36:27,4906,16646,26659,1221429705,0,0,0
ag2207,20220218,20220218,133627000,13:36:28,4906,16646,26659,1221429705,0,0,0
ag2207,20220218,20220218,133627500,13:36:28,4906,16646,26659,1221429705,0,0,0
ag2207,20220218,20220218,133628000,13:36:28,4906,16646,26659,1221429705,0,0,0
ag2207,20220218,20220218,133628500,13:36:29,4906,16646,26659,1221429705,0,0,0
ag2207,20220218,20220218,133629000,13:36:30,4906,16646,26659,1221429705,0,0,0
ag2207,20220218,20220218,133629500,13:36:30,4906,16646,26659,1221429705,0,0,0
ag2207,20220218,20220218,133630000,13:36:30,4906,16646,26659,1221429705,0,0,0
ag2207,20220218,20220218,133630500,13:36:31,4906,16661,26661,1222533555,15,2,1103850
ag2207,20220218,20220218,133631000,13:36:31,4906,16661,26661,1222533555,0,0,0
ag2207,20220218,20220218,133631500,13:36:31,4906,16661,26661,1222533555,0,0,0
ag2207,20220218,20220218,133632000,13:36:32,4906,16661,26661,1222533555,0,0,0
ag2207,20220218,20220218,133632500,13:36:32,4906,16661,26661,1222533555,0,0,0
ag2207,20220218,20220218,133633000,13:36:33,4906,16661,26661,1222533555,0,0,0
ag2207,20220218,20220218,133633500,13:36:34,4906,16661,26661,1222533555,0,0,0
ag2207,20220218,20220218,133635500,13:36:36,4906,16661,26661,1222533555,0,0,0
ag2207,20220218,20220218,133636000,13:36:36,4906,16661,26661,1222533555,0,0,0
ag2207,20220218,20220218,133636500,13:36:36,4906,16661,26661,1222533555,0,0,0
ag2207,20220218,20220218,133637000,13:36:38,4906,16661,26661,1222533555,0,0,0
ag2207,20220218,20220218,133638000,13:36:39,4906,16661,26661,1222533555,0,0,0
ag2207,20220218,20220218,133639500,13:36:39,4906,16661,26661,1222533555,0,0,0
ag2207,20220218,20220218,133641000,13:36:41,4906,16661,26661,1222533555,0,0,0
ag2207,20220218,20220218,133641500,13:36:42,4906,16661,26661,1222533555,0,0,0
ag2207,20220218,20220218,133642000,13:36:42,4906,16661,26661,1222533555,0,0,0
ag2207,20220218,20220218,133643000,13:36:43,4906,16661,26661,1222533555,0,0,0
ag2207,20220218,20220218,133643500,13:36:44,4906,16661,26661,1222533555,0,0,0
ag2207,20220218,20220218,133644500,13:36:44,4906,16661,26661,1222533555,0,0,0
ag2207,20220218,20220218,133645500,13:36:46,4906,16661,26661,1222533555,0,0,0
ag2207,20220218,20220218,133646500,13:36:46,4906,16661,26661,1222533555,0,0,0
ag2207,20220218,20220218,133647500,13:36:48,4906,16661,26661,1222533555,0,0,0
ag2207,20220218,20220218,133648500,13:36:49,4906,16661,26661,1222533555,0,0,0
ag2207,20220218,20220218,133651000,13:36:51,4906,16661,26661,1222533555,0,0,0
ag2207,20220218,20220218,133651500,13:36:52,4906,16661,26661,1222533555,0,0,0
ag2207,20220218,20220218,133652000,13:36:52,4906,16661,26661,1222533555,0,0,0
ag2207,20220218,20220218,133653000,13:36:53,4907,16665,26665,1222827975,4,4,294420
ag2207,20220218,20220218,133653500,13:36:54,4907,16665,26665,1222827975,0,0,0
ag2207,20220218,20220218,133654000,13:36:54,4907,16665,26665,1222827975,0,0,0
ag2207,20220218,20220218,133654500,13:36:54,4907,16665,26665,1222827975,0,0,0
ag2207,20220218,20220218,133655000,13:36:55,4907,16665,26665,1222827975,0,0,0
ag2207,20220218,20220218,133655500,13:36:56,4907,16665,26665,1222827975,0,0,0
ag2207,20220218,20220218,133656000,13:36:56,4907,16665,26665,1222827975,0,0,0
ag2207,20220218,20220218,133656500,13:36:58,4907,16665,26665,1222827975,0,0,0
ag2207,20220218,20220218,133657000,13:36:58,4907,16665,26665,1222827975,0,0,0
ag2207,20220218,20220218,133657500,13:36:58,4907,16665,26665,1222827975,0,0,0
ag2207,20220218,20220218,133658000,13:36:58,4907,16665,26665,1222827975,0,0,0
ag2207,20220218,20220218,133658500,13:36:59,4907,16665,26665,1222827975,0,0,0
ag2207,20220218,20220218,133659000,13:36:59,4907,16665,26665,1222827975,0,0,0
ag2207,20220218,20220218,133659500,13:37:00,4907,16665,26665,1222827975,0,0,0
ag2207,20220218,20220218,133700000,13:37:00,4908,16666,26664,1222901595,1,-1,73620
ag2207,20220218,20220218,133700500,13:37:00,4908,16666,26664,1222901595,0,0,0
ag2207,20220218,20220218,133701000,13:37:01,4908,16666,26664,1222901595,0,0,0
ag2207,20220218,20220218,133701500,13:37:02,4908,16666,26664,1222901595,0,0,0
ag2207,20220218,20220218,133702000,13:37:02,4908,16666,26664,1222901595,0,0,0
ag2207,20220218,20220218,133702500,13:37:03,4908,16666,26664,1222901595,0,0,0
ag2207,20220218,20220218,133703500,13:37:03,4908,16666,26664,1222901595,0,0,0
ag2207,20220218,20220218,133704000,13:37:04,4908,16666,26664,1222901595,0,0,0
ag2207,20220218,20220218,133704500,13:37:05,4908,16666,26664,1222901595,0,0,0
ag2207,20220218,20220218,133705000,13:37:05,4908,16666,26664,1222901595,0,0,0
ag2207,20220218,20220218,133705500,13:37:08,4908,16666,26664,1222901595,0,0,0
ag2207,20220218,20220218,133706000,13:37:08,4908,16666,26664,1222901595,0,0,0
ag2207,20220218,20220218,133706500,13:37:08,4908,16666,26664,1222901595,0,0,0
ag2207,20220218,20220218,133707500,13:37:08,4908,16667,26664,1222975215,1,0,73620
ag2207,20220218,20220218,133708000,13:37:08,4908,16667,26664,1222975215,0,0,0
ag2207,20220218,20220218,133708500,13:37:08,4908,16667,26664,1222975215,0,0,0
ag2207,20220218,20220218,133709000,13:37:09,4908,16667,26664,1222975215,0,0,0
ag2207,20220218,20220218,133709500,13:37:10,4908,16667,26664,1222975215,0,0,0
ag2207,20220218,20220218,133710000,13:37:11,4908,16667,26664,1222975215,0,0,0
ag2207,20220218,20220218,133710500,13:37:11,4908,16667,26664,1222975215,0,0,0
ag2207,20220218,20220218,133711000,13:37:12,4908,16667,26664,1222975215,0,0,0
ag2207,20220218,20220218,133711500,13:37:13,4908,16667,26664,1222975215,0,0,0
ag2207,20220218,20220218,133712000,13:37:13,4908,16667,26664,1222975215,0,0,0
ag2207,20220218,20220218,133712500,13:37:13,4908,16668,26663,1223048835,1,-1,73620
ag2207,20220218,20220218,133713000,13:37:13,4908,16668,26663,1223048835,0,0,0
ag2207,20220218,20220218,133713500,13:37:14,4908,16668,26663,1223048835,0,0,0
ag2207,20220218,20220218,133714000,13:37:14,4908,16668,26663,1223048835,0,0,0
ag2207,20220218,20220218,133714500,13:37:15,4908,16668,26663,1223048835,0,0,0
ag2207,20220218,20220218,133715000,13:37:15,4908,16668,26663,1223048835,0,0,0
ag2207,20220218,20220218,133715500,13:37:16,4908,16668,26663,1223048835,0,0,0
ag2207,20220218,20220218,133716000,13:37:16,4908,16668,26663,1223048835,0,0,0
ag2207,20220218,20220218,133716500,13:37:17,4908,16668,26663,1223048835,0,0,0
ag2207,20220218,20220218,133717000,13:37:18,4908,16668,26663,1223048835,0,0,0
ag2207,20220218,20220218,133718000,13:37:19,4908,16668,26663,1223048835,0,0,0
ag2207,20220218,20220218,133718500,13:37:19,4908,16668,26663,1223048835,0,0,0
ag2207,20220218,20220218,133719000,13:37:19,4908,16668,26663,1223048835,0,0,0
ag2207,20220218,20220218,133719500,13:37:20,4908,16668,26663,1223048835,0,0,0
ag2207,20220218,20220218,133720000,13:37:21,4908,16668,26663,1223048835,0,0,0
ag2207,20220218,20220218,133720500,13:37:21,4908,16668,26663,1223048835,0,0,0
ag2207,20220218,20220218,133721000,13:37:21,4908,16668,26663,1223048835,0,0,0
ag2207,20220218,20220218,133721500,13:37:22,4908,16668,26663,1223048835,0,0,0
ag2207,20220218,20220218,133722000,13:37:22,4908,16668,26663,1223048835,0,0,0
ag2207,20220218,20220218,133722500,13:37:23,4908,16668,26663,1223048835,0,0,0
ag2207,20220218,20220218,133723000,13:37:23,4908,16672,26662,1223343315,4,-1,294480
ag2207,20220218,20220218,133723500,13:37:23,4908,16672,26662,1223343315,0,0,0
ag2207,20220218,20220218,133724000,13:37:24,4908,16672,26662,1223343315,0,0,0
ag2207,20220218,20220218,133724500,13:37:25,4908,16672,26662,1223343315,0,0,0
ag2207,20220218,20220218,133725000,13:37:25,4908,16672,26662,1223343315,0,0,0
ag2207,20220218,20220218,133725500,13:37:26,4908,16672,26662,1223343315,0,0,0
ag2207,20220218,20220218,133726000,13:37:26,4908,16672,26662,1223343315,0,0,0
ag2207,20220218,20220218,133726500,13:37:27,4908,16672,26662,1223343315,0,0,0
ag2207,20220218,20220218,133727000,13:37:27,4908,16672,26662,1223343315,0,0,0
ag2207,20220218,20220218,133727500,13:37:27,4908,16672,26662,1223343315,0,0,0
ag2207,20220218,20220218,133728000,13:37:28,4908,16672,26662,1223343315,0,0,0
ag2207,20220218,20220218,133728500,13:37:28,4907,16673,26663,1223416920,1,1,73605
ag2207,20220218,20220218,133729000,13:37:29,4907,16673,26663,1223416920,0,0,0
ag2207,20220218,20220218,133729500,13:37:30,4907,16673,26663,1223416920,0,0,0
ag2207,20220218,20220218,133730000,13:37:30,4907,16673,26663,1223416920,0,0,0
ag2207,20220218,20220218,133730500,13:37:31,4907,16673,26663,1223416920,0,0,0
ag2207,20220218,20220218,133731000,13:37:31,4907,16673,26663,1223416920,0,0,0
ag2207,20220218,20220218,133731500,13:37:31,4907,16673,26663,1223416920,0,0,0
ag2207,20220218,20220218,133732000,13:37:32,4907,16673,26663,1223416920,0,0,0
ag2207,20220218,20220218,133732500,13:37:33,4907,16673,26663,1223416920,0,0,0
ag2207,20220218,20220218,133733000,13:37:33,4907,16673,26663,1223416920,0,0,0
ag2207,20220218,20220218,133733500,13:37:33,4907,16673,26663,1223416920,0,0,0
ag2207,20220218,20220218,133734500,13:37:34,4907,16673,26663,1223416920,0,0,0
ag2207,20220218,20220218,133735000,13:37:35,4907,16673,26663,1223416920,0,0,0
ag2207,20220218,20220218,133736500,13:37:37,4907,16673,26663,1223416920,0,0,0
ag2207,20220218,20220218,133737000,13:37:37,4907,16673,26663,1223416920,0,0,0
ag2207,20220218,20220218,133739000,13:37:39,4907,16673,26663,1223416920,0,0,0
ag2207,20220218,20220218,133739500,13:37:39,4907,16673,26663,1223416920,0,0,0
ag2207,20220218,20220218,133740000,13:37:40,4907,16673,26663,1223416920,0,0,0
ag2207,20220218,20220218,133741000,13:37:41,4907,16673,26663,1223416920,0,0,0
ag2207,20220218,20220218,133741500,13:37:41,4907,16673,26663,1223416920,0,0,0
ag2207,20220218,20220218,133744000,13:37:45,4907,16673,26663,1223416920,0,0,0
ag2207,20220218,20220218,133744500,13:37:45,4907,16673,26663,1223416920,0,0,0
ag2207,20220218,20220218,133745500,13:37:45,4907,16673,26663,1223416920,0,0,0
ag2207,20220218,20220218,133746000,13:37:46,4907,16673,26663,1223416920,0,0,0
ag2207,20220218,20220218,133746500,13:37:47,4907,16673,26663,1223416920,0,0,0
ag2207,20220218,20220218,133747000,13:37:47,4907,16673,26663,1223416920,0,0,0
ag2207,20220218,20220218,133747500,13:37:48,4907,16673,26663,1223416920,0,0,0
ag2207,20220218,20220218,133748000,13:37:48,4907,16673,26663,1223416920,0,0,0
ag2207,20220218,20220218,133748500,13:37:49,4907,16673,26663,1223416920,0,0,0
ag2207,20220218,20220218,133749000,13:37:49,4907,16673,26663,1223416920,0,0,0
ag2207,20220218,20220218,133749500,13:37:49,4907,16673,26663,1223416920,0,0,0
ag2207,20220218,20220218,133750500,13:37:51,4907,16673,26663,1223416920,0,0,0
ag2207,20220218,20220218,133751000,13:37:51,4907,16673,26663,1223416920,0,0,0
ag2207,20220218,20220218,133751500,13:37:53,4907,16673,26663,1223416920,0,0,0
ag2207,20220218,20220218,133752500,13:37:54,4907,16673,26663,1223416920,0,0,0
ag2207,20220218,20220218,133753000,13:37:54,4907,16673,26663,1223416920,0,0,0
ag2207,20220218,20220218,133754000,13:37:55,4907,16673,26663,1223416920,0,0,0
ag2207,20220218,20220218,133754500,13:37:55,4907,16673,26663,1223416920,0,0,0
ag2207,20220218,20220218,133756500,13:37:57,4907,16673,26663,1223416920,0,0,0
ag2207,20220218,20220218,133757000,13:37:57,4907,16673,26663,1223416920,0,0,0
ag2207,20220218,20220218,133757500,13:37:58,4907,16673,26663,1223416920,0,0,0
ag2207,20220218,20220218,133758000,13:37:58,4907,16673,26663,1223416920,0,0,0
ag2207,20220218,20220218,133758500,13:37:59,4907,16673,26663,1223416920,0,0,0
ag2207,20220218,20220218,133759000,13:38:00,4907,16673,26663,1223416920,0,0,0
ag2207,20220218,20220218,133759500,13:38:00,4907,16673,26663,1223416920,0,0,0
ag2207,20220218,20220218,133800500,13:38:02,4907,16673,26663,1223416920,0,0,0
ag2207,20220218,20220218,133801000,13:38:03,4907,16673,26663,1223416920,0,0,0
ag2207,20220218,20220218,133802000,13:38:03,4907,16673,26663,1223416920,0,0,0
ag2207,20220218,20220218,133805000,13:38:06,4907,16673,26663,1223416920,0,0,0
ag2207,20220218,20220218,133806500,13:38:09,4907,16673,26663,1223416920,0,0,0
ag2207,20220218,20220218,133808500,13:38:09,4907,16673,26663,1223416920,0,0,0
ag2207,20220218,20220218,133809500,13:38:10,4907,16673,26663,1223416920,0,0,0
ag2207,20220218,20220218,133810000,13:38:10,4907,16673,26663,1223416920,0,0,0
ag2207,20220218,20220218,133810500,13:38:11,4907,16673,26663,1223416920,0,0,0
ag2207,20220218,20220218,133812000,13:38:14,4907,16673,26663,1223416920,0,0,0
ag2207,20220218,20220218,133813000,13:38:15,4907,16673,26663,1223416920,0,0,0
ag2207,20220218,20220218,133814000,13:38:17,4907,16673,26663,1223416920,0,0,0
ag2207,20220218,20220218,133814500,13:38:17,4907,16673,26663,1223416920,0,0,0
ag2207,20220218,20220218,133815000,13:38:17,4907,16673,26663,1223416920,0,0,0
ag2207,20220218,20220218,133817000,13:38:18,4907,16673,26663,1223416920,0,0,0
ag2207,20220218,20220218,133818500,13:38:19,4907,16673,26663,1223416920,0,0,0
ag2207,20220218,20220218,133819500,13:38:20,4907,16673,26663,1223416920,0,0,0
ag2207,20220218,20220218,133820000,13:38:22,4907,16673,26663,1223416920,0,0,0
ag2207,20220218,20220218,133821500,13:38:23,4907,16673,26663,1223416920,0,0,0
ag2207,20220218,20220218,133822000,13:38:23,4907,16673,26663,1223416920,0,0,0
ag2207,20220218,20220218,133823000,13:38:24,4907,16673,26663,1223416920,0,0,0
ag2207,20220218,20220218,133823500,13:38:24,4907,16673,26663,1223416920,0,0,0
ag2207,20220218,20220218,133824000,13:38:25,4907,16673,26663,1223416920,0,0,0
ag2207,20220218,20220218,133824500,13:38:41,4907,16673,26663,1223416920,0,0,0
ag2207,20220218,20220218,133825000,13:38:41,4907,16673,26663,1223416920,0,0,0
ag2207,20220218,20220218,133840500,13:38:42,4907,16673,26663,1223416920,0,0,0
ag2207,20220218,20220218,133842000,13:38:43,4907,16673,26663,1223416920,0,0,0
ag2207,20220218,20220218,133844000,13:38:44,4907,16673,26663,1223416920,0,0,0
ag2207,20220218,20220218,133844500,13:38:44,4907,16673,26663,1223416920,0,0,0
ag2207,20220218,20220218,133845500,13:38:45,4907,16673,26663,1223416920,0,0,0
ag2207,20220218,20220218,133847000,13:38:47,4907,16673,26663,1223416920,0,0,0
ag2207,20220218,20220218,133848500,13:38:48,4907,16673,26663,1223416920,0,0,0
ag2207,20220218,20220218,133850500,13:38:50,4907,16673,26663,1223416920,0,0,0
ag2207,20220218,20220218,133851500,13:38:51,4907,16673,26663,1223416920,0,0,0
ag2207,20220218,20220218,133854000,13:38:54,4907,16673,26663,1223416920,0,0,0
ag2207,20220218,20220218,133856500,13:38:56,4907,16673,26663,1223416920,0,0,0
ag2207,20220218,20220218,133858000,13:38:58,4907,16673,26663,1223416920,0,0,0
ag2207,20220218,20220218,133900000,13:39:00,4907,16677,26663,1223711340,4,0,294420
ag2207,20220218,20220218,133901000,13:39:01,4907,16677,26663,1223711340,0,0,0
ag2207,20220218,20220218,133902000,13:39:02,4907,16677,26663,1223711340,0,0,0
ag2207,20220218,20220218,133902500,13:39:02,4907,16677,26663,1223711340,0,0,0
ag2207,20220218,20220218,133906500,13:39:06,4907,16677,26663,1223711340,0,0,0
ag2207,20220218,20220218,133912000,13:39:12,4907,16677,26663,1223711340,0,0,0
ag2207,20220218,20220218,133913500,13:39:13,4907,16677,26663,1223711340,0,0,0
ag2207,20220218,20220218,133914000,13:39:15,4907,16677,26663,1223711340,0,0,0
ag2207,20220218,20220218,133914500,13:39:18,4907,16677,26663,1223711340,0,0,0
ag2207,20220218,20220218,133915000,13:39:19,4907,16677,26663,1223711340,0,0,0
ag2207,20220218,20220218,133915500,13:39:19,4907,16677,26663,1223711340,0,0,0
ag2207,20220218,20220218,133918000,13:39:19,4907,16677,26663,1223711340,0,0,0
ag2207,20220218,20220218,133919000,13:39:19,4907,16677,26663,1223711340,0,0,0
ag2207,20220218,20220218,133920000,13:39:20,4907,16677,26663,1223711340,0,0,0
ag2207,20220218,20220218,133921500,13:39:21,4907,16677,26663,1223711340,0,0,0
ag2207,20220218,20220218,133922500,13:39:23,4907,16677,26663,1223711340,0,0,0
ag2207,20220218,20220218,133924500,13:39:24,4907,16677,26663,1223711340,0,0,0
ag2207,20220218,20220218,133925000,13:39:25,4907,16677,26663,1223711340,0,0,0
ag2207,20220218,20220218,133926000,13:39:26,4907,16680,26664,1223932155,3,1,220815
ag2207,20220218,20220218,133928000,13:39:28,4907,16680,26664,1223932155,0,0,0
ag2207,20220218,20220218,133929000,13:39:29,4907,16680,26664,1223932155,0,0,0
ag2207,20220218,20220218,133931000,13:39:31,4907,16680,26664,1223932155,0,0,0
ag2207,20220218,20220218,133932500,13:39:33,4907,16680,26664,1223932155,0,0,0
ag2207,20220218,20220218,133933500,13:39:33,4907,16680,26664,1223932155,0,0,0
ag2207,20220218,20220218,133935000,13:39:35,4907,16680,26664,1223932155,0,0,0
ag2207,20220218,20220218,133936000,13:39:36,4907,16680,26664,1223932155,0,0,0
ag2207,20220218,20220218,133937000,13:39:37,4907,16680,26664,1223932155,0,0,0
ag2207,20220218,20220218,133938500,13:39:38,4907,16680,26664,1223932155,0,0,0
ag2207,20220218,20220218,133939500,13:39:39,4907,16682,26665,1224079365,2,1,147210
ag2207,20220218,20220218,133940500,13:39:41,4907,16682,26665,1224079365,0,0,0
ag2207,20220218,20220218,133941000,13:39:41,4907,16684,26665,1224226575,2,0,147210
ag2207,20220218,20220218,133943500,13:39:43,4907,16684,26665,1224226575,0,0,0
ag2207,20220218,20220218,133944500,13:39:45,4907,16684,26665,1224226575,0,0,0
ag2207,20220218,20220218,133945000,13:39:46,4907,16684,26665,1224226575,0,0,0
ag2207,20220218,20220218,133945500,13:39:46,4907,16686,26663,1224373785,2,-2,147210
ag2207,20220218,20220218,133946000,13:39:47,4907,16687,26662,1224447390,1,-1,73605
ag2207,20220218,20220218,133946500,13:39:47,4907,16687,26662,1224447390,0,0,0
ag2207,20220218,20220218,133947000,13:39:47,4907,16687,26662,1224447390,0,0,0
ag2207,20220218,20220218,133948000,13:39:48,4907,16687,26662,1224447390,0,0,0
ag2207,20220218,20220218,133949000,13:39:49,4907,16687,26662,1224447390,0,0,0
ag2207,20220218,20220218,133949500,13:39:50,4907,16687,26662,1224447390,0,0,0
ag2207,20220218,20220218,133950500,13:39:50,4907,16687,26662,1224447390,0,0,0
ag2207,20220218,20220218,133951000,13:39:51,4907,16687,26662,1224447390,0,0,0
ag2207,20220218,20220218,133951500,13:39:51,4907,16687,26662,1224447390,0,0,0
ag2207,20220218,20220218,133954000,13:39:55,4907,16687,26662,1224447390,0,0,0
ag2207,20220218,20220218,133954500,13:39:55,4907,16687,26662,1224447390,0,0,0
ag2207,20220218,20220218,133957000,13:39:59,4907,16687,26662,1224447390,0,0,0
ag2207,20220218,20220218,133957500,13:40:13,4907,16687,26662,1224447390,0,0,0
ag2207,20220218,20220218,133958000,13:40:13,4907,16687,26662,1224447390,0,0,0
ag2207,20220218,20220218,134012500,13:40:13,4907,16687,26662,1224447390,0,0,0
ag2207,20220218,20220218,134013500,13:40:14,4907,16687,26662,1224447390,0,0,0
ag2207,20220218,20220218,134014500,13:40:16,4907,16687,26662,1224447390,0,0,0
ag2207,20220218,20220218,134015000,13:40:16,4907,16687,26662,1224447390,0,0,0
ag2207,20220218,20220218,134015500,13:40:16,4908,16694,26660,1224962730,7,-2,515340
ag2207,20220218,20220218,134016000,13:40:16,4908,16694,26660,1224962730,0,0,0
ag2207,20220218,20220218,134016500,13:40:17,4908,16694,26660,1224962730,0,0,0
ag2207,20220218,20220218,134017000,13:40:17,4908,16695,26660,1225036350,1,0,73620
ag2207,20220218,20220218,134017500,13:40:18,4908,16695,26660,1225036350,0,0,0
ag2207,20220218,20220218,134018000,13:40:19,4908,16695,26660,1225036350,0,0,0
ag2207,20220218,20220218,134018500,13:40:19,4908,16695,26660,1225036350,0,0,0
ag2207,20220218,20220218,134019000,13:40:19,4908,16695,26660,1225036350,0,0,0
ag2207,20220218,20220218,134021000,13:40:22,4908,16695,26660,1225036350,0,0,0
ag2207,20220218,20220218,134021500,13:40:22,4908,16695,26660,1225036350,0,0,0
ag2207,20220218,20220218,134022000,13:40:22,4908,16695,26660,1225036350,0,0,0
ag2207,20220218,20220218,134022500,13:40:22,4908,16695,26660,1225036350,0,0,0
ag2207,20220218,20220218,134023500,13:40:24,4908,16695,26660,1225036350,0,0,0
ag2207,20220218,20220218,134024000,13:40:25,4908,16695,26660,1225036350,0,0,0
ag2207,20220218,20220218,134024500,13:40:25,4908,16695,26660,1225036350,0,0,0
ag2207,20220218,20220218,134025000,13:40:25,4908,16695,26660,1225036350,0,0,0
ag2207,20220218,20220218,134025500,13:40:26,4908,16695,26660,1225036350,0,0,0
ag2207,20220218,20220218,134026000,13:40:26,4908,16695,26660,1225036350,0,0,0
ag2207,20220218,20220218,134026500,13:40:27,4908,16695,26660,1225036350,0,0,0
ag2207,20220218,20220218,134027000,13:40:27,4908,16695,26660,1225036350,0,0,0
ag2207,20220218,20220218,134027500,13:40:28,4908,16695,26660,1225036350,0,0,0
ag2207,20220218,20220218,134028500,13:40:30,4909,16696,26661,1225109985,1,1,73635
ag2207,20220218,20220218,134029000,13:40:30,4909,16697,26661,1225183620,1,0,73635
ag2207,20220218,20220218,134029500,13:40:30,4909,16697,26661,1225183620,0,0,0
ag2207,20220218,20220218,134030000,13:40:30,4909,16697,26661,1225183620,0,0,0
ag2207,20220218,20220218,134030500,13:40:31,4909,16697,26661,1225183620,0,0,0
ag2207,20220218,20220218,134031000,13:40:31,4909,16697,26661,1225183620,0,0,0
ag2207,20220218,20220218,134031500,13:40:32,4909,16697,26661,1225183620,0,0,0
ag2207,20220218,20220218,134032000,13:40:32,4909,16697,26661,1225183620,0,0,0
ag2207,20220218,20220218,134032500,13:40:32,4910,16699,26662,1225330920,2,1,147300
ag2207,20220218,20220218,134033000,13:40:34,4910,16700,26662,1225404570,1,0,73650
ag2207,20220218,20220218,134033500,13:40:34,4910,16700,26662,1225404570,0,0,0
ag2207,20220218,20220218,134034000,13:40:34,4910,16700,26662,1225404570,0,0,0
ag2207,20220218,20220218,134034500,13:40:35,4910,16700,26662,1225404570,0,0,0
ag2207,20220218,20220218,134035000,13:40:35,4910,16700,26662,1225404570,0,0,0
ag2207,20220218,20220218,134035500,13:40:36,4910,16700,26662,1225404570,0,0,0
ag2207,20220218,20220218,134036000,13:40:36,4910,16700,26662,1225404570,0,0,0
ag2207,20220218,20220218,134036500,13:40:37,4910,16700,26662,1225404570,0,0,0
ag2207,20220218,20220218,134037000,13:40:37,4910,16700,26662,1225404570,0,0,0
ag2207,20220218,20220218,134037500,13:40:38,4910,16700,26662,1225404570,0,0,0
ag2207,20220218,20220218,134038000,13:40:38,4910,16700,26662,1225404570,0,0,0
ag2207,20220218,20220218,134038500,13:40:38,4910,16700,26662,1225404570,0,0,0
ag2207,20220218,20220218,134039000,13:40:39,4910,16700,26662,1225404570,0,0,0
ag2207,20220218,20220218,134039500,13:40:40,4910,16700,26662,1225404570,0,0,0
ag2207,20220218,20220218,134040500,13:40:42,4910,16700,26662,1225404570,0,0,0
ag2207,20220218,20220218,134041000,13:40:42,4911,16701,26662,1225478235,1,0,73665
ag2207,20220218,20220218,134041500,13:40:42,4911,16705,26665,1225772895,4,3,294660
ag2207,20220218,20220218,134042000,13:40:42,4912,16709,26665,1226067585,4,0,294690
ag2207,20220218,20220218,134042500,13:40:43,4912,16714,26668,1226435985,5,3,368400
ag2207,20220218,20220218,134043000,13:40:43,4912,16714,26668,1226435985,0,0,0
ag2207,20220218,20220218,134043500,13:40:44,4912,16716,26666,1226583345,2,-2,147360
ag2207,20220218,20220218,134044000,13:40:44,4912,16716,26666,1226583345,0,0,0
ag2207,20220218,20220218,134044500,13:40:44,4912,16716,26666,1226583345,0,0,0
ag2207,20220218,20220218,134045500,13:40:45,4913,16718,26668,1226730735,2,2,147390
ag2207,20220218,20220218,134046000,13:40:46,4913,16718,26668,1226730735,0,0,0
ag2207,20220218,20220218,134046500,13:40:46,4913,16719,26668,1226804430,1,0,73695
ag2207,20220218,20220218,134047000,13:40:47,4913,16721,26668,1226951820,2,0,147390
ag2207,20220218,20220218,134047500,13:40:47,4913,16721,26668,1226951820,0,0,0
ag2207,20220218,20220218,134048000,13:40:48,4913,16721,26668,1226951820,0,0,0
ag2207,20220218,20220218,134048500,13:40:48,4912,16722,26668,1227025500,1,0,73680
ag2207,20220218,20220218,134049000,13:40:49,4912,16722,26668,1227025500,0,0,0
ag2207,20220218,20220218,134049500,13:40:49,4912,16722,26668,1227025500,0,0,0
ag2207,20220218,20220218,134050000,13:40:50,4912,16722,26668,1227025500,0,0,0
ag2207,20220218,20220218,134050500,13:40:50,4912,16722,26668,1227025500,0,0,0
ag2207,20220218,20220218,134051000,13:40:55,4912,16722,26668,1227025500,0,0,0
ag2207,20220218,20220218,134051500,13:40:55,4912,16722,26668,1227025500,0,0,0
ag2207,20220218,20220218,134052500,13:40:55,4912,16722,26668,1227025500,0,0,0
ag2207,20220218,20220218,134055000,13:40:55,4912,16722,26668,1227025500,0,0,0
ag2207,20220218,20220218,134055500,13:40:57,4912,16722,26668,1227025500,0,0,0
ag2207,20220218,20220218,134056000,13:40:58,4912,16722,26668,1227025500,0,0,0
ag2207,20220218,20220218,134056500,13:40:58,4913,16723,26668,1227099195,1,0,73695
ag2207,20220218,20220218,134057000,13:40:58,4913,16723,26668,1227099195,0,0,0
ag2207,20220218,20220218,134057500,13:40:58,4913,16723,26668,1227099195,0,0,0
ag2207,20220218,20220218,134058000,13:40:58,4913,16723,26668,1227099195,0,0,0
ag2207,20220218,20220218,134059500,13:41:00,4913,16723,26668,1227099195,0,0,0
ag2207,20220218,20220218,134100000,13:41:00,4913,16723,26668,1227099195,0,0,0
ag2207,20220218,20220218,134100500,13:41:00,4913,16723,26668,1227099195,0,0,0
ag2207,20220218,20220218,134101000,13:41:01,4913,16723,26668,1227099195,0,0,0
ag2207,20220218,20220218,134101500,13:41:01,4913,16723,26668,1227099195,0,0,0
ag2207,20220218,20220218,134102000,13:41:02,4913,16723,26668,1227099195,0,0,0
ag2207,20220218,20220218,134102500,13:41:03,4914,16724,26668,1227172905,1,0,73710
ag2207,20220218,20220218,134103000,13:41:05,4914,16724,26668,1227172905,0,0,0
ag2207,20220218,20220218,134103500,13:41:05,4915,16732,26674,1227762705,8,6,589800
ag2207,20220218,20220218,134104000,13:41:05,4915,16733,26675,1227836430,1,1,73725
ag2207,20220218,20220218,134104500,13:41:06,4915,16733,26675,1227836430,0,0,0
ag2207,20220218,20220218,134105000,13:41:06,4915,16733,26675,1227836430,0,0,0
ag2207,20220218,20220218,134105500,13:41:06,4915,16733,26675,1227836430,0,0,0
ag2207,20220218,20220218,134106000,13:41:07,4916,16740,26673,1228352610,7,-2,516180
ag2207,20220218,20220218,134106500,13:41:07,4916,16749,26675,1229016270,9,2,663660
ag2207,20220218,20220218,134107000,13:41:09,4916,16749,26675,1229016270,0,0,0
ag2207,20220218,20220218,134107500,13:41:09,4916,16749,26675,1229016270,0,0,0
ag2207,20220218,20220218,134108000,13:41:09,4917,16750,26675,1229090025,1,0,73755
ag2207,20220218,20220218,134109000,13:41:10,4917,16750,26675,1229090025,0,0,0
ag2207,20220218,20220218,134109500,13:41:10,4917,16751,26674,1229163780,1,-1,73755
ag2207,20220218,20220218,134110000,13:41:10,4917,16751,26674,1229163780,0,0,0
ag2207,20220218,20220218,134110500,13:41:10,4917,16751,26674,1229163780,0,0,0
ag2207,20220218,20220218,134111000,13:41:11,4917,16751,26674,1229163780,0,0,0
ag2207,20220218,20220218,134111500,13:41:12,4917,16751,26674,1229163780,0,0,0
ag2207,20220218,20220218,134112000,13:41:12,4917,16751,26674,1229163780,0,0,0
ag2207,20220218,20220218,134112500,13:41:12,4917,16751,26674,1229163780,0,0,0
ag2207,20220218,20220218,134113000,13:41:13,4917,16751,26674,1229163780,0,0,0
ag2207,20220218,20220218,134113500,13:41:13,4917,16751,26674,1229163780,0,0,0
ag2207,20220218,20220218,134114000,13:41:15,4919,16762,26675,1229975310,11,1,811530
ag2207,20220218,20220218,134114500,13:41:16,4920,16771,26678,1230639480,9,3,664170
ag2207,20220218,20220218,134115000,13:41:16,4921,16779,26681,1231230000,8,3,590520
ag2207,20220218,20220218,134115500,13:41:16,4921,16792,26684,1232189655,13,3,959655
ag2207,20220218,20220218,134116000,13:41:17,4921,16792,26684,1232189655,0,0,0
ag2207,20220218,20220218,134116500,13:41:17,4922,16796,26684,1232484945,4,0,295290
ag2207,20220218,20220218,134117000,13:41:17,4923,16799,26682,1232706480,3,-2,221535
ag2207,20220218,20220218,134117500,13:41:19,4923,16801,26682,1232854170,2,0,147690
ag2207,20220218,20220218,134118000,13:41:19,4923,16801,26682,1232854170,0,0,0
ag2207,20220218,20220218,134118500,13:41:19,4923,16801,26682,1232854170,0,0,0
ag2207,20220218,20220218,134119000,13:41:19,4924,16804,26684,1233075750,3,2,221580
ag2207,20220218,20220218,134119500,13:41:20,4925,16807,26683,1233297360,3,-1,221610
ag2207,20220218,20220218,134120000,13:41:20,4924,16808,26682,1233371220,1,-1,73860
ag2207,20220218,20220218,134120500,13:41:23,4924,16808,26682,1233371220,0,0,0
ag2207,20220218,20220218,134121000,13:41:23,4924,16808,26682,1233371220,0,0,0
ag2207,20220218,20220218,134121500,13:41:24,4924,16808,26682,1233371220,0,0,0
ag2207,20220218,20220218,134123000,13:41:24,4924,16812,26682,1233666690,4,0,295470
ag2207,20220218,20220218,134123500,13:41:24,4923,16820,26675,1234257480,8,-7,590790
ag2207,20220218,20220218,134124000,13:41:24,4924,16821,26676,1234331340,1,1,73860
ag2207,20220218,20220218,134124500,13:41:26,4924,16821,26676,1234331340,0,0,0
ag2207,20220218,20220218,134125000,13:41:27,4924,16821,26676,1234331340,0,0,0
ag2207,20220218,20220218,134125500,13:41:27,4924,16821,26676,1234331340,0,0,0
ag2207,20220218,20220218,134126000,13:41:27,4924,16823,26677,1234479060,2,1,147720
