ag2204,20220218,20220218,112003000,11:20:05,4876,8229,23811,600067425,8229,232,600067425
ag2204,20220218,20220218,112013500,11:20:13,4876,8229,23811,600067425,0,0,0
ag2204,20220218,20220218,112014000,11:20:14,4876,8229,23811,600067425,0,0,0
ag2204,20220218,20220218,112017000,11:20:17,4876,8229,23811,600067425,0,0,0
ag2204,20220218,20220218,112017500,11:20:17,4876,8229,23811,600067425,0,0,0
ag2204,20220218,20220218,112018000,11:20:18,4876,8229,23811,600067425,0,0,0
ag2204,20220218,20220218,112018500,11:20:18,4876,8229,23811,600067425,0,0,0
ag2204,20220218,20220218,112019000,11:20:19,4876,8229,23811,600067425,0,0,0
ag2204,20220218,20220218,112019500,11:20:20,4876,8229,23811,600067425,0,0,0
ag2204,20220218,20220218,112020000,11:20:20,4876,8229,23811,600067425,0,0,0
ag2204,20220218,20220218,112021000,11:20:21,4876,8229,23811,600067425,0,0,0
ag2204,20220218,20220218,112021500,11:20:21,4876,8229,23811,600067425,0,0,0
ag2204,20220218,20220218,112022000,11:20:22,4876,8229,23811,600067425,0,0,0
ag2204,20220218,20220218,112025000,11:20:25,4876,8229,23811,600067425,0,0,0
ag2204,20220218,20220218,112025500,11:20:25,4876,8229,23811,600067425,0,0,0
ag2204,20220218,20220218,112027000,11:20:27,4876,8229,23811,600067425,0,0,0
ag2204,20220218,20220218,112027500,11:20:28,4876,8229,23811,600067425,0,0,0
ag2204,20220218,20220218,112028000,11:20:28,4876,8229,23811,600067425,0,0,0
ag2204,20220218,20220218,112028500,11:20:28,4876,8229,23811,600067425,0,0,0
ag2204,20220218,20220218,112029000,11:20:29,4876,8229,23811,600067425,0,0,0
ag2204,20220218,20220218,112029500,11:20:30,4876,8229,23811,600067425,0,0,0
ag2204,20220218,20220218,112030000,11:20:31,4876,8229,23811,600067425,0,0,0
ag2204,20220218,20220218,112030500,11:20:31,4876,8229,23811,600067425,0,0,0
ag2204,20220218,20220218,112032500,11:20:32,4876,8229,23811,600067425,0,0,0
ag2204,20220218,20220218,112033000,11:20:33,4876,8229,23811,600067425,0,0,0
ag2204,20220218,20220218,112033500,11:20:33,4876,8229,23811,600067425,0,0,0
ag2204,20220218,20220218,112034000,11:20:34,4876,8229,23811,600067425,0,0,0
ag2204,20220218,20220218,112039000,11:20:39,4876,8229,23811,600067425,0,0,0
ag2204,20220218,20220218,112040000,11:20:40,4876,8229,23811,600067425,0,0,0
ag2204,20220218,20220218,112044500,11:20:45,4876,8229,23811,600067425,0,0,0
ag2204,20220218,20220218,112045000,11:20:45,4876,8229,23811,600067425,0,0,0
ag2204,20220218,20220218,112045500,11:20:46,4876,8229,23811,600067425,0,0,0
ag2204,20220218,20220218,112047500,11:20:48,4876,8229,23811,600067425,0,0,0
ag2204,20220218,20220218,112048000,11:20:48,4876,8229,23811,600067425,0,0,0
ag2204,20220218,20220218,112048500,11:20:50,4876,8229,23811,600067425,0,0,0
ag2204,20220218,20220218,112049000,11:20:50,4876,8229,23811,600067425,0,0,0
ag2204,20220218,20220218,112052000,11:20:53,4876,8229,23811,600067425,0,0,0
ag2204,20220218,20220218,112053500,11:20:53,4876,8229,23811,600067425,0,0,0
ag2204,20220218,20220218,112056500,11:20:56,4876,8229,23811,600067425,0,0,0
ag2204,20220218,20220218,112057000,11:20:58,4876,8229,23811,600067425,0,0,0
ag2204,20220218,20220218,112057500,11:20:58,4876,8229,23811,600067425,0,0,0
ag2204,20220218,20220218,112058000,11:20:58,4876,8229,23811,600067425,0,0,0
ag2204,20220218,20220218,112058500,11:20:59,4876,8229,23811,600067425,0,0,0
ag2204,20220218,20220218,112059000,11:21:00,4876,8229,23811,600067425,0,0,0
ag2204,20220218,20220218,112059500,11:21:00,4876,8229,23811,600067425,0,0,0
ag2204,20220218,20220218,112100000,11:21:00,4876,8229,23811,600067425,0,0,0
ag2204,20220218,20220218,112100500,11:21:01,4876,8229,23811,600067425,0,0,0
ag2204,20220218,20220218,112101000,11:21:01,4876,8229,23811,600067425,0,0,0
ag2204,20220218,20220218,112102500,11:21:03,4876,8229,23811,600067425,0,0,0
ag2204,20220218,20220218,112103000,11:21:03,4876,8229,23811,600067425,0,0,0
ag2204,20220218,20220218,112103500,11:21:04,4876,8229,23811,600067425,0,0,0
ag2204,20220218,20220218,112104000,11:21:04,4876,8229,23811,600067425,0,0,0
ag2204,20220218,20220218,112104500,11:21:05,4876,8229,23811,600067425,0,0,0
ag2204,20220218,20220218,112105000,11:21:06,4876,8229,23811,600067425,0,0,0
ag2204,20220218,20220218,112105500,11:21:07,4876,8229,23811,600067425,0,0,0
ag2204,20220218,20220218,112106000,11:21:07,4876,8229,23811,600067425,0,0,0
ag2204,20220218,20220218,112106500,11:21:08,4876,8229,23811,600067425,0,0,0
ag2204,20220218,20220218,112107000,11:21:10,4876,8229,23811,600067425,0,0,0
ag2204,20220218,20220218,112107500,11:21:10,4876,8229,23811,600067425,0,0,0
ag2204,20220218,20220218,112108000,11:21:10,4878,8238,23812,600725955,9,1,658530
ag2204,20220218,20220218,112110000,11:21:10,4878,8238,23812,600725955,0,0,0
ag2204,20220218,20220218,112110500,11:21:11,4878,8238,23812,600725955,0,0,0
ag2204,20220218,20220218,112111000,11:21:11,4878,8238,23812,600725955,0,0,0
ag2204,20220218,20220218,112111500,11:21:12,4878,8238,23812,600725955,0,0,0
ag2204,20220218,20220218,112112000,11:21:12,4878,8238,23812,600725955,0,0,0
ag2204,20220218,20220218,112112500,11:21:13,4878,8238,23812,600725955,0,0,0
ag2204,20220218,20220218,112113000,11:21:13,4878,8238,23812,600725955,0,0,0
ag2204,20220218,20220218,112113500,11:21:13,4878,8238,23812,600725955,0,0,0
ag2204,20220218,20220218,112114000,11:21:14,4878,8238,23812,600725955,0,0,0
ag2204,20220218,20220218,112115500,11:21:15,4878,8238,23812,600725955,0,0,0
ag2204,20220218,20220218,112116000,11:21:16,4878,8238,23812,600725955,0,0,0
ag2204,20220218,20220218,112116500,11:21:17,4878,8242,23811,601018635,4,-1,292680
ag2204,20220218,20220218,112117000,11:21:17,4878,8242,23811,601018635,0,0,0
ag2204,20220218,20220218,112117500,11:21:18,4878,8242,23811,601018635,0,0,0
ag2204,20220218,20220218,112118000,11:21:18,4878,8242,23811,601018635,0,0,0
ag2204,20220218,20220218,112118500,11:21:18,4878,8242,23811,601018635,0,0,0
ag2204,20220218,20220218,112119000,11:21:19,4878,8242,23811,601018635,0,0,0
ag2204,20220218,20220218,112121500,11:21:22,4878,8242,23811,601018635,0,0,0
ag2204,20220218,20220218,112332500,11:23:33,4878,8242,23811,601018635,0,0,0
ag2204,20220218,20220218,112338000,11:23:38,4878,8242,23811,601018635,0,0,0
ag2204,20220218,20220218,112338500,11:23:38,4878,8242,23811,601018635,0,0,0
ag2204,20220218,20220218,112339500,11:23:39,4878,8242,23811,601018635,0,0,0
ag2204,20220218,20220218,112340000,11:23:40,4878,8242,23811,601018635,0,0,0
ag2204,20220218,20220218,112342500,11:23:42,4878,8242,23811,601018635,0,0,0
ag2204,20220218,20220218,112348000,11:23:48,4878,8242,23811,601018635,0,0,0
ag2204,20220218,20220218,112348500,11:23:49,4878,8242,23811,601018635,0,0,0
ag2204,20220218,20220218,112349000,11:23:49,4878,8242,23811,601018635,0,0,0
ag2204,20220218,20220218,112349500,11:23:50,4878,8242,23811,601018635,0,0,0
ag2204,20220218,20220218,112353000,11:23:53,4878,8242,23811,601018635,0,0,0
ag2204,20220218,20220218,112353500,11:23:53,4878,8242,23811,601018635,0,0,0
ag2204,20220218,20220218,112354000,11:23:54,4878,8242,23811,601018635,0,0,0
ag2204,20220218,20220218,112354500,11:23:55,4878,8242,23811,601018635,0,0,0
ag2204,20220218,20220218,112355000,11:23:55,4878,8242,23811,601018635,0,0,0
ag2204,20220218,20220218,112355500,11:23:55,4878,8242,23811,601018635,0,0,0
ag2204,20220218,20220218,112356000,11:23:56,4878,8242,23811,601018635,0,0,0
ag2204,20220218,20220218,112357000,11:23:57,4878,8242,23811,601018635,0,0,0
ag2204,20220218,20220218,112357500,11:23:57,4876,8250,23810,601603785,8,-1,585150
ag2204,20220218,20220218,112358000,11:23:58,4876,8250,23810,601603785,0,0,0
ag2204,20220218,20220218,112358500,11:23:58,4876,8250,23810,601603785,0,0,0
ag2204,20220218,20220218,112359000,11:23:59,4876,8250,23810,601603785,0,0,0
ag2204,20220218,20220218,112402500,11:24:02,4876,8250,23810,601603785,0,0,0
ag2204,20220218,20220218,112403000,11:24:03,4876,8250,23810,601603785,0,0,0
ag2204,20220218,20220218,112407000,11:24:07,4876,8250,23810,601603785,0,0,0
ag2204,20220218,20220218,112407500,11:24:08,4876,8250,23810,601603785,0,0,0
ag2204,20220218,20220218,112408000,11:24:08,4876,8250,23810,601603785,0,0,0
ag2204,20220218,20220218,112410000,11:24:12,4876,8250,23810,601603785,0,0,0
ag2204,20220218,20220218,112411500,11:24:12,4876,8250,23810,601603785,0,0,0
ag2204,20220218,20220218,112413500,11:24:14,4876,8250,23810,601603785,0,0,0
ag2204,20220218,20220218,112414000,11:24:14,4876,8250,23810,601603785,0,0,0
ag2204,20220218,20220218,112420000,11:24:20,4876,8250,23810,601603785,0,0,0
ag2204,20220218,20220218,112421500,11:24:22,4876,8250,23810,601603785,0,0,0
ag2204,20220218,20220218,112422000,11:24:22,4876,8250,23810,601603785,0,0,0
ag2204,20220218,20220218,112423000,11:24:23,4876,8250,23810,601603785,0,0,0
ag2204,20220218,20220218,112423500,11:24:23,4876,8250,23810,601603785,0,0,0
ag2204,20220218,20220218,112428500,11:24:28,4876,8250,23810,601603785,0,0,0
ag2204,20220218,20220218,112430500,11:24:30,4876,8250,23810,601603785,0,0,0
ag2204,20220218,20220218,112431000,11:24:31,4876,8250,23810,601603785,0,0,0
ag2204,20220218,20220218,112434000,11:24:34,4876,8250,23810,601603785,0,0,0
ag2204,20220218,20220218,112437000,11:24:37,4876,8250,23810,601603785,0,0,0
ag2204,20220218,20220218,112437500,11:24:37,4876,8250,23810,601603785,0,0,0
ag2204,20220218,20220218,112438000,11:24:39,4876,8250,23810,601603785,0,0,0
ag2204,20220218,20220218,112438500,11:24:39,4876,8250,23810,601603785,0,0,0
ag2204,20220218,20220218,112439000,11:24:40,4876,8250,23810,601603785,0,0,0
ag2204,20220218,20220218,112439500,11:24:40,4876,8250,23810,601603785,0,0,0
ag2204,20220218,20220218,112442500,11:24:42,4876,8250,23810,601603785,0,0,0
ag2204,20220218,20220218,112443000,11:24:43,4876,8250,23810,601603785,0,0,0
ag2204,20220218,20220218,112446000,11:24:46,4876,8250,23810,601603785,0,0,0
ag2204,20220218,20220218,112448000,11:24:48,4876,8250,23810,601603785,0,0,0
ag2204,20220218,20220218,112451000,11:24:51,4876,8250,23810,601603785,0,0,0
ag2204,20220218,20220218,112454500,11:24:54,4876,8250,23810,601603785,0,0,0
ag2204,20220218,20220218,112455000,11:24:55,4876,8250,23810,601603785,0,0,0
ag2204,20220218,20220218,112455500,11:24:56,4876,8250,23810,601603785,0,0,0
ag2204,20220218,20220218,112458000,11:24:58,4876,8250,23810,601603785,0,0,0
ag2204,20220218,20220218,112458500,11:24:58,4876,8250,23810,601603785,0,0,0
ag2204,20220218,20220218,112502500,11:25:06,4876,8250,23810,601603785,0,0,0
ag2204,20220218,20220218,112503500,11:25:06,4876,8250,23810,601603785,0,0,0
ag2204,20220218,20220218,112505500,11:25:06,4876,8250,23810,601603785,0,0,0
ag2204,20220218,20220218,112510500,11:25:10,4876,8250,23810,601603785,0,0,0
ag2204,20220218,20220218,112512000,11:25:12,4876,8250,23810,601603785,0,0,0
ag2204,20220218,20220218,112512500,11:25:12,4876,8250,23810,601603785,0,0,0
ag2204,20220218,20220218,112518500,11:25:19,4876,8250,23810,601603785,0,0,0
ag2204,20220218,20220218,112519000,11:25:19,4876,8250,23810,601603785,0,0,0
ag2204,20220218,20220218,112519500,11:25:19,4876,8250,23810,601603785,0,0,0
ag2204,20220218,20220218,112521000,11:25:22,4876,8250,23810,601603785,0,0,0
ag2204,20220218,20220218,112522000,11:25:22,4876,8250,23810,601603785,0,0,0
ag2204,20220218,20220218,112522500,11:25:22,4876,8250,23810,601603785,0,0,0
ag2204,20220218,20220218,112523500,11:25:24,4876,8250,23810,601603785,0,0,0
ag2204,20220218,20220218,112524000,11:25:25,4876,8250,23810,601603785,0,0,0
ag2204,20220218,20220218,112524500,11:25:25,4876,8250,23810,601603785,0,0,0
ag2204,20220218,20220218,112526500,11:25:27,4876,8250,23810,601603785,0,0,0
ag2204,20220218,20220218,112527500,11:25:28,4876,8250,23810,601603785,0,0,0
ag2204,20220218,20220218,112528000,11:25:28,4876,8250,23810,601603785,0,0,0
ag2204,20220218,20220218,112529500,11:25:30,4876,8250,23810,601603785,0,0,0
ag2204,20220218,20220218,112534500,11:25:35,4876,8250,23810,601603785,0,0,0
ag2204,20220218,20220218,112538500,11:25:39,4876,8250,23810,601603785,0,0,0
ag2204,20220218,20220218,112539000,11:25:39,4876,8250,23810,601603785,0,0,0
ag2204,20220218,20220218,112540500,11:25:41,4876,8250,23810,601603785,0,0,0
ag2204,20220218,20220218,112541000,11:25:41,4876,8250,23810,601603785,0,0,0
ag2204,20220218,20220218,112542000,11:25:42,4876,8251,23809,601676925,1,-1,73140
ag2204,20220218,20220218,112542500,11:25:42,4876,8251,23809,601676925,0,0,0
ag2204,20220218,20220218,112543000,11:25:43,4876,8251,23809,601676925,0,0,0
ag2204,20220218,20220218,112543500,11:25:43,4876,8251,23809,601676925,0,0,0
ag2204,20220218,20220218,112544000,11:25:44,4876,8251,23809,601676925,0,0,0
ag2204,20220218,20220218,112544500,11:25:44,4876,8251,23809,601676925,0,0,0
ag2204,20220218,20220218,112545000,11:25:45,4876,8251,23809,601676925,0,0,0
ag2204,20220218,20220218,112545500,11:25:46,4876,8255,23811,601969485,4,2,292560
ag2204,20220218,20220218,112546000,11:25:47,4876,8256,23810,602042625,1,-1,73140
ag2204,20220218,20220218,112546500,11:25:48,4876,8256,23810,602042625,0,0,0
ag2204,20220218,20220218,112547000,11:25:48,4876,8256,23810,602042625,0,0,0
ag2204,20220218,20220218,112547500,11:25:48,4876,8256,23810,602042625,0,0,0
ag2204,20220218,20220218,112548000,11:25:48,4876,8256,23810,602042625,0,0,0
ag2204,20220218,20220218,112548500,11:25:48,4876,8256,23810,602042625,0,0,0
ag2204,20220218,20220218,112549000,11:25:49,4876,8256,23810,602042625,0,0,0
ag2204,20220218,20220218,112549500,11:25:49,4876,8256,23810,602042625,0,0,0
ag2204,20220218,20220218,112550000,11:25:50,4876,8257,23811,602115765,1,1,73140
ag2204,20220218,20220218,112550500,11:25:51,4876,8257,23811,602115765,0,0,0
ag2204,20220218,20220218,112551000,11:25:51,4876,8257,23811,602115765,0,0,0
ag2204,20220218,20220218,112551500,11:25:51,4876,8257,23811,602115765,0,0,0
ag2204,20220218,20220218,112552000,11:25:52,4876,8257,23811,602115765,0,0,0
ag2204,20220218,20220218,112552500,11:25:52,4876,8257,23811,602115765,0,0,0
ag2204,20220218,20220218,112553000,11:25:53,4876,8257,23811,602115765,0,0,0
ag2204,20220218,20220218,112557500,11:25:57,4876,8257,23811,602115765,0,0,0
ag2204,20220218,20220218,112558000,11:25:59,4876,8257,23811,602115765,0,0,0
ag2204,20220218,20220218,112558500,11:25:59,4876,8257,23811,602115765,0,0,0
ag2204,20220218,20220218,112559000,11:26:00,4876,8257,23811,602115765,0,0,0
ag2204,20220218,20220218,112601000,11:26:01,4876,8257,23811,602115765,0,0,0
ag2204,20220218,20220218,112601500,11:26:03,4876,8257,23811,602115765,0,0,0
ag2204,20220218,20220218,112602000,11:26:03,4876,8257,23811,602115765,0,0,0
ag2204,20220218,20220218,112602500,11:26:03,4876,8257,23811,602115765,0,0,0
ag2204,20220218,20220218,112603000,11:26:03,4876,8257,23811,602115765,0,0,0
ag2204,20220218,20220218,112603500,11:26:04,4876,8257,23811,602115765,0,0,0
ag2204,20220218,20220218,112605000,11:26:05,4876,8257,23811,602115765,0,0,0
ag2204,20220218,20220218,112605500,11:26:06,4876,8257,23811,602115765,0,0,0
ag2204,20220218,20220218,112606000,11:26:06,4876,8257,23811,602115765,0,0,0
ag2204,20220218,20220218,112606500,11:26:09,4876,8257,23811,602115765,0,0,0
ag2204,20220218,20220218,112607000,11:26:09,4876,8257,23811,602115765,0,0,0
ag2204,20220218,20220218,112607500,11:26:09,4876,8257,23811,602115765,0,0,0
ag2204,20220218,20220218,112608000,11:26:09,4876,8257,23811,602115765,0,0,0
ag2204,20220218,20220218,112609000,11:26:10,4876,8257,23811,602115765,0,0,0
ag2204,20220218,20220218,112609500,11:26:10,4876,8257,23811,602115765,0,0,0
ag2204,20220218,20220218,112610000,11:26:10,4876,8257,23811,602115765,0,0,0
ag2204,20220218,20220218,112610500,11:26:11,4876,8257,23811,602115765,0,0,0
ag2204,20220218,20220218,112611000,11:26:11,4876,8257,23811,602115765,0,0,0
ag2204,20220218,20220218,112611500,11:26:13,4876,8257,23811,602115765,0,0,0
ag2204,20220218,20220218,112615000,11:26:16,4876,8257,23811,602115765,0,0,0
ag2204,20220218,20220218,112616000,11:26:16,4876,8257,23811,602115765,0,0,0
ag2204,20220218,20220218,112617000,11:26:17,4876,8257,23811,602115765,0,0,0
ag2204,20220218,20220218,112617500,11:26:17,4876,8257,23811,602115765,0,0,0
ag2204,20220218,20220218,112618000,11:26:18,4876,8257,23811,602115765,0,0,0
ag2204,20220218,20220218,112618500,11:26:19,4876,8257,23811,602115765,0,0,0
ag2204,20220218,20220218,112619000,11:26:19,4876,8257,23811,602115765,0,0,0
ag2204,20220218,20220218,112619500,11:26:20,4876,8257,23811,602115765,0,0,0
ag2204,20220218,20220218,112620000,11:26:20,4876,8257,23811,602115765,0,0,0
ag2204,20220218,20220218,112620500,11:26:20,4876,8258,23812,602188905,1,1,73140
ag2204,20220218,20220218,112621000,11:26:21,4876,8258,23812,602188905,0,0,0
ag2204,20220218,20220218,112621500,11:26:21,4876,8258,23812,602188905,0,0,0
ag2204,20220218,20220218,112622000,11:26:22,4876,8258,23812,602188905,0,0,0
ag2204,20220218,20220218,112624000,11:26:24,4876,8258,23812,602188905,0,0,0
ag2204,20220218,20220218,112624500,11:26:24,4876,8258,23812,602188905,0,0,0
ag2204,20220218,20220218,112625500,11:26:26,4876,8258,23812,602188905,0,0,0
ag2204,20220218,20220218,112628500,11:26:28,4876,8258,23812,602188905,0,0,0
ag2204,20220218,20220218,112629000,11:26:29,4876,8258,23812,602188905,0,0,0
ag2204,20220218,20220218,112630500,11:26:31,4876,8258,23812,602188905,0,0,0
ag2204,20220218,20220218,112632500,11:26:32,4876,8258,23812,602188905,0,0,0
ag2204,20220218,20220218,112633000,11:26:33,4876,8258,23812,602188905,0,0,0
ag2204,20220218,20220218,112634000,11:26:37,4876,8258,23812,602188905,0,0,0
ag2204,20220218,20220218,112635000,11:26:37,4876,8258,23812,602188905,0,0,0
ag2204,20220218,20220218,112638000,11:27:10,4876,8258,23812,602188905,0,0,0
ag2204,20220218,20220218,112652000,11:27:10,4876,8258,23812,602188905,0,0,0
ag2204,20220218,20220218,112710000,11:27:12,4876,8258,23812,602188905,0,0,0
ag2204,20220218,20220218,112711000,11:27:12,4876,8258,23812,602188905,0,0,0
ag2204,20220218,20220218,112717500,11:27:17,4876,8258,23812,602188905,0,0,0
ag2204,20220218,20220218,112719500,11:27:20,4876,8258,23812,602188905,0,0,0
ag2204,20220218,20220218,112721000,11:27:21,4876,8258,23812,602188905,0,0,0
ag2204,20220218,20220218,112721500,11:27:22,4876,8258,23812,602188905,0,0,0
ag2204,20220218,20220218,112723000,11:27:26,4876,8258,23812,602188905,0,0,0
ag2204,20220218,20220218,112726000,11:27:27,4876,8258,23812,602188905,0,0,0
ag2204,20220218,20220218,112728000,11:27:28,4876,8258,23812,602188905,0,0,0
ag2204,20220218,20220218,112733500,11:27:36,4876,8258,23812,602188905,0,0,0
ag2204,20220218,20220218,112738000,11:27:39,4876,8258,23812,602188905,0,0,0
ag2204,20220218,20220218,112738500,11:27:39,4876,8258,23812,602188905,0,0,0
ag2204,20220218,20220218,112739000,11:27:39,4876,8258,23812,602188905,0,0,0
ag2204,20220218,20220218,112739500,11:27:39,4876,8258,23812,602188905,0,0,0
ag2204,20220218,20220218,112740000,11:27:40,4876,8258,23812,602188905,0,0,0
ag2204,20220218,20220218,112740500,11:27:40,4876,8258,23812,602188905,0,0,0
ag2204,20220218,20220218,112741000,11:27:41,4876,8258,23812,602188905,0,0,0
ag2204,20220218,20220218,112741500,11:27:42,4876,8258,23812,602188905,0,0,0
ag2204,20220218,20220218,112742000,11:27:42,4876,8258,23812,602188905,0,0,0
ag2204,20220218,20220218,112742500,11:27:43,4876,8258,23812,602188905,0,0,0
ag2204,20220218,20220218,112743000,11:27:43,4876,8258,23812,602188905,0,0,0
ag2204,20220218,20220218,112745500,11:27:46,4876,8258,23812,602188905,0,0,0
ag2204,20220218,20220218,112746500,11:27:47,4876,8258,23812,602188905,0,0,0
ag2204,20220218,20220218,112753500,11:27:54,4876,8258,23812,602188905,0,0,0
ag2204,20220218,20220218,112754500,11:27:55,4876,8258,23812,602188905,0,0,0
ag2204,20220218,20220218,112755000,11:27:55,4876,8258,23812,602188905,0,0,0
ag2204,20220218,20220218,112755500,11:27:55,4876,8258,23812,602188905,0,0,0
ag2204,20220218,20220218,112756000,11:27:56,4876,8258,23812,602188905,0,0,0
ag2204,20220218,20220218,112757000,11:27:57,4876,8258,23812,602188905,0,0,0
ag2204,20220218,20220218,112757500,11:27:57,4876,8258,23812,602188905,0,0,0
ag2204,20220218,20220218,112759000,11:27:59,4876,8258,23812,602188905,0,0,0
ag2204,20220218,20220218,112800500,11:28:01,4876,8258,23812,602188905,0,0,0
ag2204,20220218,20220218,112801000,11:28:01,4876,8258,23812,602188905,0,0,0
ag2204,20220218,20220218,112802000,11:28:03,4876,8258,23812,602188905,0,0,0
ag2204,20220218,20220218,112802500,11:28:03,4875,8260,23812,602335155,2,0,146250
ag2204,20220218,20220218,112803000,11:28:04,4875,8260,23812,602335155,0,0,0
ag2204,20220218,20220218,112803500,11:28:04,4875,8260,23812,602335155,0,0,0
ag2204,20220218,20220218,112804500,11:28:05,4875,8260,23812,602335155,0,0,0
ag2204,20220218,20220218,112805000,11:28:06,4875,8260,23812,602335155,0,0,0
ag2204,20220218,20220218,112807000,11:28:10,4875,8260,23812,602335155,0,0,0
ag2204,20220218,20220218,112810000,11:28:11,4875,8260,23812,602335155,0,0,0
ag2204,20220218,20220218,112810500,11:28:12,4875,8260,23812,602335155,0,0,0
ag2204,20220218,20220218,112811000,11:28:12,4875,8260,23812,602335155,0,0,0
ag2204,20220218,20220218,112811500,11:28:12,4875,8260,23812,602335155,0,0,0
ag2204,20220218,20220218,112812000,11:28:13,4875,8260,23812,602335155,0,0,0
ag2204,20220218,20220218,112812500,11:28:13,4875,8260,23812,602335155,0,0,0
ag2204,20220218,20220218,112813500,11:28:14,4875,8260,23812,602335155,0,0,0
ag2204,20220218,20220218,112814000,11:28:14,4875,8260,23812,602335155,0,0,0
ag2204,20220218,20220218,112814500,11:28:14,4875,8260,23812,602335155,0,0,0
ag2204,20220218,20220218,112815000,11:28:15,4875,8260,23812,602335155,0,0,0
ag2204,20220218,20220218,112815500,11:28:15,4875,8260,23812,602335155,0,0,0
ag2204,20220218,20220218,112816000,11:28:16,4875,8260,23812,602335155,0,0,0
ag2204,20220218,20220218,112817000,11:28:17,4875,8260,23812,602335155,0,0,0
ag2204,20220218,20220218,112817500,11:28:17,4875,8260,23812,602335155,0,0,0
ag2204,20220218,20220218,112818000,11:28:18,4875,8260,23812,602335155,0,0,0
ag2204,20220218,20220218,112818500,11:28:18,4875,8260,23812,602335155,0,0,0
ag2204,20220218,20220218,112819000,11:28:19,4875,8260,23812,602335155,0,0,0
ag2204,20220218,20220218,112820000,11:28:20,4875,8260,23812,602335155,0,0,0
ag2204,20220218,20220218,112820500,11:28:20,4875,8260,23812,602335155,0,0,0
ag2204,20220218,20220218,112821000,11:28:21,4875,8260,23812,602335155,0,0,0
ag2204,20220218,20220218,112822000,11:28:22,4875,8260,23812,602335155,0,0,0
ag2204,20220218,20220218,112825500,11:28:25,4875,8260,23812,602335155,0,0,0
ag2204,20220218,20220218,112826000,11:28:26,4875,8260,23812,602335155,0,0,0
ag2204,20220218,20220218,112826500,11:28:27,4875,8260,23812,602335155,0,0,0
ag2204,20220218,20220218,112827000,11:28:27,4875,8260,23812,602335155,0,0,0
ag2204,20220218,20220218,112827500,11:28:27,4875,8260,23812,602335155,0,0,0
ag2204,20220218,20220218,112829500,11:28:30,4875,8260,23812,602335155,0,0,0
ag2204,20220218,20220218,112835500,11:28:37,4875,8260,23812,602335155,0,0,0
ag2204,20220218,20220218,112839000,11:28:40,4875,8260,23812,602335155,0,0,0
ag2204,20220218,20220218,112842000,11:28:42,4875,8260,23812,602335155,0,0,0
ag2204,20220218,20220218,112845000,11:28:45,4875,8260,23812,602335155,0,0,0
ag2204,20220218,20220218,112848000,11:28:48,4875,8260,23812,602335155,0,0,0
ag2204,20220218,20220218,112849000,11:28:49,4875,8260,23812,602335155,0,0,0
ag2204,20220218,20220218,112849500,11:28:50,4875,8260,23812,602335155,0,0,0
ag2204,20220218,20220218,112851000,11:28:51,4875,8260,23812,602335155,0,0,0
ag2204,20220218,20220218,112851500,11:28:51,4875,8260,23812,602335155,0,0,0
ag2204,20220218,20220218,112852000,11:28:53,4875,8260,23812,602335155,0,0,0
ag2204,20220218,20220218,112852500,11:28:53,4875,8260,23812,602335155,0,0,0
ag2204,20220218,20220218,112853000,11:28:54,4875,8260,23812,602335155,0,0,0
ag2204,20220218,20220218,112853500,11:28:54,4875,8260,23812,602335155,0,0,0
ag2204,20220218,20220218,112854000,11:28:54,4875,8260,23812,602335155,0,0,0
ag2204,20220218,20220218,112854500,11:28:54,4875,8260,23812,602335155,0,0,0
ag2204,20220218,20220218,112855000,11:28:55,4875,8260,23812,602335155,0,0,0
ag2204,20220218,20220218,112855500,11:28:56,4875,8260,23812,602335155,0,0,0
ag2204,20220218,20220218,112856500,11:28:56,4875,8260,23812,602335155,0,0,0
ag2204,20220218,20220218,112857000,11:28:57,4875,8260,23812,602335155,0,0,0
ag2204,20220218,20220218,112858500,11:28:59,4875,8260,23812,602335155,0,0,0
ag2204,20220218,20220218,112900000,11:29:00,4875,8260,23812,602335155,0,0,0
ag2204,20220218,20220218,112900500,11:29:01,4875,8260,23812,602335155,0,0,0
ag2204,20220218,20220218,112901000,11:29:01,4875,8260,23812,602335155,0,0,0
ag2204,20220218,20220218,112901500,11:29:02,4875,8260,23812,602335155,0,0,0
ag2204,20220218,20220218,112902000,11:29:03,4875,8260,23812,602335155,0,0,0
ag2204,20220218,20220218,112902500,11:29:03,4875,8260,23812,602335155,0,0,0
ag2204,20220218,20220218,112903500,11:29:04,4875,8260,23812,602335155,0,0,0
ag2204,20220218,20220218,112904500,11:29:04,4875,8260,23812,602335155,0,0,0
ag2204,20220218,20220218,112905000,11:29:05,4875,8261,23812,602408280,1,0,73125
ag2204,20220218,20220218,112907000,11:29:08,4875,8261,23812,602408280,0,0,0
ag2204,20220218,20220218,112907500,11:29:08,4875,8261,23812,602408280,0,0,0
ag2204,20220218,20220218,112909000,11:29:09,4875,8261,23812,602408280,0,0,0
ag2204,20220218,20220218,112909500,11:29:09,4875,8261,23812,602408280,0,0,0
ag2204,20220218,20220218,112911000,11:29:11,4875,8261,23812,602408280,0,0,0
ag2204,20220218,20220218,112911500,11:29:12,4875,8261,23812,602408280,0,0,0
ag2204,20220218,20220218,112913000,11:29:13,4875,8261,23812,602408280,0,0,0
ag2204,20220218,20220218,112913500,11:29:14,4875,8261,23812,602408280,0,0,0
ag2204,20220218,20220218,112914500,11:29:15,4875,8261,23812,602408280,0,0,0
ag2204,20220218,20220218,112915000,11:29:15,4875,8261,23812,602408280,0,0,0
ag2204,20220218,20220218,112915500,11:29:16,4875,8261,23812,602408280,0,0,0
ag2204,20220218,20220218,112917000,11:29:20,4875,8261,23812,602408280,0,0,0
ag2204,20220218,20220218,112917500,11:29:21,4875,8261,23812,602408280,0,0,0
ag2204,20220218,20220218,112918000,11:29:21,4875,8261,23812,602408280,0,0,0
ag2204,20220218,20220218,112919500,11:29:21,4875,8261,23812,602408280,0,0,0
ag2204,20220218,20220218,112921000,11:29:22,4875,8261,23812,602408280,0,0,0
ag2204,20220218,20220218,112921500,11:29:24,4875,8261,23812,602408280,0,0,0
ag2204,20220218,20220218,112922500,11:29:24,4875,8261,23812,602408280,0,0,0
ag2204,20220218,20220218,112924000,11:29:24,4875,8261,23812,602408280,0,0,0
ag2204,20220218,20220218,112924500,11:29:25,4875,8261,23812,602408280,0,0,0
ag2204,20220218,20220218,112926000,11:29:26,4875,8261,23812,602408280,0,0,0
ag2204,20220218,20220218,112926500,11:29:26,4875,8261,23812,602408280,0,0,0
ag2204,20220218,20220218,112928000,11:29:28,4875,8261,23812,602408280,0,0,0
ag2204,20220218,20220218,112928500,11:29:28,4875,8261,23812,602408280,0,0,0
ag2204,20220218,20220218,112930000,11:29:30,4875,8261,23812,602408280,0,0,0
ag2204,20220218,20220218,112930500,11:29:31,4875,8261,23812,602408280,0,0,0
ag2204,20220218,20220218,112931000,11:29:32,4875,8261,23812,602408280,0,0,0
ag2204,20220218,20220218,112931500,11:29:32,4875,8261,23812,602408280,0,0,0
ag2204,20220218,20220218,112932000,11:29:36,4875,8261,23812,602408280,0,0,0
ag2204,20220218,20220218,112933500,11:29:38,4875,8261,23812,602408280,0,0,0
ag2204,20220218,20220218,112934500,11:29:38,4875,8261,23812,602408280,0,0,0
ag2204,20220218,20220218,112938500,11:29:39,4875,8261,23812,602408280,0,0,0
ag2204,20220218,20220218,112940500,11:29:40,4875,8261,23812,602408280,0,0,0
ag2204,20220218,20220218,112941000,11:29:41,4875,8261,23812,602408280,0,0,0
ag2204,20220218,20220218,112941500,11:29:42,4875,8261,23812,602408280,0,0,0
ag2204,20220218,20220218,112942000,11:29:44,4875,8261,23812,602408280,0,0,0
ag2204,20220218,20220218,112942500,11:29:44,4875,8261,23812,602408280,0,0,0
ag2204,20220218,20220218,112943000,11:29:45,4875,8261,23812,602408280,0,0,0
ag2204,20220218,20220218,112946000,11:29:47,4875,8261,23812,602408280,0,0,0
ag2204,20220218,20220218,112946500,11:29:47,4876,8262,23813,602481420,1,1,73140
ag2204,20220218,20220218,112947000,11:29:47,4876,8262,23813,602481420,0,0,0
ag2204,20220218,20220218,112947500,11:29:48,4876,8263,23814,602554560,1,1,73140
ag2204,20220218,20220218,112948000,11:29:49,4876,8263,23814,602554560,0,0,0
ag2204,20220218,20220218,112948500,11:29:50,4876,8263,23814,602554560,0,0,0
ag2204,20220218,20220218,112950500,11:29:51,4876,8263,23814,602554560,0,0,0
ag2204,20220218,20220218,112951000,11:29:52,4876,8263,23814,602554560,0,0,0
ag2204,20220218,20220218,112952000,11:29:53,4876,8263,23814,602554560,0,0,0
ag2204,20220218,20220218,112952500,11:29:53,4876,8265,23812,602700840,2,-2,146280
ag2204,20220218,20220218,112953000,11:29:54,4876,8265,23812,602700840,0,0,0
ag2204,20220218,20220218,112953500,11:29:54,4876,8265,23812,602700840,0,0,0
ag2204,20220218,20220218,112954000,11:29:54,4876,8265,23812,602700840,0,0,0
ag2204,20220218,20220218,112954500,11:29:54,4876,8265,23812,602700840,0,0,0
ag2204,20220218,20220218,112955000,11:29:55,4876,8265,23812,602700840,0,0,0
ag2204,20220218,20220218,112955500,11:29:56,4876,8265,23812,602700840,0,0,0
ag2204,20220218,20220218,112957000,11:30:02,4876,8265,23812,602700840,0,0,0
ag2204,20220218,20220218,112957500,11:30:02,4876,8265,23812,602700840,0,0,0
ag2204,20220218,20220218,112959500,11:30:02,4876,8265,23812,602700840,0,0,0
ag2204,20220218,20220218,113000000,11:30:03,4876,8265,23812,602700840,0,0,0
ag2204,20220218,20220218,113001000,11:30:03,4876,8265,23812,602700840,0,0,0
ag2204,20220218,20220218,113001500,11:30:03,4876,8265,23812,602700840,0,0,0
ag2204,20220218,20220218,133002000,13:30:08,4872,8267,23813,602847030,2,1,146190
ag2204,20220218,20220218,133002500,13:30:10,4872,8283,23812,604016280,16,-1,1169250
ag2204,20220218,20220218,133008000,13:30:10,4872,8283,23812,604016280,0,0,0
ag2204,20220218,20220218,133009500,13:30:10,4872,8283,23812,604016280,0,0,0
ag2204,20220218,20220218,133010000,13:30:11,4872,8283,23812,604016280,0,0,0
ag2204,20220218,20220218,133010500,13:30:12,4866,8312,23811,606133080,29,-1,2116800
ag2204,20220218,20220218,133011000,13:30:13,4866,8312,23811,606133080,0,0,0
ag2204,20220218,20220218,133011500,13:30:13,4866,8312,23811,606133080,0,0,0
ag2204,20220218,20220218,133012500,13:30:13,4866,8312,23811,606133080,0,0,0
ag2204,20220218,20220218,133013000,13:30:14,4867,8314,23811,606279090,2,0,146010
ag2204,20220218,20220218,133013500,13:30:14,4867,8315,23811,606352095,1,0,73005
ag2204,20220218,20220218,133014000,13:30:15,4867,8315,23811,606352095,0,0,0
ag2204,20220218,20220218,133014500,13:30:16,4867,8315,23811,606352095,0,0,0
ag2204,20220218,20220218,133015000,13:30:18,4867,8315,23811,606352095,0,0,0
ag2204,20220218,20220218,133016500,13:30:18,4867,8315,23811,606352095,0,0,0
ag2204,20220218,20220218,133017500,13:30:18,4867,8315,23811,606352095,0,0,0
ag2204,20220218,20220218,133018000,13:30:19,4867,8315,23811,606352095,0,0,0
ag2204,20220218,20220218,133019500,13:30:20,4867,8316,23811,606425100,1,0,73005
ag2204,20220218,20220218,133020000,13:30:21,4867,8316,23811,606425100,0,0,0
ag2204,20220218,20220218,133020500,13:30:21,4867,8316,23811,606425100,0,0,0
ag2204,20220218,20220218,133021500,13:30:22,4867,8316,23811,606425100,0,0,0
ag2204,20220218,20220218,133022000,13:30:38,4867,8316,23811,606425100,0,0,0
ag2204,20220218,20220218,133022500,13:30:38,4867,8316,23811,606425100,0,0,0
ag2204,20220218,20220218,133023000,13:30:38,4867,8317,23811,606498105,1,0,73005
ag2204,20220218,20220218,133038000,13:30:40,4868,8322,23811,606863175,5,0,365070
ag2204,20220218,20220218,133038500,13:30:41,4868,8322,23811,606863175,0,0,0
ag2204,20220218,20220218,133040500,13:30:42,4868,8322,23811,606863175,0,0,0
ag2204,20220218,20220218,133041000,13:30:43,4868,8322,23811,606863175,0,0,0
ag2204,20220218,20220218,133041500,13:30:43,4868,8322,23811,606863175,0,0,0
ag2204,20220218,20220218,133042000,13:30:44,4868,8322,23811,606863175,0,0,0
ag2204,20220218,20220218,133044500,13:30:46,4868,8322,23811,606863175,0,0,0
ag2204,20220218,20220218,133045000,13:30:46,4868,8322,23811,606863175,0,0,0
ag2204,20220218,20220218,133045500,13:30:46,4868,8322,23811,606863175,0,0,0
ag2204,20220218,20220218,133046500,13:30:47,4868,8322,23811,606863175,0,0,0
ag2204,20220218,20220218,133047000,13:30:48,4868,8322,23811,606863175,0,0,0
ag2204,20220218,20220218,133047500,13:30:48,4868,8322,23811,606863175,0,0,0
ag2204,20220218,20220218,133048000,13:30:49,4868,8322,23811,606863175,0,0,0
ag2204,20220218,20220218,133048500,13:30:49,4868,8322,23811,606863175,0,0,0
ag2204,20220218,20220218,133049000,13:30:49,4868,8322,23811,606863175,0,0,0
ag2204,20220218,20220218,133051000,13:30:52,4868,8322,23811,606863175,0,0,0
ag2204,20220218,20220218,133051500,13:30:52,4868,8322,23811,606863175,0,0,0
ag2204,20220218,20220218,133052000,13:30:53,4868,8322,23811,606863175,0,0,0
ag2204,20220218,20220218,133052500,13:30:54,4868,8322,23811,606863175,0,0,0
ag2204,20220218,20220218,133053000,13:30:54,4868,8322,23811,606863175,0,0,0
ag2204,20220218,20220218,133053500,13:30:54,4868,8322,23811,606863175,0,0,0
ag2204,20220218,20220218,133055000,13:30:56,4868,8322,23811,606863175,0,0,0
ag2204,20220218,20220218,133055500,13:30:56,4868,8323,23811,606936195,1,0,73020
ag2204,20220218,20220218,133057000,13:30:58,4868,8323,23811,606936195,0,0,0
ag2204,20220218,20220218,133057500,13:30:58,4868,8323,23811,606936195,0,0,0
ag2204,20220218,20220218,133058000,13:30:58,4868,8323,23811,606936195,0,0,0
ag2204,20220218,20220218,133058500,13:30:59,4868,8323,23811,606936195,0,0,0
ag2204,20220218,20220218,133059500,13:31:00,4868,8323,23811,606936195,0,0,0
ag2204,20220218,20220218,133100000,13:31:00,4868,8323,23811,606936195,0,0,0
ag2204,20220218,20220218,133100500,13:31:00,4868,8323,23811,606936195,0,0,0
ag2204,20220218,20220218,133101000,13:31:01,4868,8323,23811,606936195,0,0,0
ag2204,20220218,20220218,133101500,13:31:01,4868,8323,23811,606936195,0,0,0
ag2204,20220218,20220218,133102000,13:31:02,4868,8323,23811,606936195,0,0,0
ag2204,20220218,20220218,133102500,13:31:03,4868,8323,23811,606936195,0,0,0
ag2204,20220218,20220218,133103000,13:31:03,4868,8323,23811,606936195,0,0,0
ag2204,20220218,20220218,133105500,13:31:07,4868,8323,23811,606936195,0,0,0
ag2204,20220218,20220218,133107000,13:31:08,4868,8323,23811,606936195,0,0,0
ag2204,20220218,20220218,133107500,13:31:09,4868,8323,23811,606936195,0,0,0
ag2204,20220218,20220218,133108500,13:31:09,4868,8323,23811,606936195,0,0,0
ag2204,20220218,20220218,133110000,13:31:11,4868,8323,23811,606936195,0,0,0
ag2204,20220218,20220218,133110500,13:31:11,4868,8323,23811,606936195,0,0,0
ag2204,20220218,20220218,133111500,13:31:12,4868,8323,23811,606936195,0,0,0
ag2204,20220218,20220218,133112000,13:31:12,4868,8323,23811,606936195,0,0,0
ag2204,20220218,20220218,133112500,13:31:13,4868,8323,23811,606936195,0,0,0
ag2204,20220218,20220218,133113000,13:31:13,4868,8323,23811,606936195,0,0,0
ag2204,20220218,20220218,133113500,13:31:14,4868,8323,23811,606936195,0,0,0
ag2204,20220218,20220218,133115000,13:31:15,4868,8323,23811,606936195,0,0,0
ag2204,20220218,20220218,133115500,13:31:16,4868,8323,23811,606936195,0,0,0
ag2204,20220218,20220218,133116000,13:31:16,4868,8323,23811,606936195,0,0,0
ag2204,20220218,20220218,133116500,13:31:17,4868,8323,23811,606936195,0,0,0
ag2204,20220218,20220218,133117000,13:31:18,4868,8323,23811,606936195,0,0,0
ag2204,20220218,20220218,133117500,13:31:18,4868,8323,23811,606936195,0,0,0
ag2204,20220218,20220218,133118500,13:31:19,4868,8323,23811,606936195,0,0,0
ag2204,20220218,20220218,133119000,13:31:19,4868,8323,23811,606936195,0,0,0
ag2204,20220218,20220218,133119500,13:31:20,4868,8323,23811,606936195,0,0,0
ag2204,20220218,20220218,133120000,13:31:20,4868,8323,23811,606936195,0,0,0
ag2204,20220218,20220218,133120500,13:31:21,4868,8323,23811,606936195,0,0,0
ag2204,20220218,20220218,133121000,13:31:21,4868,8323,23811,606936195,0,0,0
ag2204,20220218,20220218,133121500,13:31:22,4868,8323,23811,606936195,0,0,0
ag2204,20220218,20220218,133122000,13:31:23,4868,8323,23811,606936195,0,0,0
ag2204,20220218,20220218,133122500,13:31:25,4868,8323,23811,606936195,0,0,0
ag2204,20220218,20220218,133123000,13:31:25,4869,8324,23812,607009230,1,1,73035
ag2204,20220218,20220218,133123500,13:31:25,4869,8324,23812,607009230,0,0,0
ag2204,20220218,20220218,133126500,13:31:26,4869,8325,23813,607082265,1,1,73035
ag2204,20220218,20220218,133158000,13:31:58,4869,8326,23814,607155300,1,1,73035
ag2204,20220218,20220218,133159000,13:31:59,4869,8326,23814,607155300,0,0,0
ag2204,20220218,20220218,133200000,13:32:00,4869,8326,23814,607155300,0,0,0
ag2204,20220218,20220218,133200500,13:32:01,4869,8326,23814,607155300,0,0,0
ag2204,20220218,20220218,133201000,13:32:01,4869,8326,23814,607155300,0,0,0
ag2204,20220218,20220218,133201500,13:32:01,4869,8326,23814,607155300,0,0,0
ag2204,20220218,20220218,133202000,13:32:03,4869,8326,23814,607155300,0,0,0
ag2204,20220218,20220218,133203500,13:32:05,4869,8326,23814,607155300,0,0,0
ag2204,20220218,20220218,133205000,13:32:06,4869,8326,23814,607155300,0,0,0
ag2204,20220218,20220218,133209000,13:32:10,4869,8326,23814,607155300,0,0,0
ag2204,20220218,20220218,133209500,13:32:10,4869,8326,23814,607155300,0,0,0
ag2204,20220218,20220218,133210500,13:32:14,4869,8326,23814,607155300,0,0,0
ag2204,20220218,20220218,133211000,13:32:14,4869,8326,23814,607155300,0,0,0
ag2204,20220218,20220218,133215500,13:32:16,4869,8326,23814,607155300,0,0,0
ag2204,20220218,20220218,133216000,13:32:17,4869,8326,23814,607155300,0,0,0
ag2204,20220218,20220218,133217500,13:32:18,4869,8326,23814,607155300,0,0,0
ag2204,20220218,20220218,133218000,13:32:18,4869,8326,23814,607155300,0,0,0
ag2204,20220218,20220218,133218500,13:32:19,4869,8326,23814,607155300,0,0,0
ag2204,20220218,20220218,133222000,13:32:23,4869,8326,23814,607155300,0,0,0
ag2204,20220218,20220218,133224000,13:32:24,4869,8326,23814,607155300,0,0,0
ag2204,20220218,20220218,133224500,13:32:25,4869,8326,23814,607155300,0,0,0
ag2204,20220218,20220218,133225000,13:32:25,4869,8326,23814,607155300,0,0,0
ag2204,20220218,20220218,133232000,13:32:34,4869,8326,23814,607155300,0,0,0
ag2204,20220218,20220218,133232500,13:32:35,4869,8326,23814,607155300,0,0,0
ag2204,20220218,20220218,133233000,13:32:35,4869,8326,23814,607155300,0,0,0
ag2204,20220218,20220218,133235500,13:32:36,4869,8326,23814,607155300,0,0,0
ag2204,20220218,20220218,133236000,13:32:37,4869,8326,23814,607155300,0,0,0
ag2204,20220218,20220218,133236500,13:32:37,4869,8326,23814,607155300,0,0,0
ag2204,20220218,20220218,133237000,13:32:37,4869,8326,23814,607155300,0,0,0
ag2204,20220218,20220218,133237500,13:32:38,4869,8326,23814,607155300,0,0,0
ag2204,20220218,20220218,133238000,13:32:38,4869,8326,23814,607155300,0,0,0
ag2204,20220218,20220218,133238500,13:32:39,4869,8326,23814,607155300,0,0,0
ag2204,20220218,20220218,133240500,13:32:41,4869,8326,23814,607155300,0,0,0
ag2204,20220218,20220218,133241000,13:32:41,4869,8326,23814,607155300,0,0,0
ag2204,20220218,20220218,133242500,13:32:42,4869,8326,23814,607155300,0,0,0
ag2204,20220218,20220218,133243000,13:32:43,4869,8326,23814,607155300,0,0,0
ag2204,20220218,20220218,133243500,13:32:43,4869,8326,23814,607155300,0,0,0
ag2204,20220218,20220218,133244500,13:32:45,4869,8326,23814,607155300,0,0,0
ag2204,20220218,20220218,133245000,13:32:45,4869,8326,23814,607155300,0,0,0
ag2204,20220218,20220218,133245500,13:32:45,4869,8326,23814,607155300,0,0,0
ag2204,20220218,20220218,133249000,13:32:49,4869,8326,23814,607155300,0,0,0
ag2204,20220218,20220218,133249500,13:32:50,4869,8326,23814,607155300,0,0,0
ag2204,20220218,20220218,133250000,13:32:50,4869,8326,23814,607155300,0,0,0
ag2204,20220218,20220218,133250500,13:32:52,4869,8326,23814,607155300,0,0,0
ag2204,20220218,20220218,133251000,13:32:52,4869,8326,23814,607155300,0,0,0
ag2204,20220218,20220218,133251500,13:32:53,4869,8326,23814,607155300,0,0,0
ag2204,20220218,20220218,133252500,13:32:53,4869,8326,23814,607155300,0,0,0
ag2204,20220218,20220218,133253000,13:32:53,4869,8326,23814,607155300,0,0,0
ag2204,20220218,20220218,133257500,13:33:00,4869,8326,23814,607155300,0,0,0
ag2204,20220218,20220218,133258000,13:33:00,4869,8326,23814,607155300,0,0,0
ag2204,20220218,20220218,133258500,13:33:00,4869,8326,23814,607155300,0,0,0
ag2204,20220218,20220218,133309000,13:33:09,4869,8326,23814,607155300,0,0,0
ag2204,20220218,20220218,133309500,13:33:10,4869,8326,23814,607155300,0,0,0
ag2204,20220218,20220218,133315500,13:33:18,4869,8326,23814,607155300,0,0,0
ag2204,20220218,20220218,133318500,13:33:19,4869,8326,23814,607155300,0,0,0
ag2204,20220218,20220218,133320000,13:33:21,4869,8326,23814,607155300,0,0,0
ag2204,20220218,20220218,133323500,13:33:24,4869,8326,23814,607155300,0,0,0
ag2204,20220218,20220218,133324000,13:33:24,4869,8326,23814,607155300,0,0,0
ag2204,20220218,20220218,133324500,13:33:25,4869,8326,23814,607155300,0,0,0
ag2204,20220218,20220218,133326000,13:33:28,4869,8326,23814,607155300,0,0,0
ag2204,20220218,20220218,133330000,13:33:30,4869,8326,23814,607155300,0,0,0
ag2204,20220218,20220218,133330500,13:33:31,4869,8326,23814,607155300,0,0,0
ag2204,20220218,20220218,133331000,13:33:32,4869,8326,23814,607155300,0,0,0
ag2204,20220218,20220218,133331500,13:33:32,4869,8326,23814,607155300,0,0,0
ag2204,20220218,20220218,133333500,13:33:33,4869,8326,23814,607155300,0,0,0
ag2204,20220218,20220218,133334000,13:33:34,4869,8326,23814,607155300,0,0,0
ag2204,20220218,20220218,133339500,13:33:40,4869,8326,23814,607155300,0,0,0
ag2204,20220218,20220218,133341000,13:33:41,4869,8326,23814,607155300,0,0,0
ag2204,20220218,20220218,133341500,13:33:42,4869,8326,23814,607155300,0,0,0
ag2204,20220218,20220218,133342000,13:33:42,4869,8326,23814,607155300,0,0,0
ag2204,20220218,20220218,133342500,13:33:42,4869,8326,23814,607155300,0,0,0
ag2204,20220218,20220218,133343000,13:33:43,4869,8326,23814,607155300,0,0,0
ag2204,20220218,20220218,133343500,13:33:44,4869,8326,23814,607155300,0,0,0
ag2204,20220218,20220218,133344000,13:33:45,4869,8326,23814,607155300,0,0,0
ag2204,20220218,20220218,133344500,13:33:45,4869,8326,23814,607155300,0,0,0
ag2204,20220218,20220218,133345000,13:33:45,4869,8326,23814,607155300,0,0,0
ag2204,20220218,20220218,133347500,13:33:49,4869,8326,23814,607155300,0,0,0
ag2204,20220218,20220218,133348000,13:33:49,4869,8326,23814,607155300,0,0,0
ag2204,20220218,20220218,133348500,13:33:50,4869,8326,23814,607155300,0,0,0
ag2204,20220218,20220218,133349000,13:33:50,4869,8326,23814,607155300,0,0,0
ag2204,20220218,20220218,133350500,13:33:50,4869,8326,23814,607155300,0,0,0
ag2204,20220218,20220218,133352500,13:33:52,4869,8326,23814,607155300,0,0,0
ag2204,20220218,20220218,133353000,13:33:53,4869,8326,23814,607155300,0,0,0
ag2204,20220218,20220218,133357500,13:33:58,4869,8326,23814,607155300,0,0,0
ag2204,20220218,20220218,133400500,13:34:01,4869,8326,23814,607155300,0,0,0
ag2204,20220218,20220218,133401000,13:34:02,4869,8326,23814,607155300,0,0,0
ag2204,20220218,20220218,133410000,13:34:12,4869,8326,23814,607155300,0,0,0
ag2204,20220218,20220218,133410500,13:34:12,4869,8326,23814,607155300,0,0,0
ag2204,20220218,20220218,133411500,13:34:12,4869,8326,23814,607155300,0,0,0
ag2204,20220218,20220218,133412000,13:34:12,4869,8326,23814,607155300,0,0,0
ag2204,20220218,20220218,133412500,13:34:13,4869,8326,23814,607155300,0,0,0
ag2204,20220218,20220218,133413000,13:34:13,4869,8326,23814,607155300,0,0,0
ag2204,20220218,20220218,133413500,13:34:14,4869,8326,23814,607155300,0,0,0
ag2204,20220218,20220218,133414000,13:34:14,4869,8326,23814,607155300,0,0,0
ag2204,20220218,20220218,133414500,13:34:15,4869,8326,23814,607155300,0,0,0
ag2204,20220218,20220218,133415000,13:34:15,4869,8326,23814,607155300,0,0,0
ag2204,20220218,20220218,133415500,13:34:16,4869,8326,23814,607155300,0,0,0
ag2204,20220218,20220218,133416000,13:34:16,4869,8326,23814,607155300,0,0,0
ag2204,20220218,20220218,133416500,13:34:17,4869,8326,23814,607155300,0,0,0
ag2204,20220218,20220218,133417000,13:34:17,4869,8326,23814,607155300,0,0,0
ag2204,20220218,20220218,133417500,13:34:17,4869,8326,23814,607155300,0,0,0
ag2204,20220218,20220218,133418000,13:34:18,4869,8326,23814,607155300,0,0,0
ag2204,20220218,20220218,133418500,13:34:19,4869,8326,23814,607155300,0,0,0
ag2204,20220218,20220218,133419000,13:34:19,4869,8326,23814,607155300,0,0,0
ag2204,20220218,20220218,133419500,13:34:20,4869,8326,23814,607155300,0,0,0
ag2204,20220218,20220218,133420000,13:34:20,4869,8326,23814,607155300,0,0,0
ag2204,20220218,20220218,133420500,13:34:23,4869,8326,23814,607155300,0,0,0
ag2204,20220218,20220218,133421000,13:34:23,4869,8326,23814,607155300,0,0,0
ag2204,20220218,20220218,133421500,13:34:23,4869,8326,23814,607155300,0,0,0
ag2204,20220218,20220218,133423000,13:34:24,4869,8326,23814,607155300,0,0,0
ag2204,20220218,20220218,133423500,13:34:24,4869,8326,23814,607155300,0,0,0
ag2204,20220218,20220218,133424000,13:34:24,4869,8326,23814,607155300,0,0,0
ag2204,20220218,20220218,133424500,13:34:24,4869,8326,23814,607155300,0,0,0
ag2204,20220218,20220218,133425000,13:34:25,4869,8326,23814,607155300,0,0,0
ag2204,20220218,20220218,133425500,13:34:25,4869,8326,23814,607155300,0,0,0
ag2204,20220218,20220218,133426000,13:34:26,4869,8326,23814,607155300,0,0,0
ag2204,20220218,20220218,133426500,13:34:26,4869,8326,23814,607155300,0,0,0
ag2204,20220218,20220218,133427000,13:34:27,4869,8326,23814,607155300,0,0,0
ag2204,20220218,20220218,133427500,13:34:28,4869,8326,23814,607155300,0,0,0
ag2204,20220218,20220218,133428000,13:34:28,4869,8326,23814,607155300,0,0,0
ag2204,20220218,20220218,133428500,13:34:29,4869,8326,23814,607155300,0,0,0
ag2204,20220218,20220218,133429000,13:34:29,4869,8326,23814,607155300,0,0,0
ag2204,20220218,20220218,133429500,13:34:29,4869,8326,23814,607155300,0,0,0
ag2204,20220218,20220218,133430000,13:34:30,4869,8326,23814,607155300,0,0,0
ag2204,20220218,20220218,133430500,13:34:30,4869,8326,23814,607155300,0,0,0
ag2204,20220218,20220218,133431000,13:34:31,4869,8326,23814,607155300,0,0,0
ag2204,20220218,20220218,133431500,13:34:31,4869,8326,23814,607155300,0,0,0
ag2204,20220218,20220218,133432000,13:34:32,4869,8326,23814,607155300,0,0,0
ag2204,20220218,20220218,133432500,13:34:32,4869,8326,23814,607155300,0,0,0
ag2204,20220218,20220218,133433000,13:34:34,4869,8326,23814,607155300,0,0,0
ag2204,20220218,20220218,133433500,13:34:34,4869,8326,23814,607155300,0,0,0
ag2204,20220218,20220218,133434000,13:34:34,4869,8326,23814,607155300,0,0,0
ag2204,20220218,20220218,133434500,13:34:35,4869,8326,23814,607155300,0,0,0
ag2204,20220218,20220218,133435000,13:34:35,4869,8326,23814,607155300,0,0,0
ag2204,20220218,20220218,133435500,13:34:36,4869,8326,23814,607155300,0,0,0
ag2204,20220218,20220218,133436000,13:34:36,4869,8326,23814,607155300,0,0,0
ag2204,20220218,20220218,133436500,13:34:36,4869,8326,23814,607155300,0,0,0
ag2204,20220218,20220218,133437000,13:34:37,4869,8326,23814,607155300,0,0,0
ag2204,20220218,20220218,133438500,13:34:39,4869,8326,23814,607155300,0,0,0
ag2204,20220218,20220218,133439000,13:34:39,4869,8326,23814,607155300,0,0,0
ag2204,20220218,20220218,133439500,13:34:39,4869,8326,23814,607155300,0,0,0
ag2204,20220218,20220218,133440000,13:34:40,4869,8326,23814,607155300,0,0,0
ag2204,20220218,20220218,133440500,13:34:41,4869,8326,23814,607155300,0,0,0
ag2204,20220218,20220218,133441000,13:34:41,4869,8326,23814,607155300,0,0,0
ag2204,20220218,20220218,133442000,13:34:44,4869,8326,23814,607155300,0,0,0
ag2204,20220218,20220218,133442500,13:34:44,4869,8326,23814,607155300,0,0,0
ag2204,20220218,20220218,133443500,13:34:45,4869,8326,23814,607155300,0,0,0
ag2204,20220218,20220218,133444000,13:34:45,4869,8326,23814,607155300,0,0,0
ag2204,20220218,20220218,133444500,13:34:46,4869,8326,23814,607155300,0,0,0
ag2204,20220218,20220218,133445000,13:34:46,4871,8330,23815,607447500,4,1,292200
ag2204,20220218,20220218,133445500,13:34:46,4871,8330,23815,607447500,0,0,0
ag2204,20220218,20220218,133446000,13:34:46,4871,8331,23814,607520565,1,-1,73065
ag2204,20220218,20220218,133446500,13:34:47,4872,8332,23814,607593645,1,0,73080
ag2204,20220218,20220218,133447000,13:34:47,4872,8334,23814,607739805,2,0,146160
ag2204,20220218,20220218,133447500,13:34:48,4872,8334,23814,607739805,0,0,0
ag2204,20220218,20220218,133448000,13:34:48,4872,8334,23814,607739805,0,0,0
ag2204,20220218,20220218,133448500,13:34:49,4872,8334,23814,607739805,0,0,0
ag2204,20220218,20220218,133449000,13:34:49,4871,8335,23813,607812870,1,-1,73065
ag2204,20220218,20220218,133449500,13:34:49,4871,8335,23813,607812870,0,0,0
ag2204,20220218,20220218,133450000,13:34:51,4871,8335,23813,607812870,0,0,0
ag2204,20220218,20220218,133450500,13:34:51,4871,8335,23813,607812870,0,0,0
ag2204,20220218,20220218,133451000,13:34:51,4871,8335,23813,607812870,0,0,0
ag2204,20220218,20220218,133452000,13:34:52,4871,8335,23813,607812870,0,0,0
ag2204,20220218,20220218,133452500,13:34:53,4871,8335,23813,607812870,0,0,0
ag2204,20220218,20220218,133453000,13:34:53,4871,8335,23813,607812870,0,0,0
ag2204,20220218,20220218,133453500,13:34:55,4871,8335,23813,607812870,0,0,0
ag2204,20220218,20220218,133454000,13:34:56,4871,8335,23813,607812870,0,0,0
ag2204,20220218,20220218,133454500,13:34:56,4871,8335,23813,607812870,0,0,0
ag2204,20220218,20220218,133455500,13:34:56,4871,8335,23813,607812870,0,0,0
ag2204,20220218,20220218,133456000,13:34:57,4871,8335,23813,607812870,0,0,0
ag2204,20220218,20220218,133456500,13:34:57,4871,8335,23813,607812870,0,0,0
ag2204,20220218,20220218,133457000,13:34:57,4871,8335,23813,607812870,0,0,0
ag2204,20220218,20220218,133457500,13:34:58,4871,8335,23813,607812870,0,0,0
ag2204,20220218,20220218,133458000,13:34:58,4871,8335,23813,607812870,0,0,0
ag2204,20220218,20220218,133458500,13:34:59,4871,8335,23813,607812870,0,0,0
ag2204,20220218,20220218,133459000,13:34:59,4871,8335,23813,607812870,0,0,0
ag2204,20220218,20220218,133501000,13:35:04,4871,8335,23813,607812870,0,0,0
ag2204,20220218,20220218,133501500,13:35:05,4871,8335,23813,607812870,0,0,0
ag2204,20220218,20220218,133502000,13:35:10,4871,8335,23813,607812870,0,0,0
ag2204,20220218,20220218,133504500,13:35:10,4871,8335,23813,607812870,0,0,0
ag2204,20220218,20220218,133505000,13:35:10,4871,8335,23813,607812870,0,0,0
ag2204,20220218,20220218,133508500,13:35:10,4871,8335,23813,607812870,0,0,0
ag2204,20220218,20220218,133511500,13:35:12,4871,8336,23814,607885935,1,1,73065
ag2204,20220218,20220218,133512000,13:35:13,4871,8337,23814,607959000,1,0,73065
ag2204,20220218,20220218,133512500,13:35:13,4871,8337,23814,607959000,0,0,0
ag2204,20220218,20220218,133513000,13:35:13,4871,8337,23814,607959000,0,0,0
ag2204,20220218,20220218,133513500,13:35:14,4871,8337,23814,607959000,0,0,0
ag2204,20220218,20220218,133514000,13:35:14,4871,8337,23814,607959000,0,0,0
ag2204,20220218,20220218,133515500,13:35:16,4871,8337,23814,607959000,0,0,0
ag2204,20220218,20220218,133516000,13:35:16,4872,8343,23816,608397480,6,2,438480
ag2204,20220218,20220218,133516500,13:35:17,4872,8343,23816,608397480,0,0,0
ag2204,20220218,20220218,133517000,13:35:17,4872,8343,23816,608397480,0,0,0
ag2204,20220218,20220218,133517500,13:35:18,4872,8343,23816,608397480,0,0,0
ag2204,20220218,20220218,133518000,13:35:19,4872,8344,23816,608470560,1,0,73080
ag2204,20220218,20220218,133518500,13:35:19,4872,8345,23815,608543640,1,-1,73080
ag2204,20220218,20220218,133519000,13:35:19,4872,8345,23815,608543640,0,0,0
ag2204,20220218,20220218,133519500,13:35:20,4872,8345,23815,608543640,0,0,0
ag2204,20220218,20220218,133520000,13:35:20,4872,8345,23815,608543640,0,0,0
ag2204,20220218,20220218,133520500,13:35:21,4872,8345,23815,608543640,0,0,0
ag2204,20220218,20220218,133521000,13:35:21,4872,8345,23815,608543640,0,0,0
ag2204,20220218,20220218,133521500,13:35:22,4872,8345,23815,608543640,0,0,0
ag2204,20220218,20220218,133522000,13:35:22,4872,8345,23815,608543640,0,0,0
ag2204,20220218,20220218,133522500,13:35:23,4872,8345,23815,608543640,0,0,0
ag2204,20220218,20220218,133523000,13:35:23,4872,8345,23815,608543640,0,0,0
ag2204,20220218,20220218,133523500,13:35:23,4872,8345,23815,608543640,0,0,0
ag2204,20220218,20220218,133524000,13:35:25,4872,8345,23815,608543640,0,0,0
ag2204,20220218,20220218,133524500,13:35:25,4872,8345,23815,608543640,0,0,0
ag2204,20220218,20220218,133525000,13:35:25,4872,8345,23815,608543640,0,0,0
ag2204,20220218,20220218,133525500,13:35:26,4872,8345,23815,608543640,0,0,0
ag2204,20220218,20220218,133526000,13:35:26,4873,8346,23815,608616735,1,0,73095
ag2204,20220218,20220218,133526500,13:35:27,4873,8346,23815,608616735,0,0,0
ag2204,20220218,20220218,133527000,13:35:27,4873,8346,23815,608616735,0,0,0
ag2204,20220218,20220218,133527500,13:35:31,4873,8346,23815,608616735,0,0,0
ag2204,20220218,20220218,133528000,13:35:32,4873,8346,23815,608616735,0,0,0
ag2204,20220218,20220218,133531000,13:35:33,4873,8346,23815,608616735,0,0,0
ag2204,20220218,20220218,133532000,13:35:42,4873,8346,23815,608616735,0,0,0
ag2204,20220218,20220218,133540500,13:35:43,4873,8346,23815,608616735,0,0,0
ag2204,20220218,20220218,133542000,13:35:43,4873,8346,23815,608616735,0,0,0
ag2204,20220218,20220218,133543500,13:35:44,4873,8346,23815,608616735,0,0,0
ag2204,20220218,20220218,133544000,13:35:44,4873,8346,23815,608616735,0,0,0
ag2204,20220218,20220218,133544500,13:35:45,4873,8346,23815,608616735,0,0,0
ag2204,20220218,20220218,133545000,13:35:46,4873,8346,23815,608616735,0,0,0
ag2204,20220218,20220218,133545500,13:35:46,4873,8346,23815,608616735,0,0,0
ag2204,20220218,20220218,133546000,13:35:46,4873,8346,23815,608616735,0,0,0
ag2204,20220218,20220218,133546500,13:35:46,4873,8346,23815,608616735,0,0,0
ag2204,20220218,20220218,133547000,13:35:47,4873,8346,23815,608616735,0,0,0
ag2204,20220218,20220218,133547500,13:35:48,4873,8346,23815,608616735,0,0,0
ag2204,20220218,20220218,133548000,13:35:48,4873,8346,23815,608616735,0,0,0
ag2204,20220218,20220218,133548500,13:35:48,4873,8346,23815,608616735,0,0,0
ag2204,20220218,20220218,133549000,13:35:49,4873,8346,23815,608616735,0,0,0
ag2204,20220218,20220218,133549500,13:35:49,4873,8346,23815,608616735,0,0,0
ag2204,20220218,20220218,133550000,13:35:50,4873,8346,23815,608616735,0,0,0
ag2204,20220218,20220218,133551500,13:35:51,4873,8346,23815,608616735,0,0,0
ag2204,20220218,20220218,133552000,13:35:52,4873,8346,23815,608616735,0,0,0
ag2204,20220218,20220218,133552500,13:35:53,4873,8346,23815,608616735,0,0,0
ag2204,20220218,20220218,133553000,13:35:53,4873,8346,23815,608616735,0,0,0
ag2204,20220218,20220218,133553500,13:35:55,4873,8346,23815,608616735,0,0,0
ag2204,20220218,20220218,133554000,13:35:55,4873,8346,23815,608616735,0,0,0
ag2204,20220218,20220218,133554500,13:35:55,4873,8346,23815,608616735,0,0,0
ag2204,20220218,20220218,133555000,13:35:56,4873,8346,23815,608616735,0,0,0
ag2204,20220218,20220218,133555500,13:35:56,4873,8346,23815,608616735,0,0,0
ag2204,20220218,20220218,133556000,13:35:56,4873,8346,23815,608616735,0,0,0
ag2204,20220218,20220218,133556500,13:35:57,4873,8348,23814,608762925,2,-1,146190
ag2204,20220218,20220218,133557000,13:35:59,4873,8349,23814,608836020,1,0,73095
ag2204,20220218,20220218,133557500,13:36:01,4873,8349,23814,608836020,0,0,0
ag2204,20220218,20220218,133558000,13:36:01,4873,8349,23814,608836020,0,0,0
ag2204,20220218,20220218,133559500,13:36:03,4873,8349,23814,608836020,0,0,0
ag2204,20220218,20220218,133601500,13:36:03,4873,8349,23814,608836020,0,0,0
ag2204,20220218,20220218,133602500,13:36:03,4873,8349,23814,608836020,0,0,0
ag2204,20220218,20220218,133603000,13:36:05,4873,8349,23814,608836020,0,0,0
ag2204,20220218,20220218,133603500,13:36:05,4873,8349,23814,608836020,0,0,0
ag2204,20220218,20220218,133604500,13:36:06,4873,8349,23814,608836020,0,0,0
ag2204,20220218,20220218,133605500,13:36:07,4873,8349,23814,608836020,0,0,0
ag2204,20220218,20220218,133606000,13:36:07,4873,8349,23814,608836020,0,0,0
ag2204,20220218,20220218,133606500,13:36:07,4873,8349,23814,608836020,0,0,0
ag2204,20220218,20220218,133607000,13:36:08,4873,8349,23814,608836020,0,0,0
ag2204,20220218,20220218,133607500,13:36:08,4873,8349,23814,608836020,0,0,0
ag2204,20220218,20220218,133608000,13:36:08,4873,8349,23814,608836020,0,0,0
ag2204,20220218,20220218,133608500,13:36:09,4873,8349,23814,608836020,0,0,0
ag2204,20220218,20220218,133609500,13:36:10,4873,8349,23814,608836020,0,0,0
ag2204,20220218,20220218,133611500,13:36:12,4873,8349,23814,608836020,0,0,0
ag2204,20220218,20220218,133612000,13:36:12,4873,8349,23814,608836020,0,0,0
ag2204,20220218,20220218,133612500,13:36:12,4873,8349,23814,608836020,0,0,0
ag2204,20220218,20220218,133613000,13:36:13,4873,8349,23814,608836020,0,0,0
ag2204,20220218,20220218,133613500,13:36:14,4873,8349,23814,608836020,0,0,0
ag2204,20220218,20220218,133614000,13:36:14,4873,8349,23814,608836020,0,0,0
ag2204,20220218,20220218,133614500,13:36:14,4873,8349,23814,608836020,0,0,0
ag2204,20220218,20220218,133615000,13:36:15,4873,8349,23814,608836020,0,0,0
ag2204,20220218,20220218,133615500,13:36:15,4873,8349,23814,608836020,0,0,0
ag2204,20220218,20220218,133616000,13:36:16,4873,8349,23814,608836020,0,0,0
ag2204,20220218,20220218,133616500,13:36:17,4873,8349,23814,608836020,0,0,0
ag2204,20220218,20220218,133620000,13:36:20,4873,8349,23814,608836020,0,0,0
ag2204,20220218,20220218,133620500,13:36:20,4873,8349,23814,608836020,0,0,0
ag2204,20220218,20220218,133621000,13:36:21,4873,8349,23814,608836020,0,0,0
ag2204,20220218,20220218,133621500,13:36:21,4873,8349,23814,608836020,0,0,0
ag2204,20220218,20220218,133622000,13:36:22,4873,8349,23814,608836020,0,0,0
ag2204,20220218,20220218,133623500,13:36:23,4873,8349,23814,608836020,0,0,0
ag2204,20220218,20220218,133625500,13:36:26,4873,8349,23814,608836020,0,0,0
ag2204,20220218,20220218,133626500,13:36:27,4873,8349,23814,608836020,0,0,0
ag2204,20220218,20220218,133627000,13:36:28,4873,8349,23814,608836020,0,0,0
ag2204,20220218,20220218,133627500,13:36:28,4873,8349,23814,608836020,0,0,0
ag2204,20220218,20220218,133628000,13:36:28,4873,8349,23814,608836020,0,0,0
ag2204,20220218,20220218,133628500,13:36:29,4873,8349,23814,608836020,0,0,0
ag2204,20220218,20220218,133629000,13:36:30,4873,8349,23814,608836020,0,0,0
ag2204,20220218,20220218,133630500,13:36:31,4873,8350,23815,608909115,1,1,73095
ag2204,20220218,20220218,133631000,13:36:31,4873,8350,23815,608909115,0,0,0
ag2204,20220218,20220218,133631500,13:36:31,4873,8350,23815,608909115,0,0,0
ag2204,20220218,20220218,133632000,13:36:32,4873,8350,23815,608909115,0,0,0
ag2204,20220218,20220218,133632500,13:36:32,4873,8350,23815,608909115,0,0,0
ag2204,20220218,20220218,133633000,13:36:33,4873,8350,23815,608909115,0,0,0
ag2204,20220218,20220218,133633500,13:36:33,4873,8350,23815,608909115,0,0,0
ag2204,20220218,20220218,133634000,13:36:34,4873,8350,23815,608909115,0,0,0
ag2204,20220218,20220218,133634500,13:36:35,4873,8350,23815,608909115,0,0,0
ag2204,20220218,20220218,133635000,13:36:35,4873,8350,23815,608909115,0,0,0
ag2204,20220218,20220218,133635500,13:36:36,4873,8350,23815,608909115,0,0,0
ag2204,20220218,20220218,133636000,13:36:36,4873,8350,23815,608909115,0,0,0
ag2204,20220218,20220218,133636500,13:36:36,4873,8350,23815,608909115,0,0,0
ag2204,20220218,20220218,133637000,13:36:38,4873,8350,23815,608909115,0,0,0
ag2204,20220218,20220218,133637500,13:36:38,4873,8350,23815,608909115,0,0,0
ag2204,20220218,20220218,133638000,13:36:39,4873,8350,23815,608909115,0,0,0
ag2204,20220218,20220218,133638500,13:36:39,4873,8350,23815,608909115,0,0,0
ag2204,20220218,20220218,133639000,13:36:39,4873,8350,23815,608909115,0,0,0
ag2204,20220218,20220218,133639500,13:36:39,4873,8350,23815,608909115,0,0,0
ag2204,20220218,20220218,133640000,13:36:40,4873,8350,23815,608909115,0,0,0
ag2204,20220218,20220218,133640500,13:36:40,4873,8350,23815,608909115,0,0,0
ag2204,20220218,20220218,133641000,13:36:41,4873,8350,23815,608909115,0,0,0
ag2204,20220218,20220218,133641500,13:36:42,4873,8350,23815,608909115,0,0,0
ag2204,20220218,20220218,133642000,13:36:42,4873,8350,23815,608909115,0,0,0
ag2204,20220218,20220218,133643000,13:36:43,4873,8350,23815,608909115,0,0,0
ag2204,20220218,20220218,133643500,13:36:44,4873,8350,23815,608909115,0,0,0
ag2204,20220218,20220218,133644000,13:36:44,4873,8350,23815,608909115,0,0,0
ag2204,20220218,20220218,133644500,13:36:44,4873,8350,23815,608909115,0,0,0
ag2204,20220218,20220218,133645000,13:36:45,4873,8350,23815,608909115,0,0,0
ag2204,20220218,20220218,133645500,13:36:46,4873,8350,23815,608909115,0,0,0
ag2204,20220218,20220218,133646000,13:36:46,4873,8350,23815,608909115,0,0,0
ag2204,20220218,20220218,133646500,13:36:46,4873,8350,23815,608909115,0,0,0
ag2204,20220218,20220218,133647000,13:36:47,4873,8350,23815,608909115,0,0,0
ag2204,20220218,20220218,133647500,13:36:48,4873,8350,23815,608909115,0,0,0
ag2204,20220218,20220218,133648000,13:36:48,4873,8350,23815,608909115,0,0,0
ag2204,20220218,20220218,133648500,13:36:48,4873,8350,23815,608909115,0,0,0
ag2204,20220218,20220218,133649000,13:36:49,4873,8350,23815,608909115,0,0,0
ag2204,20220218,20220218,133649500,13:36:49,4873,8350,23815,608909115,0,0,0
ag2204,20220218,20220218,133650500,13:36:50,4873,8350,23815,608909115,0,0,0
ag2204,20220218,20220218,133651000,13:36:51,4873,8350,23815,608909115,0,0,0
ag2204,20220218,20220218,133651500,13:36:52,4873,8350,23815,608909115,0,0,0
ag2204,20220218,20220218,133652000,13:36:52,4873,8350,23815,608909115,0,0,0
ag2204,20220218,20220218,133652500,13:36:53,4873,8350,23815,608909115,0,0,0
ag2204,20220218,20220218,133653000,13:36:53,4874,8351,23815,608982225,1,0,73110
ag2204,20220218,20220218,133653500,13:36:54,4874,8352,23815,609055335,1,0,73110
ag2204,20220218,20220218,133654000,13:36:54,4874,8352,23815,609055335,0,0,0
ag2204,20220218,20220218,133654500,13:36:54,4874,8352,23815,609055335,0,0,0
ag2204,20220218,20220218,133655000,13:36:55,4874,8352,23815,609055335,0,0,0
ag2204,20220218,20220218,133655500,13:36:56,4874,8352,23815,609055335,0,0,0
ag2204,20220218,20220218,133656000,13:36:56,4874,8352,23815,609055335,0,0,0
ag2204,20220218,20220218,133656500,13:36:57,4874,8352,23815,609055335,0,0,0
ag2204,20220218,20220218,133657500,13:36:58,4874,8352,23815,609055335,0,0,0
ag2204,20220218,20220218,133659000,13:36:59,4874,8352,23815,609055335,0,0,0
ag2204,20220218,20220218,133700000,13:37:00,4874,8352,23815,609055335,0,0,0
ag2204,20220218,20220218,133700500,13:37:00,4874,8352,23815,609055335,0,0,0
ag2204,20220218,20220218,133701000,13:37:01,4874,8352,23815,609055335,0,0,0
ag2204,20220218,20220218,133701500,13:37:02,4874,8352,23815,609055335,0,0,0
ag2204,20220218,20220218,133702000,13:37:02,4874,8352,23815,609055335,0,0,0
ag2204,20220218,20220218,133702500,13:37:03,4874,8352,23815,609055335,0,0,0
ag2204,20220218,20220218,133703000,13:37:03,4874,8352,23815,609055335,0,0,0
ag2204,20220218,20220218,133703500,13:37:03,4874,8352,23815,609055335,0,0,0
ag2204,20220218,20220218,133704000,13:37:04,4874,8352,23815,609055335,0,0,0
ag2204,20220218,20220218,133704500,13:37:05,4874,8352,23815,609055335,0,0,0
ag2204,20220218,20220218,133705000,13:37:05,4874,8352,23815,609055335,0,0,0
ag2204,20220218,20220218,133706000,13:37:08,4874,8352,23815,609055335,0,0,0
ag2204,20220218,20220218,133707500,13:37:08,4874,8352,23815,609055335,0,0,0
ag2204,20220218,20220218,133708000,13:37:08,4874,8356,23818,609347775,4,3,292440
ag2204,20220218,20220218,133708500,13:37:08,4875,8357,23818,609420900,1,0,73125
ag2204,20220218,20220218,133709000,13:37:09,4875,8357,23818,609420900,0,0,0
ag2204,20220218,20220218,133709500,13:37:10,4875,8357,23818,609420900,0,0,0
ag2204,20220218,20220218,133710000,13:37:11,4875,8357,23818,609420900,0,0,0
ag2204,20220218,20220218,133710500,13:37:11,4875,8357,23818,609420900,0,0,0
ag2204,20220218,20220218,133711000,13:37:12,4875,8357,23818,609420900,0,0,0
ag2204,20220218,20220218,133711500,13:37:13,4875,8357,23818,609420900,0,0,0
ag2204,20220218,20220218,133712000,13:37:13,4875,8357,23818,609420900,0,0,0
ag2204,20220218,20220218,133712500,13:37:13,4875,8357,23818,609420900,0,0,0
ag2204,20220218,20220218,133713000,13:37:13,4875,8357,23818,609420900,0,0,0
ag2204,20220218,20220218,133713500,13:37:14,4875,8357,23818,609420900,0,0,0
ag2204,20220218,20220218,133714000,13:37:14,4875,8357,23818,609420900,0,0,0
ag2204,20220218,20220218,133714500,13:37:15,4875,8357,23818,609420900,0,0,0
ag2204,20220218,20220218,133715000,13:37:15,4875,8357,23818,609420900,0,0,0
ag2204,20220218,20220218,133715500,13:37:16,4875,8357,23818,609420900,0,0,0
ag2204,20220218,20220218,133716000,13:37:16,4875,8358,23819,609494025,1,1,73125
ag2204,20220218,20220218,133716500,13:37:17,4875,8358,23819,609494025,0,0,0
ag2204,20220218,20220218,133717000,13:37:18,4875,8358,23819,609494025,0,0,0
ag2204,20220218,20220218,133717500,13:37:18,4875,8358,23819,609494025,0,0,0
ag2204,20220218,20220218,133718500,13:37:19,4875,8359,23819,609567150,1,0,73125
ag2204,20220218,20220218,133719000,13:37:19,4874,8364,23815,609932715,5,-4,365565
ag2204,20220218,20220218,133719500,13:37:20,4874,8364,23815,609932715,0,0,0
ag2204,20220218,20220218,133720000,13:37:21,4874,8364,23815,609932715,0,0,0
ag2204,20220218,20220218,133720500,13:37:21,4874,8364,23815,609932715,0,0,0
ag2204,20220218,20220218,133721000,13:37:21,4874,8364,23815,609932715,0,0,0
ag2204,20220218,20220218,133721500,13:37:22,4874,8364,23815,609932715,0,0,0
ag2204,20220218,20220218,133722000,13:37:22,4874,8364,23815,609932715,0,0,0
ag2204,20220218,20220218,133723500,13:37:23,4874,8364,23815,609932715,0,0,0
ag2204,20220218,20220218,133724000,13:37:24,4874,8364,23815,609932715,0,0,0
ag2204,20220218,20220218,133724500,13:37:25,4874,8364,23815,609932715,0,0,0
ag2204,20220218,20220218,133725000,13:37:25,4874,8364,23815,609932715,0,0,0
ag2204,20220218,20220218,133727000,13:37:27,4874,8365,23815,610005825,1,0,73110
ag2204,20220218,20220218,133727500,13:37:27,4874,8365,23815,610005825,0,0,0
ag2204,20220218,20220218,133728000,13:37:28,4874,8365,23815,610005825,0,0,0
ag2204,20220218,20220218,133728500,13:37:28,4874,8365,23815,610005825,0,0,0
ag2204,20220218,20220218,133729000,13:37:29,4874,8365,23815,610005825,0,0,0
ag2204,20220218,20220218,133729500,13:37:30,4874,8365,23815,610005825,0,0,0
ag2204,20220218,20220218,133730500,13:37:31,4874,8365,23815,610005825,0,0,0
ag2204,20220218,20220218,133731500,13:37:31,4874,8365,23815,610005825,0,0,0
ag2204,20220218,20220218,133732000,13:37:32,4874,8365,23815,610005825,0,0,0
ag2204,20220218,20220218,133732500,13:37:33,4874,8365,23815,610005825,0,0,0
ag2204,20220218,20220218,133734500,13:37:34,4873,8366,23815,610078920,1,0,73095
ag2204,20220218,20220218,133735000,13:37:35,4873,8366,23815,610078920,0,0,0
ag2204,20220218,20220218,133735500,13:37:36,4873,8366,23815,610078920,0,0,0
ag2204,20220218,20220218,133736000,13:37:36,4873,8366,23815,610078920,0,0,0
ag2204,20220218,20220218,133736500,13:37:37,4873,8366,23815,610078920,0,0,0
ag2204,20220218,20220218,133741500,13:37:41,4873,8366,23815,610078920,0,0,0
ag2204,20220218,20220218,133745000,13:37:45,4873,8366,23815,610078920,0,0,0
ag2204,20220218,20220218,133746500,13:37:47,4873,8366,23815,610078920,0,0,0
ag2204,20220218,20220218,133747500,13:37:48,4873,8367,23815,610152015,1,0,73095
ag2204,20220218,20220218,133748000,13:37:48,4873,8367,23815,610152015,0,0,0
ag2204,20220218,20220218,133748500,13:37:49,4873,8367,23815,610152015,0,0,0
ag2204,20220218,20220218,133749000,13:37:49,4873,8367,23815,610152015,0,0,0
ag2204,20220218,20220218,133749500,13:37:49,4873,8367,23815,610152015,0,0,0
ag2204,20220218,20220218,133750500,13:37:51,4873,8367,23815,610152015,0,0,0
ag2204,20220218,20220218,133751000,13:37:51,4873,8367,23815,610152015,0,0,0
ag2204,20220218,20220218,133753500,13:37:54,4873,8367,23815,610152015,0,0,0
ag2204,20220218,20220218,133757000,13:37:57,4873,8367,23815,610152015,0,0,0
ag2204,20220218,20220218,133757500,13:37:58,4873,8367,23815,610152015,0,0,0
ag2204,20220218,20220218,133759500,13:38:00,4873,8367,23815,610152015,0,0,0
ag2204,20220218,20220218,133800500,13:38:02,4873,8367,23815,610152015,0,0,0
ag2204,20220218,20220218,133801000,13:38:03,4873,8367,23815,610152015,0,0,0
ag2204,20220218,20220218,133802000,13:38:03,4873,8367,23815,610152015,0,0,0
ag2204,20220218,20220218,133805000,13:38:06,4873,8368,23815,610225110,1,0,73095
ag2204,20220218,20220218,133806000,13:38:08,4873,8371,23817,610444395,3,2,219285
ag2204,20220218,20220218,133806500,13:38:09,4873,8371,23817,610444395,0,0,0
ag2204,20220218,20220218,133807000,13:38:09,4873,8371,23817,610444395,0,0,0
ag2204,20220218,20220218,133809000,13:38:09,4873,8371,23817,610444395,0,0,0
ag2204,20220218,20220218,133810000,13:38:10,4873,8371,23817,610444395,0,0,0
ag2204,20220218,20220218,133810500,13:38:11,4873,8371,23817,610444395,0,0,0
ag2204,20220218,20220218,133811000,13:38:13,4873,8371,23817,610444395,0,0,0
ag2204,20220218,20220218,133811500,13:38:14,4873,8371,23817,610444395,0,0,0
ag2204,20220218,20220218,133812000,13:38:14,4873,8371,23817,610444395,0,0,0
ag2204,20220218,20220218,133815000,13:38:17,4873,8371,23817,610444395,0,0,0
ag2204,20220218,20220218,133817000,13:38:18,4873,8371,23817,610444395,0,0,0
ag2204,20220218,20220218,133817500,13:38:18,4873,8371,23817,610444395,0,0,0
ag2204,20220218,20220218,133818000,13:38:18,4873,8371,23817,610444395,0,0,0
ag2204,20220218,20220218,133818500,13:38:19,4873,8371,23817,610444395,0,0,0
ag2204,20220218,20220218,133819000,13:38:19,4873,8371,23817,610444395,0,0,0
ag2204,20220218,20220218,133819500,13:38:20,4873,8371,23817,610444395,0,0,0
ag2204,20220218,20220218,133821500,13:38:23,4873,8371,23817,610444395,0,0,0
ag2204,20220218,20220218,133822500,13:38:23,4873,8371,23817,610444395,0,0,0
ag2204,20220218,20220218,133823000,13:38:24,4873,8371,23817,610444395,0,0,0
ag2204,20220218,20220218,133823500,13:38:24,4873,8372,23818,610517490,1,1,73095
ag2204,20220218,20220218,133824000,13:38:25,4873,8374,23817,610663680,2,-1,146190
ag2204,20220218,20220218,133824500,13:38:41,4873,8374,23817,610663680,0,0,0
ag2204,20220218,20220218,133825000,13:38:41,4873,8374,23817,610663680,0,0,0
ag2204,20220218,20220218,133825500,13:38:41,4873,8374,23817,610663680,0,0,0
ag2204,20220218,20220218,133840000,13:38:42,4873,8374,23817,610663680,0,0,0
ag2204,20220218,20220218,133842000,13:38:43,4873,8374,23817,610663680,0,0,0
ag2204,20220218,20220218,133844500,13:38:44,4873,8374,23817,610663680,0,0,0
ag2204,20220218,20220218,133845500,13:38:45,4873,8374,23817,610663680,0,0,0
ag2204,20220218,20220218,133847000,13:38:47,4873,8374,23817,610663680,0,0,0
ag2204,20220218,20220218,133848500,13:38:48,4873,8375,23818,610736775,1,1,73095
ag2204,20220218,20220218,133850500,13:38:50,4873,8377,23818,610882965,2,0,146190
ag2204,20220218,20220218,133851500,13:38:51,4873,8377,23818,610882965,0,0,0
ag2204,20220218,20220218,133854000,13:38:54,4873,8377,23818,610882965,0,0,0
ag2204,20220218,20220218,133858000,13:38:58,4873,8377,23818,610882965,0,0,0
ag2204,20220218,20220218,133900000,13:39:00,4873,8377,23818,610882965,0,0,0
ag2204,20220218,20220218,133901000,13:39:01,4873,8377,23818,610882965,0,0,0
ag2204,20220218,20220218,133902000,13:39:02,4873,8377,23818,610882965,0,0,0
ag2204,20220218,20220218,133902500,13:39:02,4873,8377,23818,610882965,0,0,0
ag2204,20220218,20220218,133908500,13:39:08,4873,8377,23818,610882965,0,0,0
ag2204,20220218,20220218,133910000,13:39:10,4873,8377,23818,610882965,0,0,0
ag2204,20220218,20220218,133912000,13:39:12,4873,8377,23818,610882965,0,0,0
ag2204,20220218,20220218,133913500,13:39:13,4873,8377,23818,610882965,0,0,0
ag2204,20220218,20220218,133914000,13:39:15,4873,8381,23821,611175345,4,3,292380
ag2204,20220218,20220218,133914500,13:39:16,4874,8383,23821,611321565,2,0,146220
ag2204,20220218,20220218,133915000,13:39:18,4874,8383,23821,611321565,0,0,0
ag2204,20220218,20220218,133915500,13:39:19,4874,8384,23822,611394675,1,1,73110
ag2204,20220218,20220218,133918000,13:39:19,4874,8384,23822,611394675,0,0,0
ag2204,20220218,20220218,133919000,13:39:19,4874,8384,23822,611394675,0,0,0
ag2204,20220218,20220218,133920000,13:39:20,4874,8384,23822,611394675,0,0,0
ag2204,20220218,20220218,133921500,13:39:21,4874,8384,23822,611394675,0,0,0
ag2204,20220218,20220218,133922500,13:39:23,4874,8384,23822,611394675,0,0,0
ag2204,20220218,20220218,133924000,13:39:24,4874,8387,23824,611614005,3,2,219330
ag2204,20220218,20220218,133925000,13:39:25,4874,8387,23824,611614005,0,0,0
ag2204,20220218,20220218,133926000,13:39:26,4874,8388,23824,611687115,1,0,73110
ag2204,20220218,20220218,133928000,13:39:28,4874,8388,23824,611687115,0,0,0
ag2204,20220218,20220218,133929000,13:39:29,4874,8388,23824,611687115,0,0,0
ag2204,20220218,20220218,133931000,13:39:31,4874,8388,23824,611687115,0,0,0
ag2204,20220218,20220218,133935000,13:39:35,4874,8388,23824,611687115,0,0,0
ag2204,20220218,20220218,133936000,13:39:36,4874,8388,23824,611687115,0,0,0
ag2204,20220218,20220218,133937000,13:39:37,4874,8388,23824,611687115,0,0,0
ag2204,20220218,20220218,133938000,13:39:38,4874,8388,23824,611687115,0,0,0
ag2204,20220218,20220218,133938500,13:39:38,4874,8388,23824,611687115,0,0,0
ag2204,20220218,20220218,133939500,13:39:39,4874,8389,23823,611760225,1,-1,73110
ag2204,20220218,20220218,133940500,13:39:41,4874,8389,23823,611760225,0,0,0
ag2204,20220218,20220218,133941000,13:39:41,4874,8389,23823,611760225,0,0,0
ag2204,20220218,20220218,133943500,13:39:43,4874,8389,23823,611760225,0,0,0
ag2204,20220218,20220218,133944500,13:39:45,4874,8389,23823,611760225,0,0,0
ag2204,20220218,20220218,133945000,13:39:45,4874,8389,23823,611760225,0,0,0
ag2204,20220218,20220218,133945500,13:39:46,4874,8390,23823,611833335,1,0,73110
ag2204,20220218,20220218,133946000,13:39:47,4874,8391,23822,611906445,1,-1,73110
ag2204,20220218,20220218,133946500,13:39:47,4874,8391,23822,611906445,0,0,0
ag2204,20220218,20220218,133947000,13:39:47,4874,8391,23822,611906445,0,0,0
ag2204,20220218,20220218,133948500,13:39:48,4874,8391,23822,611906445,0,0,0
ag2204,20220218,20220218,133949000,13:39:49,4874,8391,23822,611906445,0,0,0
ag2204,20220218,20220218,133952000,13:39:53,4874,8391,23822,611906445,0,0,0
ag2204,20220218,20220218,133952500,13:39:53,4874,8391,23822,611906445,0,0,0
ag2204,20220218,20220218,133953000,13:39:54,4874,8391,23822,611906445,0,0,0
ag2204,20220218,20220218,133953500,13:39:54,4874,8391,23822,611906445,0,0,0
ag2204,20220218,20220218,133954000,13:39:55,4874,8391,23822,611906445,0,0,0
ag2204,20220218,20220218,133954500,13:39:55,4874,8391,23822,611906445,0,0,0
ag2204,20220218,20220218,133955000,13:39:55,4874,8391,23822,611906445,0,0,0
ag2204,20220218,20220218,133955500,13:39:55,4874,8391,23822,611906445,0,0,0
ag2204,20220218,20220218,133956500,13:39:57,4874,8391,23822,611906445,0,0,0
ag2204,20220218,20220218,133957000,13:39:59,4874,8391,23822,611906445,0,0,0
ag2204,20220218,20220218,133957500,13:40:13,4874,8391,23822,611906445,0,0,0
ag2204,20220218,20220218,133958500,13:40:13,4874,8392,23822,611979555,1,0,73110
ag2204,20220218,20220218,134011000,13:40:13,4874,8392,23822,611979555,0,0,0
ag2204,20220218,20220218,134013500,13:40:14,4874,8392,23822,611979555,0,0,0
ag2204,20220218,20220218,134017000,13:40:17,4874,8392,23822,611979555,0,0,0
ag2204,20220218,20220218,134017500,13:40:18,4874,8392,23822,611979555,0,0,0
ag2204,20220218,20220218,134018000,13:40:19,4874,8392,23822,611979555,0,0,0
ag2204,20220218,20220218,134019500,13:40:20,4874,8392,23822,611979555,0,0,0
ag2204,20220218,20220218,134021000,13:40:22,4874,8392,23822,611979555,0,0,0
ag2204,20220218,20220218,134021500,13:40:22,4874,8392,23822,611979555,0,0,0
ag2204,20220218,20220218,134022000,13:40:22,4874,8392,23822,611979555,0,0,0
ag2204,20220218,20220218,134022500,13:40:22,4874,8392,23822,611979555,0,0,0
ag2204,20220218,20220218,134023000,13:40:23,4874,8392,23822,611979555,0,0,0
ag2204,20220218,20220218,134023500,13:40:24,4874,8392,23822,611979555,0,0,0
ag2204,20220218,20220218,134024000,13:40:24,4874,8392,23822,611979555,0,0,0
ag2204,20220218,20220218,134024500,13:40:25,4874,8392,23822,611979555,0,0,0
ag2204,20220218,20220218,134025000,13:40:25,4874,8392,23822,611979555,0,0,0
ag2204,20220218,20220218,134025500,13:40:26,4874,8392,23822,611979555,0,0,0
ag2204,20220218,20220218,134026000,13:40:26,4874,8392,23822,611979555,0,0,0
ag2204,20220218,20220218,134026500,13:40:27,4874,8392,23822,611979555,0,0,0
ag2204,20220218,20220218,134027000,13:40:27,4875,8397,23821,612345120,5,-1,365565
ag2204,20220218,20220218,134027500,13:40:28,4875,8397,23821,612345120,0,0,0
ag2204,20220218,20220218,134028000,13:40:28,4875,8397,23821,612345120,0,0,0
ag2204,20220218,20220218,134028500,13:40:30,4875,8397,23821,612345120,0,0,0
ag2204,20220218,20220218,134029000,13:40:30,4875,8399,23822,612491370,2,1,146250
ag2204,20220218,20220218,134029500,13:40:30,4875,8399,23822,612491370,0,0,0
ag2204,20220218,20220218,134030000,13:40:30,4875,8399,23822,612491370,0,0,0
ag2204,20220218,20220218,134030500,13:40:31,4875,8399,23822,612491370,0,0,0
ag2204,20220218,20220218,134031000,13:40:31,4875,8399,23822,612491370,0,0,0
ag2204,20220218,20220218,134031500,13:40:32,4875,8399,23822,612491370,0,0,0
ag2204,20220218,20220218,134032000,13:40:32,4875,8399,23822,612491370,0,0,0
ag2204,20220218,20220218,134032500,13:40:32,4875,8399,23822,612491370,0,0,0
ag2204,20220218,20220218,134033000,13:40:34,4875,8399,23822,612491370,0,0,0
ag2204,20220218,20220218,134033500,13:40:34,4876,8401,23824,612637650,2,2,146280
ag2204,20220218,20220218,134034000,13:40:34,4876,8406,23828,613003350,5,4,365700
ag2204,20220218,20220218,134034500,13:40:35,4876,8406,23828,613003350,0,0,0
ag2204,20220218,20220218,134035000,13:40:35,4876,8406,23828,613003350,0,0,0
ag2204,20220218,20220218,134035500,13:40:36,4876,8406,23828,613003350,0,0,0
ag2204,20220218,20220218,134036000,13:40:36,4876,8406,23828,613003350,0,0,0
ag2204,20220218,20220218,134036500,13:40:36,4876,8406,23828,613003350,0,0,0
ag2204,20220218,20220218,134037000,13:40:37,4876,8406,23828,613003350,0,0,0
ag2204,20220218,20220218,134037500,13:40:37,4876,8406,23828,613003350,0,0,0
ag2204,20220218,20220218,134038500,13:40:38,4876,8406,23828,613003350,0,0,0
ag2204,20220218,20220218,134039000,13:40:39,4876,8406,23828,613003350,0,0,0
ag2204,20220218,20220218,134040500,13:40:42,4876,8406,23828,613003350,0,0,0
ag2204,20220218,20220218,134041000,13:40:42,4876,8406,23828,613003350,0,0,0
ag2204,20220218,20220218,134041500,13:40:42,4876,8406,23828,613003350,0,0,0
ag2204,20220218,20220218,134042000,13:40:42,4876,8406,23828,613003350,0,0,0
ag2204,20220218,20220218,134042500,13:40:42,4880,8413,23824,613515660,7,-4,512310
ag2204,20220218,20220218,134043000,13:40:43,4880,8413,23824,613515660,0,0,0
ag2204,20220218,20220218,134043500,13:40:44,4880,8414,23824,613588860,1,0,73200
ag2204,20220218,20220218,134044000,13:40:44,4880,8414,23824,613588860,0,0,0
ag2204,20220218,20220218,134044500,13:40:44,4880,8414,23824,613588860,0,0,0
ag2204,20220218,20220218,134045000,13:40:45,4880,8414,23824,613588860,0,0,0
ag2204,20220218,20220218,134045500,13:40:45,4880,8414,23824,613588860,0,0,0
ag2204,20220218,20220218,134046000,13:40:46,4880,8414,23824,613588860,0,0,0
ag2204,20220218,20220218,134046500,13:40:46,4880,8414,23824,613588860,0,0,0
ag2204,20220218,20220218,134047000,13:40:47,4880,8414,23824,613588860,0,0,0
ag2204,20220218,20220218,134047500,13:40:47,4880,8414,23824,613588860,0,0,0
ag2204,20220218,20220218,134048000,13:40:48,4880,8414,23824,613588860,0,0,0
ag2204,20220218,20220218,134048500,13:40:48,4880,8414,23824,613588860,0,0,0
ag2204,20220218,20220218,134049000,13:40:49,4880,8414,23824,613588860,0,0,0
ag2204,20220218,20220218,134049500,13:40:49,4880,8414,23824,613588860,0,0,0
ag2204,20220218,20220218,134050000,13:40:50,4880,8414,23824,613588860,0,0,0
ag2204,20220218,20220218,134050500,13:40:50,4880,8414,23824,613588860,0,0,0
ag2204,20220218,20220218,134051500,13:40:55,4880,8414,23824,613588860,0,0,0
ag2204,20220218,20220218,134052500,13:40:55,4880,8414,23824,613588860,0,0,0
ag2204,20220218,20220218,134054500,13:40:55,4880,8414,23824,613588860,0,0,0
ag2204,20220218,20220218,134055500,13:40:57,4880,8414,23824,613588860,0,0,0
ag2204,20220218,20220218,134056000,13:40:58,4880,8414,23824,613588860,0,0,0
ag2204,20220218,20220218,134056500,13:40:58,4880,8414,23824,613588860,0,0,0
ag2204,20220218,20220218,134057000,13:40:58,4880,8414,23824,613588860,0,0,0
ag2204,20220218,20220218,134057500,13:40:58,4880,8414,23824,613588860,0,0,0
ag2204,20220218,20220218,134058000,13:40:58,4880,8414,23824,613588860,0,0,0
ag2204,20220218,20220218,134058500,13:40:59,4880,8416,23826,613735260,2,2,146400
ag2204,20220218,20220218,134059000,13:40:59,4880,8416,23826,613735260,0,0,0
ag2204,20220218,20220218,134059500,13:41:00,4880,8416,23826,613735260,0,0,0
ag2204,20220218,20220218,134100000,13:41:00,4880,8416,23826,613735260,0,0,0
ag2204,20220218,20220218,134100500,13:41:00,4880,8416,23826,613735260,0,0,0
ag2204,20220218,20220218,134101000,13:41:01,4880,8416,23826,613735260,0,0,0
ag2204,20220218,20220218,134102000,13:41:02,4880,8416,23826,613735260,0,0,0
ag2204,20220218,20220218,134102500,13:41:02,4881,8419,23828,613954905,3,2,219645
ag2204,20220218,20220218,134103000,13:41:05,4881,8420,23828,614028120,1,0,73215
ag2204,20220218,20220218,134103500,13:41:05,4881,8420,23828,614028120,0,0,0
ag2204,20220218,20220218,134104000,13:41:05,4881,8420,23828,614028120,0,0,0
ag2204,20220218,20220218,134104500,13:41:06,4881,8420,23828,614028120,0,0,0
ag2204,20220218,20220218,134105000,13:41:06,4881,8420,23828,614028120,0,0,0
ag2204,20220218,20220218,134105500,13:41:06,4881,8420,23828,614028120,0,0,0
ag2204,20220218,20220218,134106000,13:41:07,4883,8421,23828,614101365,1,0,73245
ag2204,20220218,20220218,134106500,13:41:07,4883,8423,23829,614247855,2,1,146490
ag2204,20220218,20220218,134107000,13:41:09,4883,8424,23830,614321100,1,1,73245
ag2204,20220218,20220218,134107500,13:41:09,4883,8424,23830,614321100,0,0,0
ag2204,20220218,20220218,134108000,13:41:09,4883,8424,23830,614321100,0,0,0
ag2204,20220218,20220218,134109000,13:41:10,4883,8424,23830,614321100,0,0,0
ag2204,20220218,20220218,134109500,13:41:10,4883,8424,23830,614321100,0,0,0
ag2204,20220218,20220218,134110000,13:41:10,4883,8424,23830,614321100,0,0,0
ag2204,20220218,20220218,134110500,13:41:10,4883,8424,23830,614321100,0,0,0
ag2204,20220218,20220218,134111500,13:41:11,4883,8424,23830,614321100,0,0,0
ag2204,20220218,20220218,134112000,13:41:12,4883,8424,23830,614321100,0,0,0
ag2204,20220218,20220218,134112500,13:41:12,4883,8424,23830,614321100,0,0,0
ag2204,20220218,20220218,134113000,13:41:13,4883,8424,23830,614321100,0,0,0
ag2204,20220218,20220218,134113500,13:41:13,4883,8424,23830,614321100,0,0,0
ag2204,20220218,20220218,134114000,13:41:14,4883,8424,23830,614321100,0,0,0
ag2204,20220218,20220218,134114500,13:41:16,4887,8430,23828,614760870,6,-2,439770
ag2204,20220218,20220218,134115000,13:41:16,4888,8432,23828,614907495,2,0,146625
ag2204,20220218,20220218,134115500,13:41:16,4888,8433,23828,614980815,1,0,73320
ag2204,20220218,20220218,134116000,13:41:17,4889,8434,23828,615054150,1,0,73335
ag2204,20220218,20220218,134116500,13:41:17,4889,8434,23828,615054150,0,0,0
ag2204,20220218,20220218,134117000,13:41:17,4889,8434,23828,615054150,0,0,0
ag2204,20220218,20220218,134117500,13:41:19,4889,8437,23829,615274155,3,1,220005
ag2204,20220218,20220218,134118000,13:41:19,4889,8437,23829,615274155,0,0,0
ag2204,20220218,20220218,134118500,13:41:19,4889,8437,23829,615274155,0,0,0
ag2204,20220218,20220218,134119000,13:41:19,4889,8437,23829,615274155,0,0,0
ag2204,20220218,20220218,134119500,13:41:20,4889,8437,23829,615274155,0,0,0
ag2204,20220218,20220218,134120000,13:41:20,4889,8437,23829,615274155,0,0,0
ag2204,20220218,20220218,134120500,13:41:23,4889,8437,23829,615274155,0,0,0
ag2204,20220218,20220218,134121000,13:41:23,4889,8437,23829,615274155,0,0,0
ag2204,20220218,20220218,134121500,13:41:24,4891,8440,23832,615494250,3,3,220095
ag2204,20220218,20220218,134123000,13:41:24,4891,8445,23833,615861075,5,1,366825
ag2204,20220218,20220218,134123500,13:41:24,4890,8449,23835,616154505,4,2,293430
ag2204,20220218,20220218,134124000,13:41:24,4890,8449,23835,616154505,0,0,0
ag2204,20220218,20220218,134124500,13:41:26,4890,8450,23836,616227855,1,1,73350
ag2204,20220218,20220218,134125000,13:41:27,4890,8450,23836,616227855,0,0,0
ag2204,20220218,20220218,134125500,13:41:27,4890,8453,23835,616447905,3,-1,220050
ag2204,20220218,20220218,134126500,13:41:27,4890,8453,23835,616447905,0,0,0
ag2204,20220218,20220218,134127000,13:41:27,4890,8453,23835,616447905,0,0,0
ag2204,20220218,20220218,134127500,13:41:27,4891,8454,23836,616521270,1,1,73365
ag2204,20220218,20220218,134128000,13:41:28,4891,8454,23836,616521270,0,0,0
ag2204,20220218,20220218,134128500,13:41:28,4891,8460,23835,616961460,6,-1,440190
ag2204,20220218,20220218,134129000,13:41:29,4891,8460,23835,616961460,0,0,0
ag2204,20220218,20220218,134129500,13:41:30,4891,8460,23835,616961460,0,0,0
ag2204,20220218,20220218,134130000,13:41:30,4891,8460,23835,616961460,0,0,0
ag2204,20220218,20220218,134130500,13:41:31,4891,8461,23835,617034825,1,0,73365
ag2204,20220218,20220218,134131000,13:41:31,4891,8461,23835,617034825,0,0,0
ag2204,20220218,20220218,134131500,13:41:32,4891,8461,23835,617034825,0,0,0
ag2204,20220218,20220218,134132000,13:41:33,4891,8461,23835,617034825,0,0,0
ag2204,20220218,20220218,134132500,13:41:33,4891,8461,23835,617034825,0,0,0
ag2204,20220218,20220218,134133000,13:41:33,4891,8461,23835,617034825,0,0,0
ag2204,20220218,20220218,134133500,13:41:34,4891,8464,23836,617254920,3,1,220095
ag2204,20220218,20220218,134134000,13:41:34,4891,8465,23835,617328285,1,-1,73365
ag2204,20220218,20220218,134134500,13:41:34,4891,8465,23835,617328285,0,0,0
ag2204,20220218,20220218,134135000,13:41:35,4891,8465,23835,617328285,0,0,0
ag2204,20220218,20220218,134135500,13:41:39,4891,8467,23836,617475015,2,1,146730
ag2204,20220218,20220218,134136000,13:41:39,4892,8472,23837,617841915,5,1,366900
ag2204,20220218,20220218,134136500,13:41:40,4892,8474,23838,617988675,2,1,146760
ag2204,20220218,20220218,134137000,13:41:40,4892,8474,23838,617988675,0,0,0
ag2204,20220218,20220218,134139000,13:41:41,4892,8474,23838,617988675,0,0,0
ag2204,20220218,20220218,134140000,13:41:42,4892,8474,23838,617988675,0,0,0
ag2204,20220218,20220218,134140500,13:41:42,4892,8474,23838,617988675,0,0,0
ag2204,20220218,20220218,134142000,13:41:42,4892,8474,23838,617988675,0,0,0
ag2204,20220218,20220218,134142500,13:41:42,4892,8474,23838,617988675,0,0,0
ag2204,20220218,20220218,134143000,13:41:44,4892,8474,23838,617988675,0,0,0
ag2204,20220218,20220218,134143500,13:41:44,4892,8474,23838,617988675,0,0,0
ag2204,20220218,20220218,134144000,13:41:44,4892,8474,23838,617988675,0,0,0
ag2204,20220218,20220218,134145500,13:41:45,4892,8474,23838,617988675,0,0,0
ag2204,20220218,20220218,134146000,13:41:46,4892,8474,23838,617988675,0,0,0
ag2204,20220218,20220218,134146500,13:41:47,4892,8474,23838,617988675,0,0,0
ag2204,20220218,20220218,134147000,13:41:47,4892,8474,23838,617988675,0,0,0
ag2204,20220218,20220218,134147500,13:41:48,4892,8474,23838,617988675,0,0,0
ag2204,20220218,20220218,134148000,13:41:48,4892,8474,23838,617988675,0,0,0
ag2204,20220218,20220218,134148500,13:41:48,4892,8474,23838,617988675,0,0,0
ag2204,20220218,20220218,134149000,13:41:50,4892,8474,23838,617988675,0,0,0
ag2204,20220218,20220218,134149500,13:41:50,4892,8474,23838,617988675,0,0,0
ag2204,20220218,20220218,134150000,13:41:50,4892,8474,23838,617988675,0,0,0
ag2204,20220218,20220218,134150500,13:41:51,4892,8474,23838,617988675,0,0,0
ag2204,20220218,20220218,134151000,13:41:51,4889,8480,23836,618428715,6,-2,440040
ag2204,20220218,20220218,134151500,13:41:52,4889,8481,23836,618502050,1,0,73335
ag2204,20220218,20220218,134152000,13:41:52,4889,8482,23836,618575385,1,0,73335
ag2204,20220218,20220218,134152500,13:41:53,4889,8482,23836,618575385,0,0,0
ag2204,20220218,20220218,134153000,13:41:53,4889,8482,23836,618575385,0,0,0
ag2204,20220218,20220218,134153500,13:42:01,4889,8482,23836,618575385,0,0,0
ag2204,20220218,20220218,134154000,13:42:02,4889,8482,23836,618575385,0,0,0
ag2204,20220218,20220218,134154500,13:42:02,4889,8482,23836,618575385,0,0,0
ag2204,20220218,20220218,134202000,13:42:10,4889,8482,23836,618575385,0,0,0
ag2204,20220218,20220218,134202500,13:42:11,4891,8524,23858,621656130,42,22,3080745
ag2204,20220218,20220218,134210000,13:42:12,4891,8524,23858,621656130,0,0,0
ag2204,20220218,20220218,134211000,13:42:12,4891,8524,23858,621656130,0,0,0
ag2204,20220218,20220218,134211500,13:42:12,4891,8524,23858,621656130,0,0,0
ag2204,20220218,20220218,134212000,13:42:13,4891,8524,23858,621656130,0,0,0
ag2204,20220218,20220218,134212500,13:42:13,4891,8524,23858,621656130,0,0,0
ag2204,20220218,20220218,134213000,13:42:13,4891,8524,23858,621656130,0,0,0
ag2204,20220218,20220218,134213500,13:42:14,4895,8534,23859,622389900,10,1,733770
ag2204,20220218,20220218,134214000,13:42:14,4894,8535,23858,622463310,1,-1,73410
ag2204,20220218,20220218,134214500,13:42:15,4894,8537,23857,622610130,2,-1,146820
ag2204,20220218,20220218,134215000,13:42:15,4894,8537,23857,622610130,0,0,0
ag2204,20220218,20220218,134215500,13:42:16,4894,8537,23857,622610130,0,0,0
ag2204,20220218,20220218,134216000,13:42:16,4894,8537,23857,622610130,0,0,0
ag2204,20220218,20220218,134216500,13:42:17,4894,8537,23857,622610130,0,0,0
ag2204,20220218,20220218,134217000,13:42:19,4894,8537,23857,622610130,0,0,0
ag2204,20220218,20220218,134217500,13:42:19,4894,8537,23857,622610130,0,0,0
ag2204,20220218,20220218,134218000,13:42:20,4894,8537,23857,622610130,0,0,0
ag2204,20220218,20220218,134219500,13:42:20,4894,8537,23857,622610130,0,0,0
ag2204,20220218,20220218,134220000,13:42:21,4894,8537,23857,622610130,0,0,0
ag2204,20220218,20220218,134220500,13:42:21,4894,8537,23857,622610130,0,0,0
ag2204,20220218,20220218,134221000,13:42:21,4894,8537,23857,622610130,0,0,0
ag2204,20220218,20220218,134221500,13:42:22,4893,8540,23857,622830360,3,0,220230
ag2204,20220218,20220218,134222000,13:42:22,4893,8540,23857,622830360,0,0,0
ag2204,20220218,20220218,134222500,13:42:22,4893,8540,23857,622830360,0,0,0
ag2204,20220218,20220218,134223000,13:42:23,4893,8540,23857,622830360,0,0,0
ag2204,20220218,20220218,134223500,13:42:24,4893,8540,23857,622830360,0,0,0
ag2204,20220218,20220218,134224500,13:42:25,4893,8542,23857,622977150,2,0,146790
ag2204,20220218,20220218,134225000,13:42:25,4893,8542,23857,622977150,0,0,0
ag2204,20220218,20220218,134225500,13:42:26,4893,8542,23857,622977150,0,0,0
ag2204,20220218,20220218,134226000,13:42:27,4893,8542,23857,622977150,0,0,0
ag2204,20220218,20220218,134226500,13:42:28,4893,8542,23857,622977150,0,0,0
ag2204,20220218,20220218,134227000,13:42:28,4893,8542,23857,622977150,0,0,0
ag2204,20220218,20220218,134227500,13:42:29,4894,8544,23856,623123970,2,-1,146820
ag2204,20220218,20220218,134228000,13:42:29,4894,8545,23856,623197380,1,0,73410
ag2204,20220218,20220218,134228500,13:42:29,4894,8545,23856,623197380,0,0,0
ag2204,20220218,20220218,134229000,13:42:29,4895,8547,23855,623344230,2,-1,146850
ag2204,20220218,20220218,134234000,13:42:34,4895,8547,23855,623344230,0,0,0
ag2204,20220218,20220218,134239500,13:42:39,4895,8547,23855,623344230,0,0,0
ag2204,20220218,20220218,134241000,13:42:41,4895,8547,23855,623344230,0,0,0
ag2204,20220218,20220218,134246000,13:42:46,4895,8547,23855,623344230,0,0,0
ag2204,20220218,20220218,134249000,13:42:49,4895,8547,23855,623344230,0,0,0
ag2204,20220218,20220218,134254500,13:42:54,4895,8547,23855,623344230,0,0,0
ag2204,20220218,20220218,134255500,13:42:55,4895,8550,23856,623564520,3,1,220290
ag2204,20220218,20220218,134256000,13:42:56,4894,8560,23858,624298620,10,2,734100
ag2204,20220218,20220218,134256500,13:42:57,4894,8560,23858,624298620,0,0,0
ag2204,20220218,20220218,134257000,13:42:59,4896,8602,23859,627382380,42,1,3083760
ag2204,20220218,20220218,134257500,13:42:59,4896,8602,23859,627382380,0,0,0
ag2204,20220218,20220218,134258000,13:42:59,4896,8602,23859,627382380,0,0,0
ag2204,20220218,20220218,134259000,13:42:59,4896,8602,23859,627382380,0,0,0
ag2204,20220218,20220218,134259500,13:43:01,4896,8602,23859,627382380,0,0,0
ag2204,20220218,20220218,134300000,13:43:01,4896,8602,23859,627382380,0,0,0
ag2204,20220218,20220218,134300500,13:43:02,4896,8602,23859,627382380,0,0,0
ag2204,20220218,20220218,134301000,13:43:02,4896,8602,23859,627382380,0,0,0
ag2204,20220218,20220218,134301500,13:43:02,4896,8602,23859,627382380,0,0,0
ag2204,20220218,20220218,134302000,13:43:02,4896,8602,23859,627382380,0,0,0
ag2204,20220218,20220218,134302500,13:43:03,4896,8602,23859,627382380,0,0,0
ag2204,20220218,20220218,134303000,13:43:05,4896,8602,23859,627382380,0,0,0
ag2204,20220218,20220218,134303500,13:43:11,4896,8602,23859,627382380,0,0,0
ag2204,20220218,20220218,134304500,13:43:11,4896,8602,23859,627382380,0,0,0
ag2204,20220218,20220218,134305000,13:43:12,4896,8602,23859,627382380,0,0,0
ag2204,20220218,20220218,134310500,13:43:12,4896,8602,23859,627382380,0,0,0
ag2204,20220218,20220218,134312000,13:43:14,4896,8602,23859,627382380,0,0,0
ag2204,20220218,20220218,134312500,13:43:14,4896,8602,23859,627382380,0,0,0
ag2204,20220218,20220218,134314000,13:43:14,4896,8602,23859,627382380,0,0,0
ag2204,20220218,20220218,134315000,13:43:15,4896,8605,23859,627602670,3,0,220290
ag2204,20220218,20220218,134315500,13:43:15,4896,8605,23859,627602670,0,0,0
ag2204,20220218,20220218,134316000,13:43:16,4896,8605,23859,627602670,0,0,0
ag2204,20220218,20220218,134316500,13:43:17,4896,8605,23859,627602670,0,0,0
ag2204,20220218,20220218,134317000,13:43:17,4896,8605,23859,627602670,0,0,0
ag2204,20220218,20220218,134317500,13:43:18,4896,8605,23859,627602670,0,0,0
ag2204,20220218,20220218,134318000,13:43:18,4896,8605,23859,627602670,0,0,0
ag2204,20220218,20220218,134319500,13:43:19,4896,8605,23859,627602670,0,0,0
ag2204,20220218,20220218,134320000,13:43:20,4896,8605,23859,627602670,0,0,0
ag2204,20220218,20220218,134320500,13:43:21,4896,8605,23859,627602670,0,0,0
ag2204,20220218,20220218,134321000,13:43:21,4896,8605,23859,627602670,0,0,0
ag2204,20220218,20220218,134321500,13:43:21,4895,8606,23859,627676095,1,0,73425
ag2204,20220218,20220218,134322000,13:43:22,4895,8614,23861,628263495,8,2,587400
ag2204,20220218,20220218,134322500,13:43:23,4894,8621,23859,628777380,7,-2,513885
ag2204,20220218,20220218,134323000,13:43:23,4894,8622,23858,628850790,1,-1,73410
ag2204,20220218,20220218,134323500,13:43:24,4894,8622,23858,628850790,0,0,0
ag2204,20220218,20220218,134324000,13:43:24,4894,8622,23858,628850790,0,0,0
ag2204,20220218,20220218,134324500,13:43:24,4894,8622,23858,628850790,0,0,0
ag2204,20220218,20220218,134325000,13:43:25,4894,8622,23858,628850790,0,0,0
ag2204,20220218,20220218,134325500,13:43:26,4894,8622,23858,628850790,0,0,0
ag2204,20220218,20220218,134326000,13:43:26,4896,8623,23858,628924230,1,0,73440
ag2204,20220218,20220218,134326500,13:43:27,4896,8623,23858,628924230,0,0,0
ag2204,20220218,20220218,134327000,13:43:27,4896,8623,23858,628924230,0,0,0
ag2204,20220218,20220218,134328000,13:43:29,4896,8623,23858,628924230,0,0,0
ag2204,20220218,20220218,134328500,13:43:29,4896,8623,23858,628924230,0,0,0
ag2204,20220218,20220218,134329000,13:43:29,4896,8623,23858,628924230,0,0,0
ag2204,20220218,20220218,134329500,13:43:30,4896,8623,23858,628924230,0,0,0
ag2204,20220218,20220218,134330000,13:43:30,4896,8623,23858,628924230,0,0,0
ag2204,20220218,20220218,134330500,13:43:30,4895,8624,23859,628997655,1,1,73425
ag2204,20220218,20220218,134331000,13:43:31,4895,8624,23859,628997655,0,0,0
ag2204,20220218,20220218,134331500,13:43:31,4895,8624,23859,628997655,0,0,0
ag2204,20220218,20220218,134332000,13:43:32,4895,8625,23859,629071080,1,0,73425
ag2204,20220218,20220218,134332500,13:43:32,4895,8625,23859,629071080,0,0,0
ag2204,20220218,20220218,134333000,13:43:33,4895,8625,23859,629071080,0,0,0
ag2204,20220218,20220218,134333500,13:43:34,4895,8625,23859,629071080,0,0,0
ag2204,20220218,20220218,134334000,13:43:34,4895,8625,23859,629071080,0,0,0
ag2204,20220218,20220218,134334500,13:43:34,4895,8625,23859,629071080,0,0,0
ag2204,20220218,20220218,134335000,13:43:35,4895,8626,23859,629144505,1,0,73425
ag2204,20220218,20220218,134335500,13:43:35,4895,8626,23859,629144505,0,0,0
ag2204,20220218,20220218,134336000,13:43:36,4895,8626,23859,629144505,0,0,0
ag2204,20220218,20220218,134336500,13:43:37,4895,8626,23859,629144505,0,0,0
ag2204,20220218,20220218,134337000,13:43:37,4895,8626,23859,629144505,0,0,0
ag2204,20220218,20220218,134337500,13:43:38,4895,8626,23859,629144505,0,0,0
ag2204,20220218,20220218,134338000,13:43:38,4895,8626,23859,629144505,0,0,0
ag2204,20220218,20220218,134338500,13:43:39,4895,8626,23859,629144505,0,0,0
ag2204,20220218,20220218,134339500,13:43:57,4895,8626,23859,629144505,0,0,0
ag2204,20220218,20220218,134340000,13:43:57,4895,8626,23859,629144505,0,0,0
ag2204,20220218,20220218,134354500,13:44:04,4895,8626,23859,629144505,0,0,0
ag2204,20220218,20220218,134356500,13:44:04,4895,8626,23859,629144505,0,0,0
ag2204,20220218,20220218,134403500,13:44:04,4895,8626,23859,629144505,0,0,0
ag2204,20220218,20220218,134404000,13:44:04,4895,8626,23859,629144505,0,0,0
ag2204,20220218,20220218,134404500,13:44:05,4895,8626,23859,629144505,0,0,0
ag2204,20220218,20220218,134405000,13:44:05,4895,8626,23859,629144505,0,0,0
ag2204,20220218,20220218,134405500,13:44:06,4895,8626,23859,629144505,0,0,0
ag2204,20220218,20220218,134407000,13:44:07,4895,8626,23859,629144505,0,0,0
ag2204,20220218,20220218,134407500,13:44:08,4895,8626,23859,629144505,0,0,0
ag2204,20220218,20220218,134408000,13:44:08,4895,8626,23859,629144505,0,0,0
ag2204,20220218,20220218,134408500,13:44:09,4895,8626,23859,629144505,0,0,0
ag2204,20220218,20220218,134409000,13:44:17,4895,8626,23859,629144505,0,0,0
ag2204,20220218,20220218,134409500,13:44:17,4895,8626,23859,629144505,0,0,0
ag2204,20220218,20220218,134410000,13:44:17,4895,8626,23859,629144505,0,0,0
ag2204,20220218,20220218,134410500,13:44:17,4895,8626,23859,629144505,0,0,0
ag2204,20220218,20220218,134417000,13:44:17,4895,8626,23859,629144505,0,0,0
ag2204,20220218,20220218,134417500,13:44:18,4895,8626,23859,629144505,0,0,0
ag2204,20220218,20220218,134418000,13:44:18,4895,8626,23859,629144505,0,0,0
ag2204,20220218,20220218,134418500,13:44:19,4895,8626,23859,629144505,0,0,0
ag2204,20220218,20220218,134423000,13:44:23,4895,8626,23859,629144505,0,0,0
ag2204,20220218,20220218,134423500,13:44:24,4895,8626,23859,629144505,0,0,0
ag2204,20220218,20220218,134424000,13:44:24,4895,8626,23859,629144505,0,0,0
ag2204,20220218,20220218,134428500,13:44:29,4895,8626,23859,629144505,0,0,0
ag2204,20220218,20220218,134429000,13:44:29,4895,8626,23859,629144505,0,0,0
ag2204,20220218,20220218,134429500,13:44:37,4895,8626,23859,629144505,0,0,0
ag2204,20220218,20220218,134430500,13:44:37,4895,8626,23859,629144505,0,0,0
ag2204,20220218,20220218,134431000,13:44:37,4895,8626,23859,629144505,0,0,0
ag2204,20220218,20220218,134437000,13:44:37,4895,8626,23859,629144505,0,0,0
ag2204,20220218,20220218,134437500,13:44:37,4898,8647,23860,630687075,21,1,1542570
ag2204,20220218,20220218,134438000,13:44:38,4898,8647,23860,630687075,0,0,0
ag2204,20220218,20220218,134438500,13:44:38,4898,8648,23860,630760545,1,0,73470
ag2204,20220218,20220218,134439000,13:44:39,4898,8648,23860,630760545,0,0,0
ag2204,20220218,20220218,134439500,13:44:39,4898,8648,23860,630760545,0,0,0
ag2204,20220218,20220218,134440000,13:44:40,4898,8648,23860,630760545,0,0,0
ag2204,20220218,20220218,134440500,13:44:40,4898,8648,23860,630760545,0,0,0
ag2204,20220218,20220218,134441500,13:44:42,4898,8648,23860,630760545,0,0,0
ag2204,20220218,20220218,134442000,13:44:42,4898,8648,23860,630760545,0,0,0
ag2204,20220218,20220218,134442500,13:44:43,4898,8648,23860,630760545,0,0,0
ag2204,20220218,20220218,134443000,13:44:43,4899,8649,23859,630834030,1,-1,73485
ag2204,20220218,20220218,134443500,13:44:44,4899,8650,23858,630907515,1,-1,73485
ag2204,20220218,20220218,134444000,13:44:44,4899,8650,23858,630907515,0,0,0
ag2204,20220218,20220218,134444500,13:44:45,4899,8650,23858,630907515,0,0,0
ag2204,20220218,20220218,134445000,13:44:45,4899,8650,23858,630907515,0,0,0
ag2204,20220218,20220218,134445500,13:44:45,4899,8650,23858,630907515,0,0,0
ag2204,20220218,20220218,134446000,13:44:46,4898,8653,23858,631127925,3,0,220410
ag2204,20220218,20220218,134446500,13:44:46,4898,8653,23858,631127925,0,0,0
ag2204,20220218,20220218,134447000,13:44:47,4898,8653,23858,631127925,0,0,0
ag2204,20220218,20220218,134447500,13:44:47,4898,8653,23858,631127925,0,0,0
ag2204,20220218,20220218,134448000,13:44:48,4898,8653,23858,631127925,0,0,0
ag2204,20220218,20220218,134448500,13:44:48,4898,8655,23857,631274865,2,-1,146940
