al2205,20220218,20220218,112003000,11:20:04,22605,31448,77655,3560469375,31448,1438,3560469375
al2205,20220218,20220218,112004500,11:20:09,22600,31461,77661,3561938675,13,6,1469300
al2205,20220218,20220218,112005000,11:20:10,22600,31462,77662,3562051675,1,1,113000
al2205,20220218,20220218,112006000,11:20:10,22600,31462,77662,3562051675,0,0,0
al2205,20220218,20220218,112006500,11:20:10,22605,31463,77663,3562164700,1,1,113025
al2205,20220218,20220218,112008500,11:20:10,22605,31463,77663,3562164700,0,0,0
al2205,20220218,20220218,112010500,11:20:10,22605,31463,77663,3562164700,0,0,0
al2205,20220218,20220218,112011000,11:20:11,22605,31463,77663,3562164700,0,0,0
al2205,20220218,20220218,112011500,11:20:12,22605,31465,77665,3562390750,2,2,226050
al2205,20220218,20220218,112012000,11:20:12,22605,31465,77665,3562390750,0,0,0
al2205,20220218,20220218,112017000,11:20:17,22600,31472,77672,3563181750,7,7,791000
al2205,20220218,20220218,112017500,11:20:17,22600,31473,77672,3563294750,1,0,113000
al2205,20220218,20220218,112019000,11:20:19,22600,31473,77672,3563294750,0,0,0
al2205,20220218,20220218,112023500,11:20:23,22600,31473,77672,3563294750,0,0,0
al2205,20220218,20220218,112029500,11:20:30,22600,31482,77676,3564311750,9,4,1017000
al2205,20220218,20220218,112030000,11:20:31,22595,31483,77676,3564424725,1,0,112975
al2205,20220218,20220218,112030500,11:20:31,22595,31483,77676,3564424725,0,0,0
al2205,20220218,20220218,112031000,11:20:31,22595,31483,77676,3564424725,0,0,0
al2205,20220218,20220218,112031500,11:20:32,22595,31483,77676,3564424725,0,0,0
al2205,20220218,20220218,112032000,11:20:32,22595,31483,77676,3564424725,0,0,0
al2205,20220218,20220218,112033000,11:20:33,22595,31484,77677,3564537700,1,1,112975
al2205,20220218,20220218,112033500,11:20:33,22595,31493,77677,3565554475,9,0,1016775
al2205,20220218,20220218,112034000,11:20:34,22595,31493,77677,3565554475,0,0,0
al2205,20220218,20220218,112034500,11:20:35,22595,31494,77677,3565667450,1,0,112975
al2205,20220218,20220218,112035000,11:20:35,22595,31505,77675,3566910175,11,-2,1242725
al2205,20220218,20220218,112035500,11:20:35,22595,31511,77675,3567588025,6,0,677850
al2205,20220218,20220218,112036000,11:20:36,22595,31517,77675,3568265875,6,0,677850
al2205,20220218,20220218,112036500,11:20:37,22595,31518,77676,3568378850,1,1,112975
al2205,20220218,20220218,112037000,11:20:37,22595,31518,77676,3568378850,0,0,0
al2205,20220218,20220218,112038500,11:20:38,22595,31518,77676,3568378850,0,0,0
al2205,20220218,20220218,112039000,11:20:39,22595,31522,77680,3568830750,4,4,451900
al2205,20220218,20220218,112039500,11:20:40,22595,31522,77680,3568830750,0,0,0
al2205,20220218,20220218,112040000,11:20:40,22595,31522,77680,3568830750,0,0,0
al2205,20220218,20220218,112040500,11:20:41,22595,31522,77680,3568830750,0,0,0
al2205,20220218,20220218,112043000,11:20:43,22595,31522,77680,3568830750,0,0,0
al2205,20220218,20220218,112043500,11:20:44,22595,31522,77680,3568830750,0,0,0
al2205,20220218,20220218,112044000,11:20:44,22595,31522,77680,3568830750,0,0,0
al2205,20220218,20220218,112044500,11:20:44,22595,31522,77680,3568830750,0,0,0
al2205,20220218,20220218,112045500,11:20:46,22595,31522,77680,3568830750,0,0,0
al2205,20220218,20220218,112046500,11:20:46,22595,31522,77680,3568830750,0,0,0
al2205,20220218,20220218,112047000,11:20:47,22595,31522,77680,3568830750,0,0,0
al2205,20220218,20220218,112048000,11:20:48,22595,31522,77680,3568830750,0,0,0
al2205,20220218,20220218,112051500,11:20:51,22595,31522,77680,3568830750,0,0,0
al2205,20220218,20220218,112052000,11:20:52,22595,31522,77680,3568830750,0,0,0
al2205,20220218,20220218,112052500,11:20:53,22595,31522,77680,3568830750,0,0,0
al2205,20220218,20220218,112053000,11:20:53,22595,31522,77680,3568830750,0,0,0
al2205,20220218,20220218,112056500,11:20:56,22595,31522,77680,3568830750,0,0,0
al2205,20220218,20220218,112057000,11:20:57,22595,31522,77680,3568830750,0,0,0
al2205,20220218,20220218,112057500,11:20:58,22595,31522,77680,3568830750,0,0,0
al2205,20220218,20220218,112058000,11:20:58,22595,31522,77680,3568830750,0,0,0
al2205,20220218,20220218,112058500,11:20:59,22595,31522,77680,3568830750,0,0,0
al2205,20220218,20220218,112101500,11:21:02,22595,31522,77680,3568830750,0,0,0
al2205,20220218,20220218,112103000,11:21:03,22595,31522,77680,3568830750,0,0,0
al2205,20220218,20220218,112103500,11:21:03,22595,31522,77680,3568830750,0,0,0
al2205,20220218,20220218,112104000,11:21:04,22600,31523,77680,3568943750,1,0,113000
al2205,20220218,20220218,112104500,11:21:05,22595,31527,77680,3569395650,4,0,451900
al2205,20220218,20220218,112105000,11:21:05,22595,31531,77682,3569847550,4,2,451900
al2205,20220218,20220218,112105500,11:21:06,22595,31531,77682,3569847550,0,0,0
al2205,20220218,20220218,112106000,11:21:07,22595,31531,77682,3569847550,0,0,0
al2205,20220218,20220218,112108000,11:21:10,22595,31531,77682,3569847550,0,0,0
al2205,20220218,20220218,112112500,11:21:12,22595,31531,77682,3569847550,0,0,0
al2205,20220218,20220218,112113000,11:21:13,22595,31531,77682,3569847550,0,0,0
al2205,20220218,20220218,112113500,11:21:13,22595,31531,77682,3569847550,0,0,0
al2205,20220218,20220218,112114500,11:21:14,22595,31531,77682,3569847550,0,0,0
al2205,20220218,20220218,112116000,11:21:16,22600,31532,77681,3569960550,1,-1,113000
al2205,20220218,20220218,112116500,11:21:16,22600,31539,77685,3570751550,7,4,791000
al2205,20220218,20220218,112117000,11:21:17,22600,31539,77685,3570751550,0,0,0
al2205,20220218,20220218,112117500,11:21:18,22600,31539,77685,3570751550,0,0,0
al2205,20220218,20220218,112118000,11:21:18,22600,31539,77685,3570751550,0,0,0
al2205,20220218,20220218,112118500,11:21:18,22600,31539,77685,3570751550,0,0,0
al2205,20220218,20220218,112119500,11:21:19,22600,31539,77685,3570751550,0,0,0
al2205,20220218,20220218,112120000,11:21:20,22600,31539,77685,3570751550,0,0,0
al2205,20220218,20220218,112121000,11:21:22,22600,31539,77685,3570751550,0,0,0
al2205,20220218,20220218,112121500,11:21:22,22600,31539,77685,3570751550,0,0,0
al2205,20220218,20220218,112122000,11:21:22,22600,31539,77685,3570751550,0,0,0
al2205,20220218,20220218,112126000,11:23:32,22600,31539,77685,3570751550,0,0,0
al2205,20220218,20220218,112332500,11:23:33,22605,31659,77717,3584312725,120,32,13561175
al2205,20220218,20220218,112333000,11:23:33,22600,31660,77716,3584425725,1,-1,113000
al2205,20220218,20220218,112333500,11:23:33,22600,31660,77716,3584425725,0,0,0
al2205,20220218,20220218,112334500,11:23:34,22600,31660,77716,3584425725,0,0,0
al2205,20220218,20220218,112335000,11:23:35,22600,31660,77716,3584425725,0,0,0
al2205,20220218,20220218,112335500,11:23:35,22600,31660,77716,3584425725,0,0,0
al2205,20220218,20220218,112336000,11:23:36,22600,31660,77716,3584425725,0,0,0
al2205,20220218,20220218,112336500,11:23:38,22600,31660,77716,3584425725,0,0,0
al2205,20220218,20220218,112337000,11:23:38,22600,31660,77716,3584425725,0,0,0
al2205,20220218,20220218,112345000,11:23:48,22600,31660,77716,3584425725,0,0,0
al2205,20220218,20220218,112345500,11:23:48,22600,31660,77716,3584425725,0,0,0
al2205,20220218,20220218,112346000,11:23:48,22600,31660,77716,3584425725,0,0,0
al2205,20220218,20220218,112347000,11:23:48,22600,31660,77716,3584425725,0,0,0
al2205,20220218,20220218,112348500,11:23:49,22600,31660,77716,3584425725,0,0,0
al2205,20220218,20220218,112349000,11:23:49,22600,31660,77716,3584425725,0,0,0
al2205,20220218,20220218,112351000,11:23:51,22610,31663,77714,3584764875,3,-2,339150
al2205,20220218,20220218,112351500,11:23:51,22610,31663,77714,3584764875,0,0,0
al2205,20220218,20220218,112352000,11:23:52,22610,31666,77711,3585104025,3,-3,339150
al2205,20220218,20220218,112352500,11:23:52,22610,31666,77711,3585104025,0,0,0
al2205,20220218,20220218,112353500,11:23:53,22610,31666,77711,3585104025,0,0,0
al2205,20220218,20220218,112354500,11:23:55,22610,31667,77711,3585217075,1,0,113050
al2205,20220218,20220218,112355000,11:23:55,22610,31675,77707,3586121475,8,-4,904400
al2205,20220218,20220218,112355500,11:23:55,22610,31675,77707,3586121475,0,0,0
al2205,20220218,20220218,112356000,11:23:56,22610,31675,77707,3586121475,0,0,0
al2205,20220218,20220218,112356500,11:23:56,22610,31675,77707,3586121475,0,0,0
al2205,20220218,20220218,112358500,11:23:58,22610,31675,77707,3586121475,0,0,0
al2205,20220218,20220218,112400500,11:24:00,22610,31675,77707,3586121475,0,0,0
al2205,20220218,20220218,112401000,11:24:01,22610,31675,77707,3586121475,0,0,0
al2205,20220218,20220218,112402500,11:24:02,22610,31675,77707,3586121475,0,0,0
al2205,20220218,20220218,112403000,11:24:03,22610,31675,77707,3586121475,0,0,0
al2205,20220218,20220218,112404000,11:24:04,22610,31676,77706,3586234525,1,-1,113050
al2205,20220218,20220218,112406000,11:24:06,22610,31676,77706,3586234525,0,0,0
al2205,20220218,20220218,112407000,11:24:07,22610,31676,77706,3586234525,0,0,0
al2205,20220218,20220218,112423000,11:24:23,22610,31676,77706,3586234525,0,0,0
al2205,20220218,20220218,112424000,11:24:24,22610,31681,77701,3586799775,5,-5,565250
al2205,20220218,20220218,112424500,11:24:24,22610,31681,77701,3586799775,0,0,0
al2205,20220218,20220218,112427000,11:24:27,22610,31681,77701,3586799775,0,0,0
al2205,20220218,20220218,112427500,11:24:28,22610,31681,77701,3586799775,0,0,0
al2205,20220218,20220218,112428500,11:24:28,22610,31681,77701,3586799775,0,0,0
al2205,20220218,20220218,112429000,11:24:29,22610,31681,77701,3586799775,0,0,0
al2205,20220218,20220218,112429500,11:24:29,22610,31681,77701,3586799775,0,0,0
al2205,20220218,20220218,112430500,11:24:30,22610,31681,77701,3586799775,0,0,0
al2205,20220218,20220218,112431000,11:24:31,22610,31681,77701,3586799775,0,0,0
al2205,20220218,20220218,112431500,11:24:31,22610,31683,77703,3587025875,2,2,226100
al2205,20220218,20220218,112432000,11:24:32,22610,31683,77703,3587025875,0,0,0
al2205,20220218,20220218,112432500,11:24:32,22610,31683,77703,3587025875,0,0,0
al2205,20220218,20220218,112433000,11:24:33,22610,31683,77703,3587025875,0,0,0
al2205,20220218,20220218,112434500,11:24:34,22610,31683,77703,3587025875,0,0,0
al2205,20220218,20220218,112435000,11:24:35,22610,31683,77703,3587025875,0,0,0
al2205,20220218,20220218,112435500,11:24:35,22610,31683,77703,3587025875,0,0,0
al2205,20220218,20220218,112438000,11:24:39,22610,31688,77705,3587591125,5,2,565250
al2205,20220218,20220218,112438500,11:24:39,22615,31689,77706,3587704200,1,1,113075
al2205,20220218,20220218,112439000,11:24:40,22615,31689,77706,3587704200,0,0,0
al2205,20220218,20220218,112441500,11:24:41,22615,31689,77706,3587704200,0,0,0
al2205,20220218,20220218,112443500,11:24:43,22615,31689,77706,3587704200,0,0,0
al2205,20220218,20220218,112444000,11:24:44,22610,31695,77703,3588382500,6,-3,678300
al2205,20220218,20220218,112448000,11:24:48,22610,31695,77703,3588382500,0,0,0
al2205,20220218,20220218,112449000,11:24:49,22610,31695,77703,3588382500,0,0,0
al2205,20220218,20220218,112449500,11:24:49,22610,31695,77703,3588382500,0,0,0
al2205,20220218,20220218,112451500,11:24:51,22610,31695,77703,3588382500,0,0,0
al2205,20220218,20220218,112452000,11:24:52,22610,31695,77703,3588382500,0,0,0
al2205,20220218,20220218,112453000,11:24:53,22615,31696,77703,3588495575,1,0,113075
al2205,20220218,20220218,112455500,11:24:56,22610,31707,77692,3589739125,11,-11,1243550
al2205,20220218,20220218,112456000,11:24:56,22610,31714,77686,3590530475,7,-6,791350
al2205,20220218,20220218,112456500,11:24:56,22610,31714,77686,3590530475,0,0,0
al2205,20220218,20220218,112457000,11:24:57,22610,31716,77686,3590756575,2,0,226100
al2205,20220218,20220218,112457500,11:24:57,22610,31716,77686,3590756575,0,0,0
al2205,20220218,20220218,112458000,11:24:58,22610,31716,77686,3590756575,0,0,0
al2205,20220218,20220218,112458500,11:24:58,22610,31716,77686,3590756575,0,0,0
al2205,20220218,20220218,112459000,11:24:59,22610,31716,77686,3590756575,0,0,0
al2205,20220218,20220218,112459500,11:24:59,22605,31721,77682,3591321700,5,-4,565125
al2205,20220218,20220218,112500000,11:25:00,22605,31721,77682,3591321700,0,0,0
al2205,20220218,20220218,112504500,11:25:06,22605,31723,77680,3591547750,2,-2,226050
al2205,20220218,20220218,112506000,11:25:06,22605,31723,77680,3591547750,0,0,0
al2205,20220218,20220218,112506500,11:25:07,22605,31723,77680,3591547750,0,0,0
al2205,20220218,20220218,112507000,11:25:07,22605,31723,77680,3591547750,0,0,0
al2205,20220218,20220218,112507500,11:25:07,22600,31724,77679,3591660750,1,-1,113000
al2205,20220218,20220218,112508500,11:25:08,22600,31724,77679,3591660750,0,0,0
al2205,20220218,20220218,112518500,11:25:19,22600,31724,77679,3591660750,0,0,0
al2205,20220218,20220218,112519000,11:25:19,22600,31724,77679,3591660750,0,0,0
al2205,20220218,20220218,112520000,11:25:20,22600,31724,77679,3591660750,0,0,0
al2205,20220218,20220218,112523500,11:25:24,22600,31724,77679,3591660750,0,0,0
al2205,20220218,20220218,112524000,11:25:24,22605,31730,77673,3592338900,6,-6,678150
al2205,20220218,20220218,112524500,11:25:25,22605,31730,77673,3592338900,0,0,0
al2205,20220218,20220218,112525000,11:25:25,22605,31730,77673,3592338900,0,0,0
al2205,20220218,20220218,112525500,11:25:26,22605,31730,77673,3592338900,0,0,0
al2205,20220218,20220218,112526000,11:25:26,22605,31730,77673,3592338900,0,0,0
al2205,20220218,20220218,112529000,11:25:29,22605,31730,77673,3592338900,0,0,0
al2205,20220218,20220218,112537500,11:25:38,22605,31735,77678,3592904025,5,5,565125
al2205,20220218,20220218,112538000,11:25:38,22605,31735,77678,3592904025,0,0,0
al2205,20220218,20220218,112538500,11:25:39,22605,31735,77678,3592904025,0,0,0
al2205,20220218,20220218,112539000,11:25:39,22605,31740,77680,3593469150,5,2,565125
al2205,20220218,20220218,112539500,11:25:40,22605,31740,77680,3593469150,0,0,0
al2205,20220218,20220218,112540500,11:25:40,22605,31740,77680,3593469150,0,0,0
al2205,20220218,20220218,112541000,11:25:41,22605,31740,77680,3593469150,0,0,0
al2205,20220218,20220218,112541500,11:25:41,22605,31741,77679,3593582175,1,-1,113025
al2205,20220218,20220218,112542000,11:25:42,22605,31743,77677,3593808225,2,-2,226050
al2205,20220218,20220218,112545000,11:25:45,22610,31773,77688,3597199725,30,11,3391500
al2205,20220218,20220218,112545500,11:25:46,22610,31773,77688,3597199725,0,0,0
al2205,20220218,20220218,112546000,11:25:46,22610,31773,77688,3597199725,0,0,0
al2205,20220218,20220218,112546500,11:25:47,22610,31773,77688,3597199725,0,0,0
al2205,20220218,20220218,112547000,11:25:48,22610,31773,77688,3597199725,0,0,0
al2205,20220218,20220218,112548500,11:25:48,22610,31773,77688,3597199725,0,0,0
al2205,20220218,20220218,112549000,11:25:49,22610,31773,77688,3597199725,0,0,0
al2205,20220218,20220218,112549500,11:25:49,22610,31773,77688,3597199725,0,0,0
al2205,20220218,20220218,112552000,11:25:52,22610,31773,77688,3597199725,0,0,0
al2205,20220218,20220218,112553500,11:25:54,22610,31773,77688,3597199725,0,0,0
al2205,20220218,20220218,112555000,11:25:55,22610,31773,77688,3597199725,0,0,0
al2205,20220218,20220218,112555500,11:25:56,22610,31773,77688,3597199725,0,0,0
al2205,20220218,20220218,112558000,11:25:59,22610,31773,77688,3597199725,0,0,0
al2205,20220218,20220218,112559000,11:26:00,22610,31773,77688,3597199725,0,0,0
al2205,20220218,20220218,112559500,11:26:00,22610,31773,77688,3597199725,0,0,0
al2205,20220218,20220218,112600000,11:26:00,22610,31773,77688,3597199725,0,0,0
al2205,20220218,20220218,112600500,11:26:00,22610,31773,77688,3597199725,0,0,0
al2205,20220218,20220218,112601000,11:26:01,22610,31773,77688,3597199725,0,0,0
al2205,20220218,20220218,112601500,11:26:01,22610,31773,77688,3597199725,0,0,0
al2205,20220218,20220218,112604000,11:26:04,22610,31773,77688,3597199725,0,0,0
al2205,20220218,20220218,112604500,11:26:05,22610,31773,77688,3597199725,0,0,0
al2205,20220218,20220218,112605000,11:26:05,22610,31773,77688,3597199725,0,0,0
al2205,20220218,20220218,112605500,11:26:05,22610,31773,77688,3597199725,0,0,0
al2205,20220218,20220218,112606500,11:26:06,22610,31773,77688,3597199725,0,0,0
al2205,20220218,20220218,112609000,11:26:10,22610,31778,77689,3597764975,5,1,565250
al2205,20220218,20220218,112609500,11:26:10,22610,31778,77689,3597764975,0,0,0
al2205,20220218,20220218,112611000,11:26:11,22610,31778,77689,3597764975,0,0,0
al2205,20220218,20220218,112613000,11:26:15,22610,31778,77689,3597764975,0,0,0
al2205,20220218,20220218,112613500,11:26:15,22610,31778,77689,3597764975,0,0,0
al2205,20220218,20220218,112614500,11:26:15,22610,31780,77689,3597991075,2,0,226100
al2205,20220218,20220218,112615000,11:26:16,22610,31780,77689,3597991075,0,0,0
al2205,20220218,20220218,112616000,11:26:16,22610,31780,77689,3597991075,0,0,0
al2205,20220218,20220218,112616500,11:26:16,22610,31780,77689,3597991075,0,0,0
al2205,20220218,20220218,112617000,11:26:17,22610,31780,77689,3597991075,0,0,0
al2205,20220218,20220218,112617500,11:26:17,22610,31780,77689,3597991075,0,0,0
al2205,20220218,20220218,112618000,11:26:18,22610,31780,77689,3597991075,0,0,0
al2205,20220218,20220218,112618500,11:26:18,22610,31780,77689,3597991075,0,0,0
al2205,20220218,20220218,112619000,11:26:19,22610,31780,77689,3597991075,0,0,0
al2205,20220218,20220218,112619500,11:26:20,22610,31783,77692,3598330225,3,3,339150
al2205,20220218,20220218,112620000,11:26:20,22610,31783,77692,3598330225,0,0,0
al2205,20220218,20220218,112620500,11:26:20,22610,31783,77692,3598330225,0,0,0
al2205,20220218,20220218,112621000,11:26:21,22610,31783,77692,3598330225,0,0,0
al2205,20220218,20220218,112621500,11:26:21,22610,31783,77692,3598330225,0,0,0
al2205,20220218,20220218,112622500,11:26:22,22610,31783,77692,3598330225,0,0,0
al2205,20220218,20220218,112624000,11:26:24,22610,31783,77692,3598330225,0,0,0
al2205,20220218,20220218,112625000,11:26:25,22610,31783,77692,3598330225,0,0,0
al2205,20220218,20220218,112625500,11:26:25,22610,31783,77692,3598330225,0,0,0
al2205,20220218,20220218,112628000,11:26:28,22610,31783,77692,3598330225,0,0,0
al2205,20220218,20220218,112628500,11:26:28,22610,31783,77692,3598330225,0,0,0
al2205,20220218,20220218,112630500,11:26:31,22610,31783,77692,3598330225,0,0,0
al2205,20220218,20220218,112631000,11:26:31,22610,31784,77691,3598443275,1,-1,113050
al2205,20220218,20220218,112631500,11:26:32,22610,31785,77691,3598556325,1,0,113050
al2205,20220218,20220218,112632000,11:26:32,22610,31785,77691,3598556325,0,0,0
al2205,20220218,20220218,112632500,11:26:32,22610,31785,77691,3598556325,0,0,0
al2205,20220218,20220218,112633000,11:26:33,22610,31788,77691,3598895475,3,0,339150
al2205,20220218,20220218,112633500,11:26:34,22610,31788,77691,3598895475,0,0,0
al2205,20220218,20220218,112634000,11:26:34,22610,31788,77691,3598895475,0,0,0
al2205,20220218,20220218,112634500,11:26:37,22610,31788,77691,3598895475,0,0,0
al2205,20220218,20220218,112635000,11:26:37,22610,31788,77691,3598895475,0,0,0
al2205,20220218,20220218,112636000,11:26:38,22610,31788,77691,3598895475,0,0,0
al2205,20220218,20220218,112636500,11:26:38,22610,31788,77691,3598895475,0,0,0
al2205,20220218,20220218,112638000,11:27:10,22610,31788,77691,3598895475,0,0,0
al2205,20220218,20220218,112638500,11:27:10,22610,31788,77691,3598895475,0,0,0
al2205,20220218,20220218,112653500,11:27:10,22610,31788,77691,3598895475,0,0,0
al2205,20220218,20220218,112654000,11:27:12,22610,31788,77691,3598895475,0,0,0
al2205,20220218,20220218,112709500,11:27:12,22610,31788,77691,3598895475,0,0,0
al2205,20220218,20220218,112710500,11:27:12,22610,31788,77691,3598895475,0,0,0
al2205,20220218,20220218,112711500,11:27:12,22610,31788,77691,3598895475,0,0,0
al2205,20220218,20220218,112714000,11:27:14,22610,31788,77691,3598895475,0,0,0
al2205,20220218,20220218,112716000,11:27:16,22605,31815,77699,3601947175,27,8,3051700
al2205,20220218,20220218,112716500,11:27:17,22605,31821,77705,3602625325,6,6,678150
al2205,20220218,20220218,112717000,11:27:17,22605,31821,77705,3602625325,0,0,0
al2205,20220218,20220218,112719500,11:27:20,22605,31821,77705,3602625325,0,0,0
al2205,20220218,20220218,112720500,11:27:21,22605,31821,77705,3602625325,0,0,0
al2205,20220218,20220218,112721000,11:27:21,22605,31826,77710,3603190450,5,5,565125
al2205,20220218,20220218,112722500,11:27:22,22605,31826,77710,3603190450,0,0,0
al2205,20220218,20220218,112723000,11:27:26,22605,31826,77710,3603190450,0,0,0
al2205,20220218,20220218,112723500,11:27:27,22605,31826,77710,3603190450,0,0,0
al2205,20220218,20220218,112724000,11:27:27,22605,31826,77710,3603190450,0,0,0
al2205,20220218,20220218,112726500,11:27:27,22605,31826,77710,3603190450,0,0,0
al2205,20220218,20220218,112728500,11:27:28,22605,31826,77710,3603190450,0,0,0
al2205,20220218,20220218,112729000,11:27:29,22605,31826,77710,3603190450,0,0,0
al2205,20220218,20220218,112731000,11:27:32,22605,31826,77710,3603190450,0,0,0
al2205,20220218,20220218,112731500,11:27:35,22605,31826,77710,3603190450,0,0,0
al2205,20220218,20220218,112733500,11:27:36,22605,31826,77710,3603190450,0,0,0
al2205,20220218,20220218,112741500,11:27:41,22600,31828,77708,3603416450,2,-2,226000
al2205,20220218,20220218,112742000,11:27:42,22605,31829,77708,3603529475,1,0,113025
al2205,20220218,20220218,112742500,11:27:43,22605,31829,77708,3603529475,0,0,0
al2205,20220218,20220218,112743000,11:27:43,22605,31829,77708,3603529475,0,0,0
al2205,20220218,20220218,112744000,11:27:44,22605,31829,77708,3603529475,0,0,0
al2205,20220218,20220218,112745000,11:27:45,22605,31829,77708,3603529475,0,0,0
al2205,20220218,20220218,112745500,11:27:46,22605,31829,77708,3603529475,0,0,0
al2205,20220218,20220218,112746000,11:27:46,22605,31829,77708,3603529475,0,0,0
al2205,20220218,20220218,112746500,11:27:47,22605,31829,77708,3603529475,0,0,0
al2205,20220218,20220218,112747000,11:27:47,22605,31829,77708,3603529475,0,0,0
al2205,20220218,20220218,112747500,11:27:47,22605,31829,77708,3603529475,0,0,0
al2205,20220218,20220218,112752500,11:27:54,22605,31829,77708,3603529475,0,0,0
al2205,20220218,20220218,112758000,11:27:58,22605,31829,77708,3603529475,0,0,0
al2205,20220218,20220218,112758500,11:27:59,22605,31829,77708,3603529475,0,0,0
al2205,20220218,20220218,112759500,11:27:59,22605,31829,77708,3603529475,0,0,0
al2205,20220218,20220218,112800500,11:28:01,22605,31829,77708,3603529475,0,0,0
al2205,20220218,20220218,112801000,11:28:01,22605,31829,77708,3603529475,0,0,0
al2205,20220218,20220218,112801500,11:28:02,22605,31829,77708,3603529475,0,0,0
al2205,20220218,20220218,112802500,11:28:03,22605,31829,77708,3603529475,0,0,0
al2205,20220218,20220218,112803000,11:28:04,22605,31829,77708,3603529475,0,0,0
al2205,20220218,20220218,112803500,11:28:04,22605,31829,77708,3603529475,0,0,0
al2205,20220218,20220218,112804000,11:28:04,22605,31829,77708,3603529475,0,0,0
al2205,20220218,20220218,112804500,11:28:05,22605,31829,77708,3603529475,0,0,0
al2205,20220218,20220218,112805000,11:28:06,22605,31829,77708,3603529475,0,0,0
al2205,20220218,20220218,112805500,11:28:06,22605,31829,77708,3603529475,0,0,0
al2205,20220218,20220218,112806000,11:28:10,22600,31833,77706,3603981525,4,-2,452050
al2205,20220218,20220218,112806500,11:28:10,22600,31835,77706,3604207525,2,0,226000
al2205,20220218,20220218,112807000,11:28:10,22600,31836,77707,3604320525,1,1,113000
al2205,20220218,20220218,112807500,11:28:10,22600,31837,77708,3604433525,1,1,113000
al2205,20220218,20220218,112808000,11:28:11,22605,31838,77708,3604546550,1,0,113025
al2205,20220218,20220218,112816500,11:28:16,22605,31838,77708,3604546550,0,0,0
al2205,20220218,20220218,112818000,11:28:18,22605,31838,77708,3604546550,0,0,0
al2205,20220218,20220218,112822500,11:28:22,22605,31838,77708,3604546550,0,0,0
al2205,20220218,20220218,112823500,11:28:23,22605,31838,77708,3604546550,0,0,0
al2205,20220218,20220218,112824000,11:28:24,22605,31838,77708,3604546550,0,0,0
al2205,20220218,20220218,112824500,11:28:24,22605,31838,77708,3604546550,0,0,0
al2205,20220218,20220218,112825000,11:28:25,22605,31838,77708,3604546550,0,0,0
al2205,20220218,20220218,112825500,11:28:25,22605,31838,77708,3604546550,0,0,0
al2205,20220218,20220218,112827000,11:28:27,22605,31838,77708,3604546550,0,0,0
al2205,20220218,20220218,112827500,11:28:27,22605,31838,77708,3604546550,0,0,0
al2205,20220218,20220218,112828500,11:28:28,22605,31838,77708,3604546550,0,0,0
al2205,20220218,20220218,112829000,11:28:29,22605,31838,77708,3604546550,0,0,0
al2205,20220218,20220218,112829500,11:28:29,22600,31840,77710,3604772550,2,2,226000
al2205,20220218,20220218,112830000,11:28:30,22600,31840,77710,3604772550,0,0,0
al2205,20220218,20220218,112830500,11:28:31,22600,31852,77698,3606128550,12,-12,1356000
al2205,20220218,20220218,112831000,11:28:31,22600,31852,77698,3606128550,0,0,0
al2205,20220218,20220218,112831500,11:28:31,22600,31852,77698,3606128550,0,0,0
al2205,20220218,20220218,112834000,11:28:34,22600,31852,77698,3606128550,0,0,0
al2205,20220218,20220218,112834500,11:28:34,22600,31852,77698,3606128550,0,0,0
al2205,20220218,20220218,112838000,11:28:38,22600,31852,77698,3606128550,0,0,0
al2205,20220218,20220218,112840000,11:28:40,22600,31852,77698,3606128550,0,0,0
al2205,20220218,20220218,112841500,11:28:41,22600,31852,77698,3606128550,0,0,0
al2205,20220218,20220218,112842000,11:28:42,22600,31852,77698,3606128550,0,0,0
al2205,20220218,20220218,112843000,11:28:43,22600,31852,77698,3606128550,0,0,0
al2205,20220218,20220218,112843500,11:28:44,22600,31852,77698,3606128550,0,0,0
al2205,20220218,20220218,112844000,11:28:44,22600,31852,77698,3606128550,0,0,0
al2205,20220218,20220218,112844500,11:28:44,22600,31852,77698,3606128550,0,0,0
al2205,20220218,20220218,112845000,11:28:45,22600,31852,77698,3606128550,0,0,0
al2205,20220218,20220218,112845500,11:28:46,22600,31852,77698,3606128550,0,0,0
al2205,20220218,20220218,112846000,11:28:46,22600,31852,77698,3606128550,0,0,0
al2205,20220218,20220218,112846500,11:28:46,22600,31852,77698,3606128550,0,0,0
al2205,20220218,20220218,112849000,11:28:49,22600,31852,77698,3606128550,0,0,0
al2205,20220218,20220218,112854000,11:28:54,22605,31853,77697,3606241575,1,-1,113025
al2205,20220218,20220218,112854500,11:28:54,22605,31856,77697,3606580650,3,0,339075
al2205,20220218,20220218,112855500,11:28:55,22605,31856,77697,3606580650,0,0,0
al2205,20220218,20220218,112856000,11:28:56,22605,31858,77696,3606806700,2,-1,226050
al2205,20220218,20220218,112856500,11:28:56,22605,31858,77696,3606806700,0,0,0
al2205,20220218,20220218,112858000,11:28:58,22605,31858,77696,3606806700,0,0,0
al2205,20220218,20220218,112858500,11:28:59,22605,31858,77696,3606806700,0,0,0
al2205,20220218,20220218,112859000,11:28:59,22605,31858,77696,3606806700,0,0,0
al2205,20220218,20220218,112859500,11:29:00,22605,31858,77696,3606806700,0,0,0
al2205,20220218,20220218,112900500,11:29:01,22605,31858,77696,3606806700,0,0,0
al2205,20220218,20220218,112901000,11:29:01,22605,31858,77696,3606806700,0,0,0
al2205,20220218,20220218,112901500,11:29:01,22605,31858,77696,3606806700,0,0,0
al2205,20220218,20220218,112903000,11:29:03,22605,31858,77696,3606806700,0,0,0
al2205,20220218,20220218,112903500,11:29:04,22605,31858,77696,3606806700,0,0,0
al2205,20220218,20220218,112904000,11:29:04,22605,31858,77696,3606806700,0,0,0
al2205,20220218,20220218,112906000,11:29:06,22605,31858,77696,3606806700,0,0,0
al2205,20220218,20220218,112906500,11:29:06,22605,31859,77696,3606919725,1,0,113025
al2205,20220218,20220218,112908500,11:29:08,22605,31859,77696,3606919725,0,0,0
al2205,20220218,20220218,112909000,11:29:09,22605,31859,77696,3606919725,0,0,0
al2205,20220218,20220218,112911500,11:29:12,22605,31859,77696,3606919725,0,0,0
al2205,20220218,20220218,112912000,11:29:12,22605,31860,77696,3607032750,1,0,113025
al2205,20220218,20220218,112913000,11:29:13,22605,31861,77697,3607145775,1,1,113025
al2205,20220218,20220218,112913500,11:29:14,22605,31861,77697,3607145775,0,0,0
al2205,20220218,20220218,112914500,11:29:14,22605,31861,77697,3607145775,0,0,0
al2205,20220218,20220218,112915000,11:29:15,22605,31863,77697,3607371825,2,0,226050
al2205,20220218,20220218,112915500,11:29:16,22605,31863,77697,3607371825,0,0,0
al2205,20220218,20220218,112917000,11:29:20,22605,31863,77697,3607371825,0,0,0
al2205,20220218,20220218,112918000,11:29:21,22605,31863,77697,3607371825,0,0,0
al2205,20220218,20220218,112919000,11:29:21,22610,31864,77696,3607484875,1,-1,113050
al2205,20220218,20220218,112921000,11:29:22,22610,31864,77696,3607484875,0,0,0
al2205,20220218,20220218,112921500,11:29:23,22610,31864,77696,3607484875,0,0,0
al2205,20220218,20220218,112922000,11:29:24,22610,31864,77696,3607484875,0,0,0
al2205,20220218,20220218,112922500,11:29:24,22610,31864,77696,3607484875,0,0,0
al2205,20220218,20220218,112924000,11:29:24,22610,31864,77696,3607484875,0,0,0
al2205,20220218,20220218,112924500,11:29:24,22610,31864,77696,3607484875,0,0,0
al2205,20220218,20220218,112927500,11:29:27,22610,31864,77696,3607484875,0,0,0
al2205,20220218,20220218,112929000,11:29:29,22610,31864,77696,3607484875,0,0,0
al2205,20220218,20220218,112929500,11:29:29,22605,31865,77697,3607597900,1,1,113025
al2205,20220218,20220218,112930000,11:29:30,22605,31865,77697,3607597900,0,0,0
al2205,20220218,20220218,112930500,11:29:30,22605,31865,77697,3607597900,0,0,0
al2205,20220218,20220218,112931000,11:29:32,22605,31865,77697,3607597900,0,0,0
al2205,20220218,20220218,112931500,11:29:32,22605,31865,77697,3607597900,0,0,0
al2205,20220218,20220218,112932000,11:29:32,22605,31865,77697,3607597900,0,0,0
al2205,20220218,20220218,112932500,11:29:36,22605,31865,77697,3607597900,0,0,0
al2205,20220218,20220218,112933000,11:29:37,22605,31865,77697,3607597900,0,0,0
al2205,20220218,20220218,112933500,11:29:37,22605,31865,77697,3607597900,0,0,0
al2205,20220218,20220218,112936500,11:29:38,22605,31865,77697,3607597900,0,0,0
al2205,20220218,20220218,112937000,11:29:38,22605,31865,77697,3607597900,0,0,0
al2205,20220218,20220218,112937500,11:29:38,22605,31865,77697,3607597900,0,0,0
al2205,20220218,20220218,112938000,11:29:38,22605,31865,77697,3607597900,0,0,0
al2205,20220218,20220218,112938500,11:29:39,22605,31865,77697,3607597900,0,0,0
al2205,20220218,20220218,112939500,11:29:39,22605,31865,77697,3607597900,0,0,0
al2205,20220218,20220218,112940000,11:29:40,22605,31865,77697,3607597900,0,0,0
al2205,20220218,20220218,112940500,11:29:40,22605,31865,77697,3607597900,0,0,0
al2205,20220218,20220218,112941000,11:29:41,22605,31865,77697,3607597900,0,0,0
al2205,20220218,20220218,112942000,11:29:42,22605,31865,77697,3607597900,0,0,0
al2205,20220218,20220218,112942500,11:29:44,22605,31865,77697,3607597900,0,0,0
al2205,20220218,20220218,112943000,11:29:45,22605,31865,77697,3607597900,0,0,0
al2205,20220218,20220218,112944500,11:29:45,22605,31865,77697,3607597900,0,0,0
al2205,20220218,20220218,112945000,11:29:46,22605,31865,77697,3607597900,0,0,0
al2205,20220218,20220218,112945500,11:29:46,22605,31865,77697,3607597900,0,0,0
al2205,20220218,20220218,112946000,11:29:46,22605,31865,77697,3607597900,0,0,0
al2205,20220218,20220218,112946500,11:29:47,22605,31865,77697,3607597900,0,0,0
al2205,20220218,20220218,112947000,11:29:47,22605,31865,77697,3607597900,0,0,0
al2205,20220218,20220218,112947500,11:29:48,22605,31865,77697,3607597900,0,0,0
al2205,20220218,20220218,112948000,11:29:48,22605,31865,77697,3607597900,0,0,0
al2205,20220218,20220218,112949000,11:29:50,22605,31865,77697,3607597900,0,0,0
al2205,20220218,20220218,112950000,11:29:51,22605,31865,77697,3607597900,0,0,0
al2205,20220218,20220218,112951500,11:29:52,22605,31865,77697,3607597900,0,0,0
al2205,20220218,20220218,112952000,11:29:52,22605,31865,77697,3607597900,0,0,0
al2205,20220218,20220218,112952500,11:29:53,22605,31865,77697,3607597900,0,0,0
al2205,20220218,20220218,112953000,11:29:53,22605,31865,77697,3607597900,0,0,0
al2205,20220218,20220218,112953500,11:29:54,22605,31865,77697,3607597900,0,0,0
al2205,20220218,20220218,112954000,11:29:54,22610,31869,77700,3608050100,4,3,452200
al2205,20220218,20220218,112954500,11:29:54,22610,31869,77700,3608050100,0,0,0
al2205,20220218,20220218,112955000,11:29:55,22610,31869,77700,3608050100,0,0,0
al2205,20220218,20220218,112955500,11:29:55,22610,31869,77700,3608050100,0,0,0
al2205,20220218,20220218,112956500,11:30:00,22610,31869,77700,3608050100,0,0,0
al2205,20220218,20220218,112957500,11:30:02,22610,31869,77700,3608050100,0,0,0
al2205,20220218,20220218,112959500,11:30:02,22610,31869,77700,3608050100,0,0,0
al2205,20220218,20220218,113000000,11:30:03,22610,31869,77700,3608050100,0,0,0
al2205,20220218,20220218,113000500,11:30:03,22610,31869,77700,3608050100,0,0,0
al2205,20220218,20220218,113001500,11:30:03,22610,31869,77700,3608050100,0,0,0
al2205,20220218,20220218,133002000,13:30:08,22610,31870,77699,3608163150,1,-1,113050
al2205,20220218,20220218,133002500,13:30:09,22610,31875,77702,3608728400,5,3,565250
al2205,20220218,20220218,133008500,13:30:10,22610,31875,77702,3608728400,0,0,0
al2205,20220218,20220218,133009500,13:30:10,22610,31875,77702,3608728400,0,0,0
al2205,20220218,20220218,133010000,13:30:11,22610,31913,77707,3613024500,38,5,4296100
al2205,20220218,20220218,133010500,13:30:11,22610,31913,77707,3613024500,0,0,0
al2205,20220218,20220218,133011000,13:30:12,22610,31913,77707,3613024500,0,0,0
al2205,20220218,20220218,133011500,13:30:13,22610,31913,77707,3613024500,0,0,0
al2205,20220218,20220218,133012500,13:30:13,22610,31913,77707,3613024500,0,0,0
al2205,20220218,20220218,133013000,13:30:13,22610,31913,77707,3613024500,0,0,0
al2205,20220218,20220218,133013500,13:30:14,22610,31913,77707,3613024500,0,0,0
al2205,20220218,20220218,133014000,13:30:15,22610,31913,77707,3613024500,0,0,0
al2205,20220218,20220218,133015000,13:30:17,22610,31917,77706,3613476700,4,-1,452200
al2205,20220218,20220218,133016500,13:30:18,22600,31923,77708,3614154825,6,2,678125
al2205,20220218,20220218,133018500,13:30:20,22600,31923,77708,3614154825,0,0,0
al2205,20220218,20220218,133019000,13:30:20,22600,31923,77708,3614154825,0,0,0
al2205,20220218,20220218,133020500,13:30:21,22600,31923,77708,3614154825,0,0,0
al2205,20220218,20220218,133021000,13:30:21,22600,31923,77708,3614154825,0,0,0
al2205,20220218,20220218,133021500,13:30:22,22600,31923,77708,3614154825,0,0,0
al2205,20220218,20220218,133022000,13:30:22,22600,31923,77708,3614154825,0,0,0
al2205,20220218,20220218,133023000,13:30:38,22600,31923,77708,3614154825,0,0,0
al2205,20220218,20220218,133037500,13:30:40,22600,31923,77708,3614154825,0,0,0
al2205,20220218,20220218,133040500,13:30:42,22600,31923,77708,3614154825,0,0,0
al2205,20220218,20220218,133041000,13:30:43,22600,31923,77708,3614154825,0,0,0
al2205,20220218,20220218,133041500,13:30:43,22600,31923,77708,3614154825,0,0,0
al2205,20220218,20220218,133042000,13:30:44,22600,31923,77708,3614154825,0,0,0
al2205,20220218,20220218,133043000,13:30:44,22600,31923,77708,3614154825,0,0,0
al2205,20220218,20220218,133043500,13:30:44,22600,31923,77708,3614154825,0,0,0
al2205,20220218,20220218,133044000,13:30:46,22600,31923,77708,3614154825,0,0,0
al2205,20220218,20220218,133045500,13:30:46,22600,31923,77708,3614154825,0,0,0
al2205,20220218,20220218,133046000,13:30:47,22600,31923,77708,3614154825,0,0,0
al2205,20220218,20220218,133046500,13:30:47,22600,31923,77708,3614154825,0,0,0
al2205,20220218,20220218,133047000,13:30:47,22600,31923,77708,3614154825,0,0,0
al2205,20220218,20220218,133047500,13:30:48,22600,31923,77708,3614154825,0,0,0
al2205,20220218,20220218,133048000,13:30:48,22600,31923,77708,3614154825,0,0,0
al2205,20220218,20220218,133052000,13:30:53,22600,31923,77708,3614154825,0,0,0
al2205,20220218,20220218,133052500,13:30:53,22600,31923,77708,3614154825,0,0,0
al2205,20220218,20220218,133053000,13:30:54,22600,31923,77708,3614154825,0,0,0
al2205,20220218,20220218,133055500,13:30:56,22600,31923,77708,3614154825,0,0,0
al2205,20220218,20220218,133056000,13:30:57,22600,31923,77708,3614154825,0,0,0
al2205,20220218,20220218,133057000,13:30:57,22600,31923,77708,3614154825,0,0,0
al2205,20220218,20220218,133058000,13:30:58,22600,31923,77708,3614154825,0,0,0
al2205,20220218,20220218,133058500,13:30:59,22600,31923,77708,3614154825,0,0,0
al2205,20220218,20220218,133059000,13:30:59,22600,31923,77708,3614154825,0,0,0
al2205,20220218,20220218,133059500,13:30:59,22600,31923,77708,3614154825,0,0,0
al2205,20220218,20220218,133100000,13:31:00,22600,31923,77708,3614154825,0,0,0
al2205,20220218,20220218,133100500,13:31:00,22615,31947,77711,3616868025,24,3,2713200
al2205,20220218,20220218,133101000,13:31:01,22615,31950,77714,3617207250,3,3,339225
al2205,20220218,20220218,133101500,13:31:01,22615,31951,77714,3617320325,1,0,113075
al2205,20220218,20220218,133102000,13:31:02,22615,31951,77714,3617320325,0,0,0
al2205,20220218,20220218,133102500,13:31:02,22615,31951,77714,3617320325,0,0,0
al2205,20220218,20220218,133104500,13:31:06,22615,31951,77714,3617320325,0,0,0
al2205,20220218,20220218,133105500,13:31:07,22615,31951,77714,3617320325,0,0,0
al2205,20220218,20220218,133106000,13:31:08,22615,31957,77711,3617998775,6,-3,678450
al2205,20220218,20220218,133107500,13:31:08,22615,31957,77711,3617998775,0,0,0
al2205,20220218,20220218,133108500,13:31:09,22615,31957,77711,3617998775,0,0,0
al2205,20220218,20220218,133109000,13:31:09,22615,31957,77711,3617998775,0,0,0
al2205,20220218,20220218,133110500,13:31:11,22610,31963,77711,3618677075,6,0,678300
al2205,20220218,20220218,133111000,13:31:11,22610,31963,77711,3618677075,0,0,0
al2205,20220218,20220218,133113000,13:31:13,22610,31963,77711,3618677075,0,0,0
al2205,20220218,20220218,133113500,13:31:14,22610,31964,77710,3618790125,1,-1,113050
al2205,20220218,20220218,133114000,13:31:15,22610,31964,77710,3618790125,0,0,0
al2205,20220218,20220218,133114500,13:31:15,22610,31964,77710,3618790125,0,0,0
al2205,20220218,20220218,133115000,13:31:15,22610,31964,77710,3618790125,0,0,0
al2205,20220218,20220218,133115500,13:31:15,22610,31964,77710,3618790125,0,0,0
al2205,20220218,20220218,133118500,13:31:19,22610,31964,77710,3618790125,0,0,0
al2205,20220218,20220218,133120500,13:31:21,22610,31964,77710,3618790125,0,0,0
al2205,20220218,20220218,133123500,13:31:25,22610,31964,77710,3618790125,0,0,0
al2205,20220218,20220218,133124000,13:31:25,22610,31964,77710,3618790125,0,0,0
al2205,20220218,20220218,133124500,13:31:25,22610,31964,77710,3618790125,0,0,0
al2205,20220218,20220218,133155000,13:31:55,22610,31964,77710,3618790125,0,0,0
al2205,20220218,20220218,133158000,13:31:58,22615,31966,77712,3619016275,2,2,226150
al2205,20220218,20220218,133158500,13:31:58,22615,31972,77716,3619694725,6,4,678450
al2205,20220218,20220218,133159000,13:31:59,22615,31972,77716,3619694725,0,0,0
al2205,20220218,20220218,133159500,13:32:00,22615,31972,77716,3619694725,0,0,0
al2205,20220218,20220218,133200000,13:32:00,22615,31972,77716,3619694725,0,0,0
al2205,20220218,20220218,133200500,13:32:01,22605,31982,77719,3620825050,10,3,1130325
al2205,20220218,20220218,133201000,13:32:01,22605,31982,77719,3620825050,0,0,0
al2205,20220218,20220218,133201500,13:32:01,22605,31982,77719,3620825050,0,0,0
al2205,20220218,20220218,133202000,13:32:03,22605,31982,77719,3620825050,0,0,0
al2205,20220218,20220218,133203000,13:32:04,22605,31983,77718,3620938075,1,-1,113025
al2205,20220218,20220218,133203500,13:32:05,22605,31983,77718,3620938075,0,0,0
al2205,20220218,20220218,133205500,13:32:06,22605,31983,77718,3620938075,0,0,0
al2205,20220218,20220218,133207000,13:32:07,22605,31983,77718,3620938075,0,0,0
al2205,20220218,20220218,133208000,13:32:09,22605,31987,77720,3621390175,4,2,452100
al2205,20220218,20220218,133208500,13:32:10,22600,31988,77720,3621503175,1,0,113000
al2205,20220218,20220218,133209000,13:32:10,22600,31988,77720,3621503175,0,0,0
al2205,20220218,20220218,133209500,13:32:10,22600,31988,77720,3621503175,0,0,0
al2205,20220218,20220218,133210000,13:32:10,22600,31988,77720,3621503175,0,0,0
al2205,20220218,20220218,133210500,13:32:13,22600,31992,77720,3621955175,4,0,452000
al2205,20220218,20220218,133211000,13:32:14,22595,31993,77720,3622068150,1,0,112975
al2205,20220218,20220218,133213000,13:32:15,22595,31993,77720,3622068150,0,0,0
al2205,20220218,20220218,133213500,13:32:15,22595,31993,77720,3622068150,0,0,0
al2205,20220218,20220218,133214000,13:32:15,22595,31993,77720,3622068150,0,0,0
al2205,20220218,20220218,133214500,13:32:16,22590,32004,77720,3623310850,11,0,1242700
al2205,20220218,20220218,133215000,13:32:16,22595,32017,77727,3624779500,13,7,1468650
al2205,20220218,20220218,133215500,13:32:16,22595,32034,77720,3626700075,17,-7,1920575
al2205,20220218,20220218,133216000,13:32:17,22595,32036,77720,3626926025,2,0,225950
al2205,20220218,20220218,133216500,13:32:17,22595,32036,77720,3626926025,0,0,0
al2205,20220218,20220218,133217000,13:32:17,22595,32043,77727,3627716850,7,7,790825
al2205,20220218,20220218,133217500,13:32:18,22595,32046,77730,3628055775,3,3,338925
al2205,20220218,20220218,133218000,13:32:18,22595,32046,77730,3628055775,0,0,0
al2205,20220218,20220218,133218500,13:32:18,22595,32046,77730,3628055775,0,0,0
al2205,20220218,20220218,133219000,13:32:19,22595,32050,77732,3628507675,4,2,451900
al2205,20220218,20220218,133219500,13:32:20,22590,32053,77733,3628846575,3,1,338900
al2205,20220218,20220218,133220000,13:32:20,22600,32067,77738,3630428250,14,5,1581675
al2205,20220218,20220218,133220500,13:32:21,22600,32067,77738,3630428250,0,0,0
al2205,20220218,20220218,133221000,13:32:21,22600,32067,77738,3630428250,0,0,0
al2205,20220218,20220218,133221500,13:32:22,22600,32067,77738,3630428250,0,0,0
al2205,20220218,20220218,133222000,13:32:22,22600,32067,77738,3630428250,0,0,0
al2205,20220218,20220218,133222500,13:32:23,22600,32067,77738,3630428250,0,0,0
al2205,20220218,20220218,133223000,13:32:24,22595,32075,77746,3631332050,8,8,903800
al2205,20220218,20220218,133223500,13:32:24,22595,32075,77746,3631332050,0,0,0
al2205,20220218,20220218,133224000,13:32:24,22595,32077,77746,3631558000,2,0,225950
al2205,20220218,20220218,133224500,13:32:24,22595,32077,77746,3631558000,0,0,0
al2205,20220218,20220218,133225000,13:32:25,22595,32077,77746,3631558000,0,0,0
al2205,20220218,20220218,133226500,13:32:27,22590,32083,77746,3632235700,6,0,677700
al2205,20220218,20220218,133227000,13:32:27,22595,32091,77754,3633139500,8,8,903800
al2205,20220218,20220218,133227500,13:32:27,22590,32109,77755,3635173025,18,1,2033525
al2205,20220218,20220218,133228000,13:32:32,22590,32110,77756,3635285975,1,1,112950
al2205,20220218,20220218,133228500,13:32:32,22590,32110,77756,3635285975,0,0,0
al2205,20220218,20220218,133229000,13:32:33,22595,32122,77765,3636641675,12,9,1355700
al2205,20220218,20220218,133229500,13:32:34,22590,32124,77767,3636867600,2,2,225925
al2205,20220218,20220218,133232000,13:32:35,22590,32128,77767,3637319425,4,0,451825
al2205,20220218,20220218,133232500,13:32:35,22590,32128,77767,3637319425,0,0,0
al2205,20220218,20220218,133234500,13:32:35,22590,32128,77767,3637319425,0,0,0
al2205,20220218,20220218,133235000,13:32:36,22590,32128,77767,3637319425,0,0,0
al2205,20220218,20220218,133236000,13:32:36,22590,32128,77767,3637319425,0,0,0
al2205,20220218,20220218,133238000,13:32:38,22595,32132,77771,3637771325,4,4,451900
al2205,20220218,20220218,133238500,13:32:39,22595,32132,77771,3637771325,0,0,0
al2205,20220218,20220218,133240500,13:32:40,22595,32132,77771,3637771325,0,0,0
al2205,20220218,20220218,133246000,13:32:47,22590,32252,77867,3651325325,120,96,13554000
al2205,20220218,20220218,133246500,13:32:47,22585,32269,77870,3653245450,17,3,1920125
al2205,20220218,20220218,133247000,13:32:47,22590,32271,77871,3653471325,2,1,225875
al2205,20220218,20220218,133247500,13:32:48,22585,32273,77871,3653697175,2,0,225850
al2205,20220218,20220218,133248000,13:32:48,22585,32279,77871,3654374725,6,0,677550
al2205,20220218,20220218,133248500,13:32:49,22585,32282,77873,3654713525,3,2,338800
al2205,20220218,20220218,133249000,13:32:49,22585,32287,77878,3655278150,5,5,564625
al2205,20220218,20220218,133249500,13:32:50,22585,32287,77878,3655278150,0,0,0
al2205,20220218,20220218,133250000,13:32:50,22585,32287,77878,3655278150,0,0,0
al2205,20220218,20220218,133250500,13:32:52,22585,32287,77878,3655278150,0,0,0
al2205,20220218,20220218,133251000,13:32:52,22585,32287,77878,3655278150,0,0,0
al2205,20220218,20220218,133252000,13:32:53,22585,32287,77878,3655278150,0,0,0
al2205,20220218,20220218,133252500,13:32:53,22585,32287,77878,3655278150,0,0,0
al2205,20220218,20220218,133253500,13:32:54,22585,32288,77879,3655391075,1,1,112925
al2205,20220218,20220218,133254000,13:32:54,22585,32288,77879,3655391075,0,0,0
al2205,20220218,20220218,133254500,13:32:55,22585,32288,77879,3655391075,0,0,0
al2205,20220218,20220218,133255000,13:32:55,22585,32288,77879,3655391075,0,0,0
al2205,20220218,20220218,133255500,13:32:55,22585,32288,77879,3655391075,0,0,0
al2205,20220218,20220218,133256000,13:32:56,22585,32288,77879,3655391075,0,0,0
al2205,20220218,20220218,133257000,13:32:59,22585,32288,77879,3655391075,0,0,0
al2205,20220218,20220218,133257500,13:33:00,22590,32349,77935,3662281025,61,56,6889950
al2205,20220218,20220218,133258000,13:33:00,22590,32351,77936,3662506925,2,1,225900
al2205,20220218,20220218,133258500,13:33:00,22590,32351,77936,3662506925,0,0,0
al2205,20220218,20220218,133259500,13:33:01,22585,32354,77934,3662845750,3,-2,338825
al2205,20220218,20220218,133300000,13:33:01,22585,32354,77934,3662845750,0,0,0
al2205,20220218,20220218,133300500,13:33:01,22585,32354,77934,3662845750,0,0,0
al2205,20220218,20220218,133301000,13:33:02,22590,32355,77934,3662958700,1,0,112950
al2205,20220218,20220218,133302000,13:33:02,22590,32356,77935,3663071650,1,1,112950
al2205,20220218,20220218,133302500,13:33:03,22590,32356,77935,3663071650,0,0,0
al2205,20220218,20220218,133304000,13:33:04,22590,32356,77935,3663071650,0,0,0
al2205,20220218,20220218,133305000,13:33:05,22590,32356,77935,3663071650,0,0,0
al2205,20220218,20220218,133305500,13:33:05,22590,32356,77935,3663071650,0,0,0
al2205,20220218,20220218,133306000,13:33:06,22590,32356,77935,3663071650,0,0,0
al2205,20220218,20220218,133306500,13:33:06,22590,32356,77935,3663071650,0,0,0
al2205,20220218,20220218,133307000,13:33:07,22590,32356,77935,3663071650,0,0,0
al2205,20220218,20220218,133307500,13:33:08,22590,32356,77935,3663071650,0,0,0
al2205,20220218,20220218,133308000,13:33:08,22590,32356,77935,3663071650,0,0,0
al2205,20220218,20220218,133309000,13:33:09,22590,32356,77935,3663071650,0,0,0
al2205,20220218,20220218,133309500,13:33:10,22595,32372,77931,3664879250,16,-4,1807600
al2205,20220218,20220218,133310000,13:33:11,22595,32373,77932,3664992225,1,1,112975
al2205,20220218,20220218,133310500,13:33:12,22595,32373,77932,3664992225,0,0,0
al2205,20220218,20220218,133311000,13:33:13,22595,32373,77932,3664992225,0,0,0
al2205,20220218,20220218,133311500,13:33:14,22595,32373,77932,3664992225,0,0,0
al2205,20220218,20220218,133312500,13:33:14,22590,32375,77934,3665218125,2,2,225900
al2205,20220218,20220218,133313500,13:33:15,22590,32375,77934,3665218125,0,0,0
al2205,20220218,20220218,133315500,13:33:18,22590,32375,77934,3665218125,0,0,0
al2205,20220218,20220218,133317000,13:33:18,22590,32375,77934,3665218125,0,0,0
al2205,20220218,20220218,133317500,13:33:19,22595,32376,77934,3665331100,1,0,112975
al2205,20220218,20220218,133322500,13:33:22,22595,32376,77934,3665331100,0,0,0
al2205,20220218,20220218,133323500,13:33:24,22595,32378,77932,3665557050,2,-2,225950
al2205,20220218,20220218,133324000,13:33:24,22595,32378,77932,3665557050,0,0,0
al2205,20220218,20220218,133325000,13:33:26,22595,32378,77932,3665557050,0,0,0
al2205,20220218,20220218,133326000,13:33:27,22595,32378,77932,3665557050,0,0,0
al2205,20220218,20220218,133326500,13:33:29,22595,32378,77932,3665557050,0,0,0
al2205,20220218,20220218,133327000,13:33:29,22595,32378,77932,3665557050,0,0,0
al2205,20220218,20220218,133327500,13:33:29,22595,32378,77932,3665557050,0,0,0
al2205,20220218,20220218,133328500,13:33:30,22595,32379,77932,3665670025,1,0,112975
al2205,20220218,20220218,133329000,13:33:30,22595,32379,77932,3665670025,0,0,0
al2205,20220218,20220218,133329500,13:33:30,22595,32379,77932,3665670025,0,0,0
al2205,20220218,20220218,133330000,13:33:30,22595,32379,77932,3665670025,0,0,0
al2205,20220218,20220218,133330500,13:33:31,22595,32379,77932,3665670025,0,0,0
al2205,20220218,20220218,133331000,13:33:32,22595,32379,77932,3665670025,0,0,0
al2205,20220218,20220218,133331500,13:33:32,22590,32380,77932,3665782975,1,0,112950
al2205,20220218,20220218,133332000,13:33:32,22590,32380,77932,3665782975,0,0,0
al2205,20220218,20220218,133332500,13:33:33,22590,32380,77932,3665782975,0,0,0
al2205,20220218,20220218,133334000,13:33:34,22590,32380,77932,3665782975,0,0,0
al2205,20220218,20220218,133334500,13:33:34,22590,32380,77932,3665782975,0,0,0
al2205,20220218,20220218,133335000,13:33:35,22590,32380,77932,3665782975,0,0,0
al2205,20220218,20220218,133335500,13:33:35,22590,32380,77932,3665782975,0,0,0
al2205,20220218,20220218,133337000,13:33:37,22590,32380,77932,3665782975,0,0,0
al2205,20220218,20220218,133337500,13:33:37,22590,32380,77932,3665782975,0,0,0
al2205,20220218,20220218,133338000,13:33:38,22590,32380,77932,3665782975,0,0,0
al2205,20220218,20220218,133338500,13:33:39,22600,32381,77932,3665895975,1,0,113000
al2205,20220218,20220218,133339000,13:33:39,22595,32392,77929,3667138950,11,-3,1242975
al2205,20220218,20220218,133339500,13:33:40,22600,32398,77934,3667816950,6,5,678000
al2205,20220218,20220218,133340000,13:33:40,22600,32398,77934,3667816950,0,0,0
al2205,20220218,20220218,133340500,13:33:41,22600,32398,77934,3667816950,0,0,0
al2205,20220218,20220218,133341000,13:33:41,22600,32398,77934,3667816950,0,0,0
al2205,20220218,20220218,133341500,13:33:42,22600,32398,77934,3667816950,0,0,0
al2205,20220218,20220218,133342000,13:33:42,22600,32398,77934,3667816950,0,0,0
al2205,20220218,20220218,133343500,13:33:44,22600,32398,77934,3667816950,0,0,0
al2205,20220218,20220218,133344000,13:33:44,22600,32398,77934,3667816950,0,0,0
al2205,20220218,20220218,133344500,13:33:45,22600,32398,77934,3667816950,0,0,0
al2205,20220218,20220218,133345500,13:33:46,22595,32399,77934,3667929925,1,0,112975
al2205,20220218,20220218,133346000,13:33:47,22595,32399,77934,3667929925,0,0,0
al2205,20220218,20220218,133346500,13:33:48,22595,32399,77934,3667929925,0,0,0
al2205,20220218,20220218,133347000,13:33:48,22595,32399,77934,3667929925,0,0,0
al2205,20220218,20220218,133347500,13:33:49,22595,32399,77934,3667929925,0,0,0
al2205,20220218,20220218,133348000,13:33:49,22595,32399,77934,3667929925,0,0,0
al2205,20220218,20220218,133348500,13:33:49,22595,32401,77932,3668155875,2,-2,225950
al2205,20220218,20220218,133349500,13:33:50,22595,32401,77932,3668155875,0,0,0
al2205,20220218,20220218,133352500,13:33:52,22595,32402,77933,3668268850,1,1,112975
al2205,20220218,20220218,133353000,13:33:53,22595,32402,77933,3668268850,0,0,0
al2205,20220218,20220218,133353500,13:33:53,22595,32402,77933,3668268850,0,0,0
al2205,20220218,20220218,133354000,13:33:54,22595,32402,77933,3668268850,0,0,0
al2205,20220218,20220218,133354500,13:33:54,22595,32402,77933,3668268850,0,0,0
al2205,20220218,20220218,133355000,13:33:56,22595,32402,77933,3668268850,0,0,0
al2205,20220218,20220218,133355500,13:33:56,22590,32403,77933,3668381800,1,0,112950
al2205,20220218,20220218,133356500,13:33:57,22590,32403,77933,3668381800,0,0,0
al2205,20220218,20220218,133358000,13:33:58,22590,32403,77933,3668381800,0,0,0
al2205,20220218,20220218,133358500,13:33:58,22590,32403,77933,3668381800,0,0,0
al2205,20220218,20220218,133359500,13:33:59,22590,32403,77933,3668381800,0,0,0
al2205,20220218,20220218,133400000,13:34:00,22590,32403,77933,3668381800,0,0,0
al2205,20220218,20220218,133400500,13:34:00,22590,32406,77933,3668720650,3,0,338850
al2205,20220218,20220218,133402500,13:34:10,22590,32406,77933,3668720650,0,0,0
al2205,20220218,20220218,133403500,13:34:11,22590,32407,77933,3668833600,1,0,112950
al2205,20220218,20220218,133409500,13:34:12,22590,32407,77933,3668833600,0,0,0
al2205,20220218,20220218,133410500,13:34:12,22590,32419,77940,3670188950,12,7,1355350
al2205,20220218,20220218,133411500,13:34:12,22595,32421,77940,3670414900,2,0,225950
al2205,20220218,20220218,133413000,13:34:13,22595,32421,77940,3670414900,0,0,0
al2205,20220218,20220218,133414000,13:34:14,22595,32421,77940,3670414900,0,0,0
al2205,20220218,20220218,133414500,13:34:14,22590,32422,77940,3670527850,1,0,112950
al2205,20220218,20220218,133415000,13:34:15,22590,32422,77940,3670527850,0,0,0
al2205,20220218,20220218,133415500,13:34:16,22590,32422,77940,3670527850,0,0,0
al2205,20220218,20220218,133416000,13:34:16,22590,32422,77940,3670527850,0,0,0
al2205,20220218,20220218,133416500,13:34:16,22590,32422,77940,3670527850,0,0,0
al2205,20220218,20220218,133417000,13:34:17,22590,32422,77940,3670527850,0,0,0
al2205,20220218,20220218,133417500,13:34:17,22590,32422,77940,3670527850,0,0,0
al2205,20220218,20220218,133418000,13:34:18,22590,32425,77940,3670866700,3,0,338850
al2205,20220218,20220218,133418500,13:34:18,22590,32425,77940,3670866700,0,0,0
al2205,20220218,20220218,133419000,13:34:19,22595,32434,77940,3671883475,9,0,1016775
al2205,20220218,20220218,133419500,13:34:20,22595,32434,77940,3671883475,0,0,0
al2205,20220218,20220218,133420000,13:34:20,22595,32434,77940,3671883475,0,0,0
al2205,20220218,20220218,133420500,13:34:21,22595,32434,77940,3671883475,0,0,0
al2205,20220218,20220218,133421000,13:34:23,22595,32434,77940,3671883475,0,0,0
al2205,20220218,20220218,133423500,13:34:24,22595,32435,77940,3671996450,1,0,112975
al2205,20220218,20220218,133424000,13:34:24,22595,32435,77940,3671996450,0,0,0
al2205,20220218,20220218,133424500,13:34:24,22595,32435,77940,3671996450,0,0,0
al2205,20220218,20220218,133426500,13:34:26,22595,32435,77940,3671996450,0,0,0
al2205,20220218,20220218,133427000,13:34:27,22595,32435,77940,3671996450,0,0,0
al2205,20220218,20220218,133427500,13:34:27,22595,32435,77940,3671996450,0,0,0
al2205,20220218,20220218,133428000,13:34:28,22595,32435,77940,3671996450,0,0,0
al2205,20220218,20220218,133429000,13:34:29,22595,32435,77940,3671996450,0,0,0
al2205,20220218,20220218,133429500,13:34:29,22595,32435,77940,3671996450,0,0,0
al2205,20220218,20220218,133430500,13:34:30,22595,32435,77940,3671996450,0,0,0
al2205,20220218,20220218,133432000,13:34:32,22595,32435,77940,3671996450,0,0,0
al2205,20220218,20220218,133433500,13:34:34,22595,32435,77940,3671996450,0,0,0
al2205,20220218,20220218,133434000,13:34:34,22595,32436,77940,3672109425,1,0,112975
al2205,20220218,20220218,133434500,13:34:35,22595,32436,77940,3672109425,0,0,0
al2205,20220218,20220218,133435000,13:34:35,22595,32436,77940,3672109425,0,0,0
al2205,20220218,20220218,133435500,13:34:36,22595,32436,77940,3672109425,0,0,0
al2205,20220218,20220218,133436000,13:34:36,22595,32436,77940,3672109425,0,0,0
al2205,20220218,20220218,133436500,13:34:36,22595,32436,77940,3672109425,0,0,0
al2205,20220218,20220218,133437000,13:34:37,22595,32436,77940,3672109425,0,0,0
al2205,20220218,20220218,133437500,13:34:38,22595,32436,77940,3672109425,0,0,0
al2205,20220218,20220218,133439500,13:34:39,22595,32436,77940,3672109425,0,0,0
al2205,20220218,20220218,133440000,13:34:40,22595,32436,77940,3672109425,0,0,0
al2205,20220218,20220218,133440500,13:34:41,22595,32436,77940,3672109425,0,0,0
al2205,20220218,20220218,133441500,13:34:42,22595,32436,77940,3672109425,0,0,0
al2205,20220218,20220218,133442000,13:34:43,22595,32438,77939,3672335375,2,-1,225950
al2205,20220218,20220218,133442500,13:34:44,22595,32438,77939,3672335375,0,0,0
al2205,20220218,20220218,133443000,13:34:45,22595,32438,77939,3672335375,0,0,0
al2205,20220218,20220218,133447500,13:34:47,22595,32438,77939,3672335375,0,0,0
al2205,20220218,20220218,133448000,13:34:48,22595,32438,77939,3672335375,0,0,0
al2205,20220218,20220218,133448500,13:34:49,22595,32438,77939,3672335375,0,0,0
al2205,20220218,20220218,133449000,13:34:49,22595,32438,77939,3672335375,0,0,0
al2205,20220218,20220218,133450000,13:34:51,22595,32438,77939,3672335375,0,0,0
al2205,20220218,20220218,133450500,13:34:51,22595,32438,77939,3672335375,0,0,0
al2205,20220218,20220218,133451000,13:34:51,22595,32438,77939,3672335375,0,0,0
al2205,20220218,20220218,133451500,13:34:51,22595,32438,77939,3672335375,0,0,0
al2205,20220218,20220218,133452000,13:34:52,22595,32446,77936,3673239175,8,-3,903800
al2205,20220218,20220218,133452500,13:34:52,22595,32446,77936,3673239175,0,0,0
al2205,20220218,20220218,133453000,13:34:53,22595,32446,77936,3673239175,0,0,0
al2205,20220218,20220218,133453500,13:34:55,22595,32457,77936,3674481900,11,0,1242725
al2205,20220218,20220218,133454000,13:34:56,22595,32457,77936,3674481900,0,0,0
al2205,20220218,20220218,133454500,13:34:56,22595,32457,77936,3674481900,0,0,0
al2205,20220218,20220218,133455000,13:34:56,22590,32461,77938,3674933700,4,2,451800
al2205,20220218,20220218,133455500,13:34:56,22590,32461,77938,3674933700,0,0,0
al2205,20220218,20220218,133456000,13:34:56,22590,32461,77938,3674933700,0,0,0
al2205,20220218,20220218,133456500,13:34:57,22590,32461,77938,3674933700,0,0,0
al2205,20220218,20220218,133457000,13:34:57,22590,32461,77938,3674933700,0,0,0
al2205,20220218,20220218,133457500,13:34:58,22590,32463,77940,3675159600,2,2,225900
al2205,20220218,20220218,133458000,13:34:58,22590,32468,77937,3675724350,5,-3,564750
al2205,20220218,20220218,133458500,13:34:59,22590,32470,77939,3675950250,2,2,225900
al2205,20220218,20220218,133459500,13:35:00,22590,32470,77939,3675950250,0,0,0
al2205,20220218,20220218,133500500,13:35:00,22590,32470,77939,3675950250,0,0,0
al2205,20220218,20220218,133504500,13:35:10,22590,32470,77939,3675950250,0,0,0
al2205,20220218,20220218,133505000,13:35:10,22590,32470,77939,3675950250,0,0,0
al2205,20220218,20220218,133507500,13:35:10,22590,32470,77939,3675950250,0,0,0
al2205,20220218,20220218,133510500,13:35:11,22590,32470,77939,3675950250,0,0,0
al2205,20220218,20220218,133511000,13:35:11,22590,32470,77939,3675950250,0,0,0
al2205,20220218,20220218,133513000,13:35:13,22590,32470,77939,3675950250,0,0,0
al2205,20220218,20220218,133513500,13:35:13,22590,32470,77939,3675950250,0,0,0
al2205,20220218,20220218,133514500,13:35:14,22590,32470,77939,3675950250,0,0,0
al2205,20220218,20220218,133515000,13:35:15,22590,32470,77939,3675950250,0,0,0
al2205,20220218,20220218,133515500,13:35:16,22590,32470,77939,3675950250,0,0,0
al2205,20220218,20220218,133516000,13:35:16,22590,32470,77939,3675950250,0,0,0
al2205,20220218,20220218,133516500,13:35:16,22595,32475,77934,3676515125,5,-5,564875
al2205,20220218,20220218,133517000,13:35:17,22595,32475,77934,3676515125,0,0,0
al2205,20220218,20220218,133517500,13:35:18,22600,32476,77935,3676628125,1,1,113000
al2205,20220218,20220218,133518000,13:35:18,22600,32476,77935,3676628125,0,0,0
al2205,20220218,20220218,133519500,13:35:20,22600,32476,77935,3676628125,0,0,0
al2205,20220218,20220218,133520000,13:35:20,22600,32476,77935,3676628125,0,0,0
al2205,20220218,20220218,133520500,13:35:20,22600,32476,77935,3676628125,0,0,0
al2205,20220218,20220218,133521000,13:35:21,22600,32476,77935,3676628125,0,0,0
al2205,20220218,20220218,133521500,13:35:22,22600,32476,77935,3676628125,0,0,0
al2205,20220218,20220218,133522000,13:35:22,22600,32476,77935,3676628125,0,0,0
al2205,20220218,20220218,133522500,13:35:23,22600,32480,77931,3677080125,4,-4,452000
al2205,20220218,20220218,133523000,13:35:23,22600,32480,77931,3677080125,0,0,0
al2205,20220218,20220218,133525000,13:35:25,22605,32486,77927,3677758275,6,-4,678150
al2205,20220218,20220218,133525500,13:35:26,22605,32486,77927,3677758275,0,0,0
al2205,20220218,20220218,133526000,13:35:26,22605,32486,77927,3677758275,0,0,0
al2205,20220218,20220218,133526500,13:35:27,22605,32486,77927,3677758275,0,0,0
al2205,20220218,20220218,133527000,13:35:27,22605,32486,77927,3677758275,0,0,0
al2205,20220218,20220218,133527500,13:35:31,22605,32486,77927,3677758275,0,0,0
al2205,20220218,20220218,133528000,13:35:31,22605,32486,77927,3677758275,0,0,0
al2205,20220218,20220218,133531000,13:35:33,22605,32495,77927,3678775500,9,0,1017225
al2205,20220218,20220218,133531500,13:35:41,22605,32496,77927,3678888525,1,0,113025
al2205,20220218,20220218,133532000,13:35:42,22600,32497,77927,3679001525,1,0,113000
al2205,20220218,20220218,133540000,13:35:43,22600,32497,77927,3679001525,0,0,0
al2205,20220218,20220218,133543500,13:35:44,22600,32498,77927,3679114525,1,0,113000
al2205,20220218,20220218,133544000,13:35:44,22600,32499,77927,3679227525,1,0,113000
al2205,20220218,20220218,133544500,13:35:45,22595,32500,77927,3679340500,1,0,112975
al2205,20220218,20220218,133545000,13:35:46,22595,32501,77927,3679453475,1,0,112975
al2205,20220218,20220218,133545500,13:35:46,22595,32501,77927,3679453475,0,0,0
al2205,20220218,20220218,133546000,13:35:46,22595,32501,77927,3679453475,0,0,0
al2205,20220218,20220218,133546500,13:35:46,22595,32501,77927,3679453475,0,0,0
al2205,20220218,20220218,133548500,13:35:48,22595,32501,77927,3679453475,0,0,0
al2205,20220218,20220218,133549500,13:35:49,22595,32501,77927,3679453475,0,0,0
al2205,20220218,20220218,133551000,13:35:51,22605,32509,77923,3680357675,8,-4,904200
al2205,20220218,20220218,133551500,13:35:51,22605,32510,77922,3680470700,1,-1,113025
al2205,20220218,20220218,133552000,13:35:52,22605,32511,77921,3680583725,1,-1,113025
al2205,20220218,20220218,133552500,13:35:52,22605,32512,77921,3680696750,1,0,113025
al2205,20220218,20220218,133553000,13:35:53,22605,32513,77921,3680809775,1,0,113025
al2205,20220218,20220218,133553500,13:35:55,22605,32514,77921,3680922800,1,0,113025
al2205,20220218,20220218,133554000,13:35:55,22605,32515,77921,3681035825,1,0,113025
al2205,20220218,20220218,133554500,13:35:55,22600,32516,77921,3681148825,1,0,113000
al2205,20220218,20220218,133555500,13:35:56,22600,32517,77921,3681261825,1,0,113000
al2205,20220218,20220218,133556000,13:35:56,22595,32520,77920,3681600800,3,-1,338975
al2205,20220218,20220218,133556500,13:35:56,22595,32521,77920,3681713775,1,0,112975
al2205,20220218,20220218,133558500,13:36:02,22595,32521,77920,3681713775,0,0,0
al2205,20220218,20220218,133559500,13:36:03,22595,32521,77920,3681713775,0,0,0
al2205,20220218,20220218,133601500,13:36:03,22595,32521,77920,3681713775,0,0,0
al2205,20220218,20220218,133602000,13:36:03,22595,32522,77920,3681826750,1,0,112975
al2205,20220218,20220218,133602500,13:36:03,22595,32527,77917,3682391625,5,-3,564875
al2205,20220218,20220218,133603000,13:36:05,22590,32528,77916,3682504575,1,-1,112950
al2205,20220218,20220218,133604000,13:36:06,22590,32528,77916,3682504575,0,0,0
al2205,20220218,20220218,133605000,13:36:06,22590,32530,77914,3682730475,2,-2,225900
al2205,20220218,20220218,133605500,13:36:07,22590,32531,77913,3682843425,1,-1,112950
al2205,20220218,20220218,133606000,13:36:07,22590,32532,77912,3682956375,1,-1,112950
al2205,20220218,20220218,133606500,13:36:07,22590,32533,77911,3683069325,1,-1,112950
al2205,20220218,20220218,133607500,13:36:08,22590,32535,77910,3683295225,2,-1,225900
al2205,20220218,20220218,133608000,13:36:08,22590,32536,77910,3683408175,1,0,112950
al2205,20220218,20220218,133608500,13:36:08,22585,32542,77912,3684085825,6,2,677650
al2205,20220218,20220218,133609000,13:36:09,22590,32550,77907,3684989350,8,-5,903525
al2205,20220218,20220218,133609500,13:36:10,22585,32553,77906,3685328150,3,-1,338800
al2205,20220218,20220218,133610000,13:36:10,22585,32554,77906,3685441075,1,0,112925
al2205,20220218,20220218,133610500,13:36:11,22585,32555,77906,3685554000,1,0,112925
al2205,20220218,20220218,133611000,13:36:11,22585,32558,77905,3685892775,3,-1,338775
al2205,20220218,20220218,133611500,13:36:12,22585,32560,77904,3686118625,2,-1,225850
al2205,20220218,20220218,133612000,13:36:12,22585,32565,77902,3686683300,5,-2,564675
al2205,20220218,20220218,133612500,13:36:12,22585,32567,77901,3686909150,2,-1,225850
al2205,20220218,20220218,133613000,13:36:13,22585,32571,77898,3687360850,4,-3,451700
al2205,20220218,20220218,133613500,13:36:14,22580,32574,77897,3687699650,3,-1,338800
al2205,20220218,20220218,133614000,13:36:14,22580,32578,77893,3688151250,4,-4,451600
al2205,20220218,20220218,133614500,13:36:14,22580,32580,77891,3688377050,2,-2,225800
al2205,20220218,20220218,133615000,13:36:15,22580,32583,77889,3688715750,3,-2,338700
al2205,20220218,20220218,133615500,13:36:15,22580,32585,77887,3688941550,2,-2,225800
al2205,20220218,20220218,133616000,13:36:16,22580,32587,77885,3689167350,2,-2,225800
al2205,20220218,20220218,133617000,13:36:17,22580,32590,77882,3689506050,3,-3,338700
al2205,20220218,20220218,133617500,13:36:19,22580,32592,77880,3689731850,2,-2,225800
al2205,20220218,20220218,133618000,13:36:19,22580,32596,77878,3690183500,4,-2,451650
al2205,20220218,20220218,133618500,13:36:19,22585,32600,77875,3690635200,4,-3,451700
al2205,20220218,20220218,133619000,13:36:19,22580,32606,77870,3691312725,6,-5,677525
al2205,20220218,20220218,133619500,13:36:19,22580,32610,77868,3691764400,4,-2,451675
al2205,20220218,20220218,133620000,13:36:20,22580,32612,77866,3691990200,2,-2,225800
al2205,20220218,20220218,133620500,13:36:20,22580,32614,77864,3692216000,2,-2,225800
al2205,20220218,20220218,133621000,13:36:21,22585,32616,77862,3692441825,2,-2,225825
al2205,20220218,20220218,133621500,13:36:21,22585,32617,77862,3692554750,1,0,112925
al2205,20220218,20220218,133622000,13:36:22,22585,32617,77862,3692554750,0,0,0
al2205,20220218,20220218,133622500,13:36:22,22585,32620,77862,3692893525,3,0,338775
al2205,20220218,20220218,133623000,13:36:23,22585,32622,77862,3693119375,2,0,225850
al2205,20220218,20220218,133623500,13:36:23,22585,32624,77861,3693345225,2,-1,225850
al2205,20220218,20220218,133624000,13:36:24,22585,32629,77859,3693909950,5,-2,564725
al2205,20220218,20220218,133624500,13:36:24,22585,32633,77860,3694361700,4,1,451750
al2205,20220218,20220218,133625000,13:36:25,22585,32635,77860,3694587550,2,0,225850
al2205,20220218,20220218,133625500,13:36:25,22585,32636,77860,3694700475,1,0,112925
al2205,20220218,20220218,133626000,13:36:26,22580,32639,77858,3695039200,3,-2,338725
al2205,20220218,20220218,133626500,13:36:27,22580,32641,77856,3695265025,2,-2,225825
al2205,20220218,20220218,133627000,13:36:27,22580,32643,77854,3695490825,2,-2,225800
al2205,20220218,20220218,133627500,13:36:28,22585,32645,77852,3695716650,2,-2,225825
al2205,20220218,20220218,133628000,13:36:28,22585,32646,77851,3695829575,1,-1,112925
al2205,20220218,20220218,133628500,13:36:29,22585,32647,77850,3695942500,1,-1,112925
al2205,20220218,20220218,133629000,13:36:29,22585,32647,77850,3695942500,0,0,0
al2205,20220218,20220218,133629500,13:36:30,22585,32647,77850,3695942500,0,0,0
al2205,20220218,20220218,133630000,13:36:30,22585,32647,77850,3695942500,0,0,0
al2205,20220218,20220218,133630500,13:36:31,22585,32647,77850,3695942500,0,0,0
al2205,20220218,20220218,133631000,13:36:31,22585,32647,77850,3695942500,0,0,0
al2205,20220218,20220218,133631500,13:36:31,22585,32648,77849,3696055425,1,-1,112925
al2205,20220218,20220218,133632000,13:36:32,22585,32648,77849,3696055425,0,0,0
al2205,20220218,20220218,133632500,13:36:32,22585,32648,77849,3696055425,0,0,0
al2205,20220218,20220218,133633000,13:36:33,22585,32648,77849,3696055425,0,0,0
al2205,20220218,20220218,133634500,13:36:35,22585,32648,77849,3696055425,0,0,0
al2205,20220218,20220218,133635000,13:36:35,22590,32649,77849,3696168375,1,0,112950
al2205,20220218,20220218,133635500,13:36:36,22590,32650,77848,3696281325,1,-1,112950
al2205,20220218,20220218,133636000,13:36:36,22590,32651,77847,3696394275,1,-1,112950
al2205,20220218,20220218,133636500,13:36:36,22585,32652,77846,3696507200,1,-1,112925
al2205,20220218,20220218,133637000,13:36:38,22585,32662,77842,3697636450,10,-4,1129250
al2205,20220218,20220218,133637500,13:36:38,22585,32662,77842,3697636450,0,0,0
al2205,20220218,20220218,133638000,13:36:38,22585,32662,77842,3697636450,0,0,0
al2205,20220218,20220218,133638500,13:36:39,22585,32662,77842,3697636450,0,0,0
al2205,20220218,20220218,133639000,13:36:39,22585,32662,77842,3697636450,0,0,0
al2205,20220218,20220218,133639500,13:36:39,22585,32662,77842,3697636450,0,0,0
al2205,20220218,20220218,133640000,13:36:40,22585,32662,77842,3697636450,0,0,0
al2205,20220218,20220218,133640500,13:36:40,22585,32662,77842,3697636450,0,0,0
al2205,20220218,20220218,133641000,13:36:41,22585,32662,77842,3697636450,0,0,0
al2205,20220218,20220218,133641500,13:36:41,22590,32667,77844,3698201200,5,2,564750
al2205,20220218,20220218,133642000,13:36:42,22585,32668,77844,3698314125,1,0,112925
al2205,20220218,20220218,133642500,13:36:42,22585,32668,77844,3698314125,0,0,0
al2205,20220218,20220218,133643000,13:36:43,22585,32668,77844,3698314125,0,0,0
al2205,20220218,20220218,133643500,13:36:44,22585,32668,77844,3698314125,0,0,0
al2205,20220218,20220218,133644000,13:36:44,22585,32668,77844,3698314125,0,0,0
al2205,20220218,20220218,133644500,13:36:44,22585,32668,77844,3698314125,0,0,0
al2205,20220218,20220218,133645500,13:36:46,22590,32669,77844,3698427075,1,0,112950
al2205,20220218,20220218,133648000,13:36:48,22590,32669,77844,3698427075,0,0,0
al2205,20220218,20220218,133648500,13:36:48,22590,32669,77844,3698427075,0,0,0
al2205,20220218,20220218,133650000,13:36:50,22590,32669,77844,3698427075,0,0,0
al2205,20220218,20220218,133650500,13:36:50,22590,32672,77841,3698765925,3,-3,338850
al2205,20220218,20220218,133651500,13:36:51,22590,32673,77840,3698878875,1,-1,112950
al2205,20220218,20220218,133652000,13:36:52,22590,32675,77840,3699104775,2,0,225900
al2205,20220218,20220218,133652500,13:36:53,22590,32675,77840,3699104775,0,0,0
al2205,20220218,20220218,133653500,13:36:54,22590,32676,77839,3699217725,1,-1,112950
al2205,20220218,20220218,133654000,13:36:54,22590,32676,77839,3699217725,0,0,0
al2205,20220218,20220218,133656000,13:36:56,22590,32676,77839,3699217725,0,0,0
al2205,20220218,20220218,133659000,13:36:59,22590,32676,77839,3699217725,0,0,0
al2205,20220218,20220218,133659500,13:36:59,22590,32676,77839,3699217725,0,0,0
al2205,20220218,20220218,133700000,13:37:00,22590,32676,77839,3699217725,0,0,0
al2205,20220218,20220218,133701000,13:37:01,22590,32676,77839,3699217725,0,0,0
al2205,20220218,20220218,133702500,13:37:03,22590,32676,77839,3699217725,0,0,0
al2205,20220218,20220218,133703000,13:37:03,22590,32676,77839,3699217725,0,0,0
al2205,20220218,20220218,133703500,13:37:03,22590,32676,77839,3699217725,0,0,0
al2205,20220218,20220218,133704000,13:37:04,22590,32676,77839,3699217725,0,0,0
al2205,20220218,20220218,133705000,13:37:05,22590,32676,77839,3699217725,0,0,0
al2205,20220218,20220218,133705500,13:37:07,22590,32676,77839,3699217725,0,0,0
al2205,20220218,20220218,133706000,13:37:08,22590,32676,77839,3699217725,0,0,0
al2205,20220218,20220218,133706500,13:37:08,22590,32676,77839,3699217725,0,0,0
al2205,20220218,20220218,133711500,13:37:13,22590,32676,77839,3699217725,0,0,0
al2205,20220218,20220218,133712000,13:37:13,22590,32676,77839,3699217725,0,0,0
al2205,20220218,20220218,133712500,13:37:13,22590,32676,77839,3699217725,0,0,0
al2205,20220218,20220218,133713500,13:37:14,22590,32680,77843,3699669525,4,4,451800
al2205,20220218,20220218,133714000,13:37:14,22590,32680,77843,3699669525,0,0,0
al2205,20220218,20220218,133714500,13:37:15,22590,32680,77843,3699669525,0,0,0
al2205,20220218,20220218,133715000,13:37:15,22590,32680,77843,3699669525,0,0,0
al2205,20220218,20220218,133715500,13:37:16,22590,32680,77843,3699669525,0,0,0
al2205,20220218,20220218,133716000,13:37:16,22590,32680,77843,3699669525,0,0,0
al2205,20220218,20220218,133716500,13:37:16,22590,32680,77843,3699669525,0,0,0
al2205,20220218,20220218,133720500,13:37:21,22590,32681,77843,3699782475,1,0,112950
al2205,20220218,20220218,133722000,13:37:22,22590,32681,77843,3699782475,0,0,0
al2205,20220218,20220218,133724500,13:37:25,22590,32681,77843,3699782475,0,0,0
al2205,20220218,20220218,133725500,13:37:26,22590,32681,77843,3699782475,0,0,0
al2205,20220218,20220218,133727000,13:37:27,22590,32681,77843,3699782475,0,0,0
al2205,20220218,20220218,133727500,13:37:27,22590,32681,77843,3699782475,0,0,0
al2205,20220218,20220218,133728000,13:37:28,22590,32681,77843,3699782475,0,0,0
al2205,20220218,20220218,133728500,13:37:28,22590,32681,77843,3699782475,0,0,0
al2205,20220218,20220218,133731500,13:37:31,22590,32681,77843,3699782475,0,0,0
al2205,20220218,20220218,133732500,13:37:33,22590,32681,77843,3699782475,0,0,0
al2205,20220218,20220218,133733000,13:37:33,22595,32682,77843,3699895450,1,0,112975
al2205,20220218,20220218,133733500,13:37:33,22595,32682,77843,3699895450,0,0,0
al2205,20220218,20220218,133734000,13:37:34,22595,32682,77843,3699895450,0,0,0
al2205,20220218,20220218,133734500,13:37:34,22590,32683,77843,3700008400,1,0,112950
al2205,20220218,20220218,133735000,13:37:35,22590,32688,77847,3700573150,5,4,564750
al2205,20220218,20220218,133735500,13:37:36,22590,32691,77847,3700912000,3,0,338850
al2205,20220218,20220218,133736000,13:37:36,22585,32692,77847,3701024925,1,0,112925
al2205,20220218,20220218,133738500,13:37:39,22590,32693,77847,3701137875,1,0,112950
al2205,20220218,20220218,133739000,13:37:39,22590,32694,77847,3701250825,1,0,112950
al2205,20220218,20220218,133739500,13:37:39,22585,32695,77847,3701363750,1,0,112925
al2205,20220218,20220218,133741000,13:37:41,22585,32695,77847,3701363750,0,0,0
al2205,20220218,20220218,133741500,13:37:41,22590,32696,77846,3701476700,1,-1,112950
al2205,20220218,20220218,133742000,13:37:42,22590,32696,77846,3701476700,0,0,0
al2205,20220218,20220218,133742500,13:37:43,22590,32696,77846,3701476700,0,0,0
al2205,20220218,20220218,133746500,13:37:47,22590,32696,77846,3701476700,0,0,0
al2205,20220218,20220218,133747000,13:37:47,22590,32696,77846,3701476700,0,0,0
al2205,20220218,20220218,133749000,13:37:49,22590,32696,77846,3701476700,0,0,0
al2205,20220218,20220218,133751000,13:37:51,22590,32696,77846,3701476700,0,0,0
al2205,20220218,20220218,133751500,13:37:52,22590,32696,77846,3701476700,0,0,0
al2205,20220218,20220218,133752000,13:37:53,22590,32696,77846,3701476700,0,0,0
al2205,20220218,20220218,133752500,13:37:54,22590,32696,77846,3701476700,0,0,0
al2205,20220218,20220218,133756000,13:37:56,22590,32696,77846,3701476700,0,0,0
al2205,20220218,20220218,133756500,13:37:57,22590,32696,77846,3701476700,0,0,0
al2205,20220218,20220218,133757000,13:37:57,22590,32697,77845,3701589650,1,-1,112950
al2205,20220218,20220218,133757500,13:37:58,22590,32697,77845,3701589650,0,0,0
al2205,20220218,20220218,133758000,13:37:58,22590,32698,77845,3701702600,1,0,112950
al2205,20220218,20220218,133758500,13:37:59,22585,32699,77845,3701815525,1,0,112925
al2205,20220218,20220218,133759000,13:37:59,22585,32699,77845,3701815525,0,0,0
al2205,20220218,20220218,133759500,13:38:00,22585,32699,77845,3701815525,0,0,0
al2205,20220218,20220218,133800000,13:38:02,22585,32719,77857,3704074025,20,12,2258500
al2205,20220218,20220218,133800500,13:38:02,22580,32720,77856,3704186925,1,-1,112900
al2205,20220218,20220218,133801000,13:38:02,22585,32729,77859,3705203250,9,3,1016325
al2205,20220218,20220218,133801500,13:38:03,22585,32729,77859,3705203250,0,0,0
al2205,20220218,20220218,133802000,13:38:03,22585,32729,77859,3705203250,0,0,0
al2205,20220218,20220218,133802500,13:38:05,22580,32732,77856,3705542000,3,-3,338750
al2205,20220218,20220218,133803000,13:38:06,22580,32733,77855,3705654900,1,-1,112900
al2205,20220218,20220218,133803500,13:38:06,22580,32733,77855,3705654900,0,0,0
al2205,20220218,20220218,133805000,13:38:06,22580,32733,77855,3705654900,0,0,0
al2205,20220218,20220218,133805500,13:38:07,22580,32733,77855,3705654900,0,0,0
al2205,20220218,20220218,133806000,13:38:08,22580,32733,77855,3705654900,0,0,0
al2205,20220218,20220218,133806500,13:38:09,22580,32733,77855,3705654900,0,0,0
al2205,20220218,20220218,133807000,13:38:09,22580,32733,77855,3705654900,0,0,0
al2205,20220218,20220218,133809000,13:38:09,22580,32744,77848,3706896800,11,-7,1241900
al2205,20220218,20220218,133809500,13:38:10,22580,32745,77847,3707009700,1,-1,112900
al2205,20220218,20220218,133810000,13:38:10,22580,32746,77846,3707122600,1,-1,112900
al2205,20220218,20220218,133810500,13:38:10,22580,32747,77845,3707235500,1,-1,112900
al2205,20220218,20220218,133811000,13:38:11,22580,32748,77844,3707348400,1,-1,112900
al2205,20220218,20220218,133811500,13:38:14,22580,32748,77844,3707348400,0,0,0
al2205,20220218,20220218,133812000,13:38:14,22580,32748,77844,3707348400,0,0,0
al2205,20220218,20220218,133812500,13:38:14,22580,32748,77844,3707348400,0,0,0
al2205,20220218,20220218,133813000,13:38:14,22580,32748,77844,3707348400,0,0,0
al2205,20220218,20220218,133813500,13:38:15,22580,32749,77843,3707461300,1,-1,112900
al2205,20220218,20220218,133814500,13:38:17,22585,32750,77842,3707574225,1,-1,112925
al2205,20220218,20220218,133815000,13:38:17,22580,32753,77840,3707912950,3,-2,338725
al2205,20220218,20220218,133815500,13:38:17,22580,32753,77840,3707912950,0,0,0
al2205,20220218,20220218,133817000,13:38:18,22580,32753,77840,3707912950,0,0,0
al2205,20220218,20220218,133817500,13:38:18,22580,32753,77840,3707912950,0,0,0
al2205,20220218,20220218,133818000,13:38:18,22580,32753,77840,3707912950,0,0,0
al2205,20220218,20220218,133818500,13:38:18,22580,32753,77840,3707912950,0,0,0
al2205,20220218,20220218,133819000,13:38:19,22580,32753,77840,3707912950,0,0,0
al2205,20220218,20220218,133819500,13:38:19,22580,32753,77840,3707912950,0,0,0
al2205,20220218,20220218,133820500,13:38:22,22580,32753,77840,3707912950,0,0,0
al2205,20220218,20220218,133821000,13:38:22,22580,32753,77840,3707912950,0,0,0
al2205,20220218,20220218,133821500,13:38:22,22580,32753,77840,3707912950,0,0,0
al2205,20220218,20220218,133822500,13:38:23,22580,32753,77840,3707912950,0,0,0
al2205,20220218,20220218,133823000,13:38:23,22580,32753,77840,3707912950,0,0,0
al2205,20220218,20220218,133823500,13:38:24,22580,32755,77838,3708138750,2,-2,225800
al2205,20220218,20220218,133824000,13:38:24,22580,32755,77838,3708138750,0,0,0
al2205,20220218,20220218,133825500,13:38:41,22580,32755,77838,3708138750,0,0,0
al2205,20220218,20220218,133839500,13:38:42,22580,32779,77847,3710848775,24,9,2710025
al2205,20220218,20220218,133841000,13:38:43,22580,32779,77847,3710848775,0,0,0
al2205,20220218,20220218,133841500,13:38:43,22585,32781,77847,3711074625,2,0,225850
al2205,20220218,20220218,133842500,13:38:43,22585,32781,77847,3711074625,0,0,0
al2205,20220218,20220218,133843000,13:38:43,22585,32781,77847,3711074625,0,0,0
al2205,20220218,20220218,133843500,13:38:43,22585,32781,77847,3711074625,0,0,0
al2205,20220218,20220218,133844000,13:38:44,22585,32783,77847,3711300475,2,0,225850
al2205,20220218,20220218,133844500,13:38:44,22580,32784,77846,3711413375,1,-1,112900
al2205,20220218,20220218,133845000,13:38:45,22580,32787,77846,3711752125,3,0,338750
al2205,20220218,20220218,133845500,13:38:45,22580,32787,77846,3711752125,0,0,0
al2205,20220218,20220218,133846000,13:38:46,22580,32787,77846,3711752125,0,0,0
al2205,20220218,20220218,133847000,13:38:47,22585,32790,77847,3712090875,3,1,338750
al2205,20220218,20220218,133849500,13:38:49,22580,32791,77846,3712203775,1,-1,112900
al2205,20220218,20220218,133850500,13:38:50,22580,32792,77845,3712316675,1,-1,112900
al2205,20220218,20220218,133851500,13:38:51,22580,32793,77844,3712429575,1,-1,112900
al2205,20220218,20220218,133854000,13:38:54,22580,32794,77843,3712542475,1,-1,112900
al2205,20220218,20220218,133856500,13:38:56,22580,32795,77842,3712655375,1,-1,112900
al2205,20220218,20220218,133858000,13:38:58,22580,32796,77841,3712768275,1,-1,112900
al2205,20220218,20220218,133900000,13:39:00,22580,32797,77840,3712881175,1,-1,112900
al2205,20220218,20220218,133901000,13:39:01,22580,32798,77840,3712994075,1,0,112900
al2205,20220218,20220218,133902000,13:39:02,22580,32799,77840,3713106975,1,0,112900
al2205,20220218,20220218,133903000,13:39:03,22580,32802,77840,3713445675,3,0,338700
al2205,20220218,20220218,133906500,13:39:06,22580,32803,77840,3713558575,1,0,112900
al2205,20220218,20220218,133908000,13:39:08,22580,32804,77840,3713671475,1,0,112900
al2205,20220218,20220218,133908500,13:39:08,22585,32811,77844,3714461825,7,4,790350
al2205,20220218,20220218,133910000,13:39:10,22580,32812,77844,3714574725,1,0,112900
al2205,20220218,20220218,133912000,13:39:12,22580,32813,77844,3714687625,1,0,112900
al2205,20220218,20220218,133913500,13:39:13,22580,32818,77846,3715252125,5,2,564500
al2205,20220218,20220218,133914000,13:39:14,22580,32821,77847,3715590825,3,1,338700
al2205,20220218,20220218,133914500,13:39:15,22580,32853,77865,3719203875,32,18,3613050
al2205,20220218,20220218,133915500,13:39:19,22580,32853,77865,3719203875,0,0,0
al2205,20220218,20220218,133916000,13:39:19,22580,32853,77865,3719203875,0,0,0
al2205,20220218,20220218,133916500,13:39:19,22580,32853,77865,3719203875,0,0,0
al2205,20220218,20220218,133919000,13:39:19,22580,32853,77865,3719203875,0,0,0
al2205,20220218,20220218,133920000,13:39:20,22580,32853,77865,3719203875,0,0,0
al2205,20220218,20220218,133922000,13:39:22,22585,32878,77873,3722026500,25,8,2822625
al2205,20220218,20220218,133924000,13:39:24,22585,32878,77873,3722026500,0,0,0
al2205,20220218,20220218,133929500,13:39:29,22585,32878,77873,3722026500,0,0,0
al2205,20220218,20220218,133931000,13:39:31,22585,32878,77873,3722026500,0,0,0
al2205,20220218,20220218,133933500,13:39:33,22585,32878,77873,3722026500,0,0,0
al2205,20220218,20220218,133936000,13:39:36,22580,32879,77873,3722139400,1,0,112900
al2205,20220218,20220218,133937000,13:39:37,22580,32880,77873,3722252300,1,0,112900
al2205,20220218,20220218,133938000,13:39:38,22580,32881,77873,3722365200,1,0,112900
al2205,20220218,20220218,133938500,13:39:38,22580,32881,77873,3722365200,0,0,0
al2205,20220218,20220218,133940500,13:39:41,22580,32881,77873,3722365200,0,0,0
al2205,20220218,20220218,133941000,13:39:41,22580,32882,77873,3722478100,1,0,112900
al2205,20220218,20220218,133943500,13:39:43,22580,32888,77878,3723155500,6,5,677400
al2205,20220218,20220218,133944500,13:39:44,22580,32904,77887,3724961900,16,9,1806400
al2205,20220218,20220218,133945000,13:39:45,22580,32916,77895,3726316700,12,8,1354800
al2205,20220218,20220218,133945500,13:39:46,22585,32940,77891,3729026875,24,-4,2710175
al2205,20220218,20220218,133946000,13:39:47,22580,32953,77899,3730494650,13,8,1467775
al2205,20220218,20220218,133946500,13:39:47,22585,32956,77902,3730833425,3,3,338775
al2205,20220218,20220218,133947000,13:39:47,22585,32956,77902,3730833425,0,0,0
al2205,20220218,20220218,133947500,13:39:47,22585,32956,77902,3730833425,0,0,0
al2205,20220218,20220218,133948000,13:39:48,22580,32957,77902,3730946325,1,0,112900
al2205,20220218,20220218,133948500,13:39:48,22580,32958,77902,3731059225,1,0,112900
al2205,20220218,20220218,133949000,13:39:49,22580,32959,77902,3731172125,1,0,112900
al2205,20220218,20220218,133949500,13:39:50,22580,32968,77907,3732188225,9,5,1016100
al2205,20220218,20220218,133950000,13:39:50,22580,32969,77907,3732301125,1,0,112900
al2205,20220218,20220218,133950500,13:39:50,22580,32970,77907,3732414025,1,0,112900
al2205,20220218,20220218,133951000,13:39:51,22580,32981,77912,3733655925,11,5,1241900
al2205,20220218,20220218,133951500,13:39:51,22580,32992,77922,3734897825,11,10,1241900
al2205,20220218,20220218,133952000,13:39:52,22580,32993,77922,3735010725,1,0,112900
al2205,20220218,20220218,133952500,13:39:53,22580,32994,77922,3735123625,1,0,112900
al2205,20220218,20220218,133953000,13:39:53,22580,32998,77922,3735575225,4,0,451600
al2205,20220218,20220218,133953500,13:39:54,22580,33014,77937,3737381625,16,15,1806400
al2205,20220218,20220218,133954000,13:39:54,22580,33015,77937,3737494525,1,0,112900
al2205,20220218,20220218,133954500,13:39:55,22580,33016,77937,3737607425,1,0,112900
al2205,20220218,20220218,133955000,13:39:55,22580,33016,77937,3737607425,0,0,0
al2205,20220218,20220218,133955500,13:39:55,22580,33026,77940,3738736500,10,3,1129075
al2205,20220218,20220218,133956000,13:39:56,22580,33026,77940,3738736500,0,0,0
al2205,20220218,20220218,133956500,13:39:57,22585,33034,77936,3739639900,8,-4,903400
al2205,20220218,20220218,133957000,13:39:57,22585,33036,77936,3739865750,2,0,225850
al2205,20220218,20220218,133957500,13:40:05,22585,33036,77936,3739865750,0,0,0
al2205,20220218,20220218,133958000,13:40:13,22580,33037,77936,3739978650,1,0,112900
al2205,20220218,20220218,133958500,13:40:13,22580,33037,77936,3739978650,0,0,0
al2205,20220218,20220218,134011500,13:40:13,22580,33037,77936,3739978650,0,0,0
al2205,20220218,20220218,134014500,13:40:15,22580,33037,77936,3739978650,0,0,0
al2205,20220218,20220218,134017000,13:40:17,22585,33060,77930,3742575875,23,-6,2597225
al2205,20220218,20220218,134017500,13:40:18,22590,33068,77931,3743479475,8,1,903600
al2205,20220218,20220218,134018000,13:40:19,22590,33120,77942,3749352875,52,11,5873400
al2205,20220218,20220218,134018500,13:40:19,22590,33120,77942,3749352875,0,0,0
al2205,20220218,20220218,134020000,13:40:20,22590,33120,77942,3749352875,0,0,0
al2205,20220218,20220218,134020500,13:40:21,22590,33122,77941,3749578800,2,-1,225925
al2205,20220218,20220218,134021000,13:40:21,22590,33123,77941,3749691750,1,0,112950
al2205,20220218,20220218,134021500,13:40:22,22590,33123,77941,3749691750,0,0,0
al2205,20220218,20220218,134022000,13:40:22,22590,33123,77941,3749691750,0,0,0
al2205,20220218,20220218,134022500,13:40:22,22595,33127,77938,3750143650,4,-3,451900
al2205,20220218,20220218,134023000,13:40:23,22595,33127,77938,3750143650,0,0,0
al2205,20220218,20220218,134023500,13:40:23,22590,33130,77938,3750482550,3,0,338900
al2205,20220218,20220218,134024000,13:40:24,22590,33131,77937,3750595500,1,-1,112950
al2205,20220218,20220218,134024500,13:40:25,22590,33132,77936,3750708450,1,-1,112950
al2205,20220218,20220218,134025000,13:40:25,22590,33133,77935,3750821400,1,-1,112950
al2205,20220218,20220218,134025500,13:40:25,22590,33134,77934,3750934350,1,-1,112950
al2205,20220218,20220218,134026000,13:40:26,22595,33136,77932,3751160275,2,-2,225925
al2205,20220218,20220218,134026500,13:40:27,22595,33137,77931,3751273250,1,-1,112975
al2205,20220218,20220218,134027000,13:40:27,22595,33138,77930,3751386225,1,-1,112975
al2205,20220218,20220218,134027500,13:40:27,22595,33139,77929,3751499200,1,-1,112975
al2205,20220218,20220218,134028000,13:40:28,22595,33140,77928,3751612175,1,-1,112975
al2205,20220218,20220218,134028500,13:40:29,22590,33141,77928,3751725125,1,0,112950
al2205,20220218,20220218,134029000,13:40:30,22595,33144,77927,3752064050,3,-1,338925
al2205,20220218,20220218,134029500,13:40:30,22590,33146,77926,3752290000,2,-1,225950
al2205,20220218,20220218,134030000,13:40:30,22590,33147,77926,3752402950,1,0,112950
al2205,20220218,20220218,134030500,13:40:30,22590,33147,77926,3752402950,0,0,0
al2205,20220218,20220218,134031500,13:40:31,22590,33147,77926,3752402950,0,0,0
al2205,20220218,20220218,134032000,13:40:32,22590,33147,77926,3752402950,0,0,0
al2205,20220218,20220218,134033000,13:40:33,22590,33147,77926,3752402950,0,0,0
al2205,20220218,20220218,134034500,13:40:35,22590,33147,77926,3752402950,0,0,0
al2205,20220218,20220218,134035000,13:40:35,22590,33147,77926,3752402950,0,0,0
al2205,20220218,20220218,134035500,13:40:36,22590,33147,77926,3752402950,0,0,0
al2205,20220218,20220218,134036000,13:40:36,22590,33147,77926,3752402950,0,0,0
al2205,20220218,20220218,134036500,13:40:36,22590,33147,77926,3752402950,0,0,0
al2205,20220218,20220218,134037000,13:40:37,22590,33147,77926,3752402950,0,0,0
al2205,20220218,20220218,134038500,13:40:38,22590,33147,77926,3752402950,0,0,0
al2205,20220218,20220218,134040000,13:40:41,22590,33147,77926,3752402950,0,0,0
al2205,20220218,20220218,134041000,13:40:42,22590,33147,77926,3752402950,0,0,0
al2205,20220218,20220218,134042000,13:40:42,22590,33147,77926,3752402950,0,0,0
al2205,20220218,20220218,134042500,13:40:42,22590,33147,77926,3752402950,0,0,0
al2205,20220218,20220218,134043000,13:40:43,22590,33147,77926,3752402950,0,0,0
al2205,20220218,20220218,134043500,13:40:44,22590,33147,77926,3752402950,0,0,0
al2205,20220218,20220218,134044000,13:40:44,22595,33157,77924,3753532700,10,-2,1129750
al2205,20220218,20220218,134044500,13:40:44,22595,33157,77924,3753532700,0,0,0
al2205,20220218,20220218,134045500,13:40:45,22595,33157,77924,3753532700,0,0,0
al2205,20220218,20220218,134046000,13:40:46,22595,33157,77924,3753532700,0,0,0
al2205,20220218,20220218,134046500,13:40:46,22595,33160,77926,3753871625,3,2,338925
al2205,20220218,20220218,134047000,13:40:47,22595,33160,77926,3753871625,0,0,0
al2205,20220218,20220218,134047500,13:40:47,22595,33160,77926,3753871625,0,0,0
al2205,20220218,20220218,134048500,13:40:48,22595,33160,77926,3753871625,0,0,0
al2205,20220218,20220218,134049500,13:40:49,22595,33160,77926,3753871625,0,0,0
al2205,20220218,20220218,134051000,13:40:51,22595,33160,77926,3753871625,0,0,0
al2205,20220218,20220218,134051500,13:40:55,22595,33160,77926,3753871625,0,0,0
al2205,20220218,20220218,134052500,13:40:55,22595,33160,77926,3753871625,0,0,0
al2205,20220218,20220218,134055000,13:40:55,22595,33160,77926,3753871625,0,0,0
al2205,20220218,20220218,134055500,13:40:57,22595,33167,77921,3754662450,7,-5,790825
al2205,20220218,20220218,134057000,13:40:58,22595,33174,77922,3755453275,7,1,790825
al2205,20220218,20220218,134057500,13:40:58,22595,33174,77922,3755453275,0,0,0
al2205,20220218,20220218,134058000,13:40:58,22595,33174,77922,3755453275,0,0,0
al2205,20220218,20220218,134059500,13:41:00,22595,33174,77922,3755453275,0,0,0
al2205,20220218,20220218,134104000,13:41:05,22595,33174,77922,3755453275,0,0,0
al2205,20220218,20220218,134104500,13:41:05,22595,33174,77922,3755453275,0,0,0
al2205,20220218,20220218,134105500,13:41:06,22595,33174,77922,3755453275,0,0,0
al2205,20220218,20220218,134106000,13:41:07,22595,33174,77922,3755453275,0,0,0
al2205,20220218,20220218,134106500,13:41:07,22595,33174,77922,3755453275,0,0,0
al2205,20220218,20220218,134107000,13:41:07,22595,33174,77922,3755453275,0,0,0
al2205,20220218,20220218,134108000,13:41:09,22595,33174,77922,3755453275,0,0,0
al2205,20220218,20220218,134108500,13:41:10,22595,33174,77922,3755453275,0,0,0
al2205,20220218,20220218,134109000,13:41:10,22595,33174,77922,3755453275,0,0,0
al2205,20220218,20220218,134109500,13:41:10,22600,33178,77921,3755905275,4,-1,452000
al2205,20220218,20220218,134110500,13:41:10,22600,33190,77914,3757261275,12,-7,1356000
al2205,20220218,20220218,134111000,13:41:11,22600,33190,77914,3757261275,0,0,0
al2205,20220218,20220218,134111500,13:41:11,22600,33190,77914,3757261275,0,0,0
al2205,20220218,20220218,134112000,13:41:12,22600,33190,77914,3757261275,0,0,0
al2205,20220218,20220218,134112500,13:41:12,22600,33190,77914,3757261275,0,0,0
al2205,20220218,20220218,134113000,13:41:13,22600,33190,77914,3757261275,0,0,0
al2205,20220218,20220218,134113500,13:41:13,22600,33190,77914,3757261275,0,0,0
al2205,20220218,20220218,134115500,13:41:16,22600,33190,77914,3757261275,0,0,0
al2205,20220218,20220218,134117000,13:41:17,22600,33190,77914,3757261275,0,0,0
al2205,20220218,20220218,134123000,13:41:24,22600,33190,77914,3757261275,0,0,0
al2205,20220218,20220218,134123500,13:41:24,22600,33190,77914,3757261275,0,0,0
al2205,20220218,20220218,134124500,13:41:26,22600,33190,77914,3757261275,0,0,0
al2205,20220218,20220218,134125000,13:41:26,22600,33202,77908,3758617275,12,-6,1356000
al2205,20220218,20220218,134125500,13:41:27,22600,33202,77908,3758617275,0,0,0
al2205,20220218,20220218,134126000,13:41:27,22600,33202,77908,3758617275,0,0,0
al2205,20220218,20220218,134128000,13:41:28,22600,33202,77908,3758617275,0,0,0
al2205,20220218,20220218,134128500,13:41:28,22600,33203,77907,3758730275,1,-1,113000
al2205,20220218,20220218,134129000,13:41:29,22600,33206,77904,3759069275,3,-3,339000
al2205,20220218,20220218,134129500,13:41:30,22600,33207,77904,3759182275,1,0,113000
al2205,20220218,20220218,134130000,13:41:30,22600,33216,77904,3760199275,9,0,1017000
al2205,20220218,20220218,134130500,13:41:31,22600,33216,77904,3760199275,0,0,0
al2205,20220218,20220218,134131000,13:41:31,22600,33216,77904,3760199275,0,0,0
al2205,20220218,20220218,134131500,13:41:31,22600,33216,77904,3760199275,0,0,0
al2205,20220218,20220218,134132000,13:41:32,22600,33216,77904,3760199275,0,0,0
al2205,20220218,20220218,134133000,13:41:33,22600,33216,77904,3760199275,0,0,0
al2205,20220218,20220218,134133500,13:41:34,22600,33216,77904,3760199275,0,0,0
al2205,20220218,20220218,134134000,13:41:34,22600,33220,77904,3760651275,4,0,452000
al2205,20220218,20220218,134135000,13:41:35,22600,33220,77904,3760651275,0,0,0
al2205,20220218,20220218,134135500,13:41:35,22600,33220,77904,3760651275,0,0,0
al2205,20220218,20220218,134136000,13:41:39,22600,33220,77904,3760651275,0,0,0
al2205,20220218,20220218,134136500,13:41:39,22600,33220,77904,3760651275,0,0,0
al2205,20220218,20220218,134137000,13:41:40,22600,33220,77904,3760651275,0,0,0
al2205,20220218,20220218,134139500,13:41:41,22600,33220,77904,3760651275,0,0,0
al2205,20220218,20220218,134140000,13:41:42,22600,33220,77904,3760651275,0,0,0
al2205,20220218,20220218,134140500,13:41:42,22600,33220,77904,3760651275,0,0,0
al2205,20220218,20220218,134142000,13:41:42,22605,33245,77897,3763476375,25,-7,2825100
al2205,20220218,20220218,134142500,13:41:42,22605,33245,77897,3763476375,0,0,0
al2205,20220218,20220218,134143000,13:41:43,22605,33245,77897,3763476375,0,0,0
al2205,20220218,20220218,134143500,13:41:44,22600,33249,77897,3763928375,4,0,452000
al2205,20220218,20220218,134144000,13:41:44,22600,33249,77897,3763928375,0,0,0
al2205,20220218,20220218,134146000,13:41:46,22600,33249,77897,3763928375,0,0,0
al2205,20220218,20220218,134146500,13:41:47,22600,33249,77897,3763928375,0,0,0
al2205,20220218,20220218,134147000,13:41:47,22600,33249,77897,3763928375,0,0,0
al2205,20220218,20220218,134148500,13:41:48,22600,33249,77897,3763928375,0,0,0
al2205,20220218,20220218,134149000,13:41:49,22600,33249,77897,3763928375,0,0,0
al2205,20220218,20220218,134151500,13:41:52,22600,33249,77897,3763928375,0,0,0
al2205,20220218,20220218,134152000,13:41:52,22600,33253,77897,3764380375,4,0,452000
al2205,20220218,20220218,134152500,13:41:52,22600,33253,77897,3764380375,0,0,0
al2205,20220218,20220218,134153000,13:41:53,22600,33253,77897,3764380375,0,0,0
al2205,20220218,20220218,134153500,13:41:54,22600,33253,77897,3764380375,0,0,0
al2205,20220218,20220218,134154000,13:42:02,22600,33253,77897,3764380375,0,0,0
al2205,20220218,20220218,134155000,13:42:06,22600,33253,77897,3764380375,0,0,0
al2205,20220218,20220218,134202000,13:42:10,22600,33253,77897,3764380375,0,0,0
al2205,20220218,20220218,134202500,13:42:11,22600,33253,77897,3764380375,0,0,0
al2205,20220218,20220218,134203000,13:42:11,22600,33253,77897,3764380375,0,0,0
al2205,20220218,20220218,134210000,13:42:12,22600,33253,77897,3764380375,0,0,0
al2205,20220218,20220218,134211500,13:42:12,22600,33266,77899,3765849100,13,2,1468725
al2205,20220218,20220218,134213000,13:42:13,22595,33293,77918,3768900000,27,19,3050900
al2205,20220218,20220218,134213500,13:42:14,22595,33298,77913,3769464875,5,-5,564875
al2205,20220218,20220218,134214000,13:42:14,22595,33298,77913,3769464875,0,0,0
al2205,20220218,20220218,134214500,13:42:15,22595,33298,77913,3769464875,0,0,0
al2205,20220218,20220218,134215000,13:42:15,22595,33298,77913,3769464875,0,0,0
al2205,20220218,20220218,134215500,13:42:16,22595,33298,77913,3769464875,0,0,0
al2205,20220218,20220218,134216000,13:42:16,22595,33302,77917,3769916775,4,4,451900
al2205,20220218,20220218,134216500,13:42:17,22595,33303,77916,3770029750,1,-1,112975
al2205,20220218,20220218,134217000,13:42:18,22595,33305,77916,3770255700,2,0,225950
al2205,20220218,20220218,134217500,13:42:19,22595,33305,77916,3770255700,0,0,0
al2205,20220218,20220218,134218000,13:42:20,22595,33305,77916,3770255700,0,0,0
al2205,20220218,20220218,134219500,13:42:20,22595,33305,77916,3770255700,0,0,0
al2205,20220218,20220218,134220000,13:42:20,22595,33307,77915,3770481650,2,-1,225950
al2205,20220218,20220218,134220500,13:42:21,22595,33307,77915,3770481650,0,0,0
al2205,20220218,20220218,134221000,13:42:21,22595,33307,77915,3770481650,0,0,0
al2205,20220218,20220218,134221500,13:42:22,22595,33307,77915,3770481650,0,0,0
al2205,20220218,20220218,134222500,13:42:22,22595,33307,77915,3770481650,0,0,0
al2205,20220218,20220218,134223000,13:42:23,22595,33307,77915,3770481650,0,0,0
al2205,20220218,20220218,134223500,13:42:24,22590,33308,77915,3770594600,1,0,112950
al2205,20220218,20220218,134228000,13:42:29,22590,33308,77915,3770594600,0,0,0
al2205,20220218,20220218,134228500,13:42:29,22590,33308,77915,3770594600,0,0,0
al2205,20220218,20220218,134241000,13:42:41,22590,33308,77915,3770594600,0,0,0
al2205,20220218,20220218,134249000,13:42:49,22590,33308,77915,3770594600,0,0,0
al2205,20220218,20220218,134254500,13:42:54,22590,33308,77915,3770594600,0,0,0
al2205,20220218,20220218,134255500,13:42:55,22590,33308,77915,3770594600,0,0,0
al2205,20220218,20220218,134256500,13:42:57,22595,33309,77915,3770707575,1,0,112975
al2205,20220218,20220218,134257000,13:42:59,22595,33309,77915,3770707575,0,0,0
al2205,20220218,20220218,134303000,13:43:05,22595,33309,77915,3770707575,0,0,0
al2205,20220218,20220218,134304000,13:43:11,22590,33347,77939,3774999800,38,24,4292225
al2205,20220218,20220218,134305000,13:43:11,22590,33363,77949,3776807000,16,10,1807200
al2205,20220218,20220218,134310500,13:43:12,22590,33363,77949,3776807000,0,0,0
al2205,20220218,20220218,134312500,13:43:14,22590,33363,77949,3776807000,0,0,0
al2205,20220218,20220218,134314000,13:43:14,22590,33372,77950,3777823550,9,1,1016550
al2205,20220218,20220218,134314500,13:43:15,22590,33372,77950,3777823550,0,0,0
al2205,20220218,20220218,134315000,13:43:15,22590,33372,77950,3777823550,0,0,0
al2205,20220218,20220218,134317500,13:43:17,22590,33372,77950,3777823550,0,0,0
al2205,20220218,20220218,134319000,13:43:19,22590,33372,77950,3777823550,0,0,0
al2205,20220218,20220218,134323000,13:43:23,22590,33373,77950,3777936500,1,0,112950
al2205,20220218,20220218,134324500,13:43:24,22590,33373,77950,3777936500,0,0,0
al2205,20220218,20220218,134326000,13:43:26,22590,33375,77950,3778162400,2,0,225900
al2205,20220218,20220218,134326500,13:43:26,22590,33375,77950,3778162400,0,0,0
al2205,20220218,20220218,134327000,13:43:27,22590,33382,77945,3778953050,7,-5,790650
al2205,20220218,20220218,134327500,13:43:27,22590,33385,77945,3779291900,3,0,338850
al2205,20220218,20220218,134328000,13:43:29,22590,33385,77945,3779291900,0,0,0
al2205,20220218,20220218,134332000,13:43:32,22590,33385,77945,3779291900,0,0,0
al2205,20220218,20220218,134333000,13:43:33,22590,33385,77945,3779291900,0,0,0
al2205,20220218,20220218,134335500,13:43:35,22590,33386,77945,3779404850,1,0,112950
al2205,20220218,20220218,134336000,13:43:36,22590,33386,77945,3779404850,0,0,0
al2205,20220218,20220218,134337500,13:43:37,22590,33388,77945,3779630750,2,0,225900
al2205,20220218,20220218,134338000,13:43:38,22590,33388,77945,3779630750,0,0,0
al2205,20220218,20220218,134338500,13:43:38,22590,33388,77945,3779630750,0,0,0
al2205,20220218,20220218,134339000,13:43:39,22590,33388,77945,3779630750,0,0,0
al2205,20220218,20220218,134339500,13:43:55,22590,33388,77945,3779630750,0,0,0
al2205,20220218,20220218,134340000,13:43:57,22590,33388,77945,3779630750,0,0,0
al2205,20220218,20220218,134340500,13:43:57,22590,33388,77945,3779630750,0,0,0
al2205,20220218,20220218,134354500,13:44:04,22590,33388,77945,3779630750,0,0,0
al2205,20220218,20220218,134357000,13:44:04,22590,33388,77945,3779630750,0,0,0
al2205,20220218,20220218,134403500,13:44:04,22590,33388,77945,3779630750,0,0,0
al2205,20220218,20220218,134404000,13:44:04,22590,33388,77945,3779630750,0,0,0
al2205,20220218,20220218,134404500,13:44:05,22590,33388,77945,3779630750,0,0,0
al2205,20220218,20220218,134406000,13:44:06,22590,33388,77945,3779630750,0,0,0
al2205,20220218,20220218,134409500,13:44:17,22590,33388,77945,3779630750,0,0,0
al2205,20220218,20220218,134410500,13:44:17,22590,33388,77945,3779630750,0,0,0
al2205,20220218,20220218,134413000,13:44:17,22590,33388,77945,3779630750,0,0,0
al2205,20220218,20220218,134418500,13:44:18,22590,33388,77945,3779630750,0,0,0
al2205,20220218,20220218,134419000,13:44:19,22590,33388,77945,3779630750,0,0,0
al2205,20220218,20220218,134419500,13:44:23,22590,33388,77945,3779630750,0,0,0
al2205,20220218,20220218,134424000,13:44:24,22595,33406,77944,3781664300,18,-1,2033550
al2205,20220218,20220218,134424500,13:44:24,22595,33406,77944,3781664300,0,0,0
al2205,20220218,20220218,134425000,13:44:25,22595,33407,77943,3781777275,1,-1,112975
al2205,20220218,20220218,134425500,13:44:25,22595,33411,77943,3782229175,4,0,451900
al2205,20220218,20220218,134426000,13:44:26,22595,33411,77943,3782229175,0,0,0
al2205,20220218,20220218,134426500,13:44:26,22595,33411,77943,3782229175,0,0,0
al2205,20220218,20220218,134427000,13:44:27,22595,33411,77943,3782229175,0,0,0
