al2206,20220218,20220218,112003000,11:20:08,22535,6443,36695,726997225,6443,355,726997225
al2206,20220218,20220218,112004500,11:20:09,22535,6443,36695,726997225,0,0,0
al2206,20220218,20220218,112005000,11:20:10,22535,6443,36695,726997225,0,0,0
al2206,20220218,20220218,112005500,11:20:10,22545,6444,36695,727109950,1,0,112725
al2206,20220218,20220218,112008500,11:20:10,22545,6444,36695,727109950,0,0,0
al2206,20220218,20220218,112010000,11:20:10,22545,6444,36695,727109950,0,0,0
al2206,20220218,20220218,112012500,11:20:12,22545,6444,36695,727109950,0,0,0
al2206,20220218,20220218,112013000,11:20:13,22545,6444,36695,727109950,0,0,0
al2206,20220218,20220218,112014500,11:20:14,22545,6445,36695,727222675,1,0,112725
al2206,20220218,20220218,112015000,11:20:15,22540,6446,36694,727335375,1,-1,112700
al2206,20220218,20220218,112021000,11:20:21,22540,6448,36694,727560775,2,0,225400
al2206,20220218,20220218,112021500,11:20:21,22540,6448,36694,727560775,0,0,0
al2206,20220218,20220218,112023000,11:20:23,22540,6448,36694,727560775,0,0,0
al2206,20220218,20220218,112025500,11:20:25,22540,6448,36694,727560775,0,0,0
al2206,20220218,20220218,112026000,11:20:26,22540,6452,36694,728011575,4,0,450800
al2206,20220218,20220218,112026500,11:20:26,22540,6454,36694,728236975,2,0,225400
al2206,20220218,20220218,112027000,11:20:27,22540,6454,36694,728236975,0,0,0
al2206,20220218,20220218,112027500,11:20:28,22540,6454,36694,728236975,0,0,0
al2206,20220218,20220218,112030000,11:20:31,22535,6455,36694,728349650,1,0,112675
al2206,20220218,20220218,112030500,11:20:31,22535,6455,36694,728349650,0,0,0
al2206,20220218,20220218,112031000,11:20:32,22535,6455,36694,728349650,0,0,0
al2206,20220218,20220218,112031500,11:20:32,22535,6455,36694,728349650,0,0,0
al2206,20220218,20220218,112032000,11:20:32,22535,6455,36694,728349650,0,0,0
al2206,20220218,20220218,112033000,11:20:33,22535,6456,36693,728462325,1,-1,112675
al2206,20220218,20220218,112033500,11:20:33,22535,6456,36693,728462325,0,0,0
al2206,20220218,20220218,112034000,11:20:34,22535,6456,36693,728462325,0,0,0
al2206,20220218,20220218,112034500,11:20:35,22535,6456,36693,728462325,0,0,0
al2206,20220218,20220218,112035000,11:20:35,22535,6456,36693,728462325,0,0,0
al2206,20220218,20220218,112036000,11:20:36,22535,6456,36693,728462325,0,0,0
al2206,20220218,20220218,112036500,11:20:37,22535,6456,36693,728462325,0,0,0
al2206,20220218,20220218,112038500,11:20:38,22535,6456,36693,728462325,0,0,0
al2206,20220218,20220218,112039000,11:20:39,22535,6456,36693,728462325,0,0,0
al2206,20220218,20220218,112039500,11:20:40,22535,6456,36693,728462325,0,0,0
al2206,20220218,20220218,112040000,11:20:40,22535,6456,36693,728462325,0,0,0
al2206,20220218,20220218,112040500,11:20:41,22535,6456,36693,728462325,0,0,0
al2206,20220218,20220218,112042500,11:20:42,22535,6459,36693,728800350,3,0,338025
al2206,20220218,20220218,112043000,11:20:43,22535,6459,36693,728800350,0,0,0
al2206,20220218,20220218,112043500,11:20:44,22535,6459,36693,728800350,0,0,0
al2206,20220218,20220218,112044000,11:20:44,22535,6459,36693,728800350,0,0,0
al2206,20220218,20220218,112044500,11:20:45,22535,6459,36693,728800350,0,0,0
al2206,20220218,20220218,112045000,11:20:45,22535,6459,36693,728800350,0,0,0
al2206,20220218,20220218,112045500,11:20:46,22535,6459,36693,728800350,0,0,0
al2206,20220218,20220218,112047000,11:20:47,22535,6459,36693,728800350,0,0,0
al2206,20220218,20220218,112048000,11:20:48,22535,6459,36693,728800350,0,0,0
al2206,20220218,20220218,112051500,11:20:51,22535,6459,36693,728800350,0,0,0
al2206,20220218,20220218,112053000,11:20:53,22535,6459,36693,728800350,0,0,0
al2206,20220218,20220218,112056500,11:20:56,22535,6459,36693,728800350,0,0,0
al2206,20220218,20220218,112057000,11:20:58,22535,6459,36693,728800350,0,0,0
al2206,20220218,20220218,112057500,11:20:58,22540,6460,36693,728913050,1,0,112700
al2206,20220218,20220218,112058000,11:20:58,22540,6460,36693,728913050,0,0,0
al2206,20220218,20220218,112058500,11:20:59,22540,6460,36693,728913050,0,0,0
al2206,20220218,20220218,112059000,11:20:59,22540,6460,36693,728913050,0,0,0
al2206,20220218,20220218,112101500,11:21:02,22540,6460,36693,728913050,0,0,0
al2206,20220218,20220218,112103500,11:21:03,22540,6460,36693,728913050,0,0,0
al2206,20220218,20220218,112104000,11:21:04,22540,6460,36693,728913050,0,0,0
al2206,20220218,20220218,112104500,11:21:05,22540,6460,36693,728913050,0,0,0
al2206,20220218,20220218,112105500,11:21:07,22540,6460,36693,728913050,0,0,0
al2206,20220218,20220218,112106000,11:21:07,22540,6460,36693,728913050,0,0,0
al2206,20220218,20220218,112107500,11:21:10,22540,6460,36693,728913050,0,0,0
al2206,20220218,20220218,112108000,11:21:10,22540,6460,36693,728913050,0,0,0
al2206,20220218,20220218,112109500,11:21:10,22540,6460,36693,728913050,0,0,0
al2206,20220218,20220218,112110500,11:21:11,22540,6460,36693,728913050,0,0,0
al2206,20220218,20220218,112112500,11:21:13,22540,6460,36693,728913050,0,0,0
al2206,20220218,20220218,112113000,11:21:13,22540,6460,36693,728913050,0,0,0
al2206,20220218,20220218,112113500,11:21:13,22540,6460,36693,728913050,0,0,0
al2206,20220218,20220218,112114000,11:21:14,22540,6460,36693,728913050,0,0,0
al2206,20220218,20220218,112114500,11:21:14,22540,6460,36693,728913050,0,0,0
al2206,20220218,20220218,112115000,11:21:15,22540,6460,36693,728913050,0,0,0
al2206,20220218,20220218,112116000,11:21:16,22540,6460,36693,728913050,0,0,0
al2206,20220218,20220218,112116500,11:21:16,22540,6465,36688,729476550,5,-5,563500
al2206,20220218,20220218,112117000,11:21:17,22540,6465,36688,729476550,0,0,0
al2206,20220218,20220218,112117500,11:21:18,22540,6465,36688,729476550,0,0,0
al2206,20220218,20220218,112118000,11:21:18,22540,6465,36688,729476550,0,0,0
al2206,20220218,20220218,112118500,11:21:18,22540,6465,36688,729476550,0,0,0
al2206,20220218,20220218,112119000,11:21:19,22540,6465,36688,729476550,0,0,0
al2206,20220218,20220218,112120000,11:21:20,22540,6465,36688,729476550,0,0,0
al2206,20220218,20220218,112121000,11:21:22,22540,6465,36688,729476550,0,0,0
al2206,20220218,20220218,112121500,11:21:22,22540,6465,36688,729476550,0,0,0
al2206,20220218,20220218,112123500,11:21:23,22540,6466,36687,729589250,1,-1,112700
al2206,20220218,20220218,112124500,11:21:25,22540,6466,36687,729589250,0,0,0
al2206,20220218,20220218,112125000,11:21:57,22540,6467,36686,729701950,1,-1,112700
al2206,20220218,20220218,112125500,11:23:32,22540,6467,36686,729701950,0,0,0
al2206,20220218,20220218,112126500,11:23:33,22545,6468,36685,729814675,1,-1,112725
al2206,20220218,20220218,112332500,11:23:33,22545,6468,36685,729814675,0,0,0
al2206,20220218,20220218,112333500,11:23:33,22545,6468,36685,729814675,0,0,0
al2206,20220218,20220218,112334000,11:23:34,22545,6468,36685,729814675,0,0,0
al2206,20220218,20220218,112334500,11:23:34,22545,6468,36685,729814675,0,0,0
al2206,20220218,20220218,112335000,11:23:35,22545,6504,36681,733872100,36,-4,4057425
al2206,20220218,20220218,112335500,11:23:35,22545,6505,36681,733984825,1,0,112725
al2206,20220218,20220218,112336000,11:23:36,22545,6505,36681,733984825,0,0,0
al2206,20220218,20220218,112336500,11:23:38,22545,6505,36681,733984825,0,0,0
al2206,20220218,20220218,112337500,11:23:38,22545,6505,36681,733984825,0,0,0
al2206,20220218,20220218,112338500,11:23:38,22545,6505,36681,733984825,0,0,0
al2206,20220218,20220218,112345000,11:23:48,22545,6518,36673,735450250,13,-8,1465425
al2206,20220218,20220218,112345500,11:23:48,22545,6518,36673,735450250,0,0,0
al2206,20220218,20220218,112346000,11:23:48,22545,6518,36673,735450250,0,0,0
al2206,20220218,20220218,112346500,11:23:48,22545,6518,36673,735450250,0,0,0
al2206,20220218,20220218,112350000,11:23:50,22545,6518,36673,735450250,0,0,0
al2206,20220218,20220218,112350500,11:23:50,22545,6518,36673,735450250,0,0,0
al2206,20220218,20220218,112351500,11:23:51,22545,6518,36673,735450250,0,0,0
al2206,20220218,20220218,112355000,11:23:55,22545,6518,36673,735450250,0,0,0
al2206,20220218,20220218,112355500,11:23:55,22545,6518,36673,735450250,0,0,0
al2206,20220218,20220218,112356000,11:23:56,22545,6518,36673,735450250,0,0,0
al2206,20220218,20220218,112400000,11:24:00,22545,6518,36673,735450250,0,0,0
al2206,20220218,20220218,112402000,11:24:02,22545,6518,36673,735450250,0,0,0
al2206,20220218,20220218,112402500,11:24:02,22545,6518,36673,735450250,0,0,0
al2206,20220218,20220218,112403000,11:24:03,22545,6518,36673,735450250,0,0,0
al2206,20220218,20220218,112404000,11:24:04,22545,6518,36673,735450250,0,0,0
al2206,20220218,20220218,112405500,11:24:05,22545,6518,36673,735450250,0,0,0
al2206,20220218,20220218,112408500,11:24:08,22545,6518,36673,735450250,0,0,0
al2206,20220218,20220218,112409000,11:24:11,22545,6518,36673,735450250,0,0,0
al2206,20220218,20220218,112409500,11:24:11,22545,6518,36673,735450250,0,0,0
al2206,20220218,20220218,112410000,11:24:12,22545,6518,36673,735450250,0,0,0
al2206,20220218,20220218,112410500,11:24:12,22545,6518,36673,735450250,0,0,0
al2206,20220218,20220218,112412000,11:24:12,22545,6518,36673,735450250,0,0,0
al2206,20220218,20220218,112413500,11:24:14,22545,6518,36673,735450250,0,0,0
al2206,20220218,20220218,112425000,11:24:25,22545,6518,36673,735450250,0,0,0
al2206,20220218,20220218,112427500,11:24:28,22545,6518,36673,735450250,0,0,0
al2206,20220218,20220218,112429000,11:24:29,22545,6518,36673,735450250,0,0,0
al2206,20220218,20220218,112431000,11:24:31,22545,6518,36673,735450250,0,0,0
al2206,20220218,20220218,112431500,11:24:31,22545,6518,36673,735450250,0,0,0
al2206,20220218,20220218,112432000,11:24:32,22545,6518,36673,735450250,0,0,0
al2206,20220218,20220218,112433000,11:24:33,22545,6518,36673,735450250,0,0,0
al2206,20220218,20220218,112435500,11:24:35,22545,6518,36673,735450250,0,0,0
al2206,20220218,20220218,112438000,11:24:39,22555,6534,36666,737254650,16,-7,1804400
al2206,20220218,20220218,112438500,11:24:39,22555,6538,36666,737705750,4,0,451100
al2206,20220218,20220218,112439000,11:24:40,22555,6538,36666,737705750,0,0,0
al2206,20220218,20220218,112439500,11:24:40,22555,6538,36666,737705750,0,0,0
al2206,20220218,20220218,112440500,11:24:40,22555,6538,36666,737705750,0,0,0
al2206,20220218,20220218,112441500,11:24:41,22555,6538,36666,737705750,0,0,0
al2206,20220218,20220218,112444000,11:24:44,22555,6538,36666,737705750,0,0,0
al2206,20220218,20220218,112448500,11:24:48,22555,6538,36666,737705750,0,0,0
al2206,20220218,20220218,112449500,11:24:49,22555,6538,36666,737705750,0,0,0
al2206,20220218,20220218,112450500,11:24:50,22555,6538,36666,737705750,0,0,0
al2206,20220218,20220218,112451000,11:24:51,22555,6539,36665,737818525,1,-1,112775
al2206,20220218,20220218,112451500,11:24:51,22550,6541,36663,738044025,2,-2,225500
al2206,20220218,20220218,112452000,11:24:52,22550,6541,36663,738044025,0,0,0
al2206,20220218,20220218,112452500,11:24:52,22550,6541,36663,738044025,0,0,0
al2206,20220218,20220218,112454000,11:24:54,22550,6542,36663,738156775,1,0,112750
al2206,20220218,20220218,112454500,11:24:54,22550,6542,36663,738156775,0,0,0
al2206,20220218,20220218,112456000,11:24:56,22550,6542,36663,738156775,0,0,0
al2206,20220218,20220218,112457500,11:24:57,22550,6542,36663,738156775,0,0,0
al2206,20220218,20220218,112458000,11:24:58,22550,6542,36663,738156775,0,0,0
al2206,20220218,20220218,112458500,11:24:58,22550,6542,36663,738156775,0,0,0
al2206,20220218,20220218,112459000,11:24:59,22545,6544,36662,738382225,2,-1,225450
al2206,20220218,20220218,112459500,11:24:59,22545,6544,36662,738382225,0,0,0
al2206,20220218,20220218,112500000,11:25:00,22545,6544,36662,738382225,0,0,0
al2206,20220218,20220218,112502500,11:25:06,22545,6548,36662,738833125,4,0,450900
al2206,20220218,20220218,112503000,11:25:06,22545,6549,36662,738945850,1,0,112725
al2206,20220218,20220218,112504000,11:25:06,22545,6549,36662,738945850,0,0,0
al2206,20220218,20220218,112506000,11:25:06,22545,6549,36662,738945850,0,0,0
al2206,20220218,20220218,112508500,11:25:08,22545,6549,36662,738945850,0,0,0
al2206,20220218,20220218,112509500,11:25:09,22545,6549,36662,738945850,0,0,0
al2206,20220218,20220218,112510000,11:25:10,22545,6549,36662,738945850,0,0,0
al2206,20220218,20220218,112512500,11:25:12,22540,6550,36662,739058550,1,0,112700
al2206,20220218,20220218,112517000,11:25:18,22540,6550,36662,739058550,0,0,0
al2206,20220218,20220218,112517500,11:25:18,22540,6550,36662,739058550,0,0,0
al2206,20220218,20220218,112518500,11:25:19,22540,6550,36662,739058550,0,0,0
al2206,20220218,20220218,112519000,11:25:19,22540,6550,36662,739058550,0,0,0
al2206,20220218,20220218,112520500,11:25:21,22540,6550,36662,739058550,0,0,0
al2206,20220218,20220218,112521000,11:25:21,22540,6550,36662,739058550,0,0,0
al2206,20220218,20220218,112521500,11:25:22,22540,6550,36662,739058550,0,0,0
al2206,20220218,20220218,112523000,11:25:23,22540,6550,36662,739058550,0,0,0
al2206,20220218,20220218,112524000,11:25:25,22540,6556,36662,739734750,6,0,676200
al2206,20220218,20220218,112524500,11:25:25,22540,6556,36662,739734750,0,0,0
al2206,20220218,20220218,112525000,11:25:25,22540,6557,36661,739847450,1,-1,112700
al2206,20220218,20220218,112525500,11:25:26,22540,6557,36661,739847450,0,0,0
al2206,20220218,20220218,112526500,11:25:27,22540,6557,36661,739847450,0,0,0
al2206,20220218,20220218,112527000,11:25:27,22540,6557,36661,739847450,0,0,0
al2206,20220218,20220218,112528500,11:25:28,22540,6557,36661,739847450,0,0,0
al2206,20220218,20220218,112529000,11:25:29,22540,6557,36661,739847450,0,0,0
al2206,20220218,20220218,112530000,11:25:30,22540,6557,36661,739847450,0,0,0
al2206,20220218,20220218,112531000,11:25:31,22540,6557,36661,739847450,0,0,0
al2206,20220218,20220218,112537500,11:25:38,22540,6563,36661,740523650,6,0,676200
al2206,20220218,20220218,112538000,11:25:38,22540,6563,36661,740523650,0,0,0
al2206,20220218,20220218,112538500,11:25:39,22545,6564,36660,740636375,1,-1,112725
al2206,20220218,20220218,112539000,11:25:39,22545,6564,36660,740636375,0,0,0
al2206,20220218,20220218,112539500,11:25:40,22545,6564,36660,740636375,0,0,0
al2206,20220218,20220218,112540000,11:25:40,22540,6567,36657,740974475,3,-3,338100
al2206,20220218,20220218,112540500,11:25:40,22540,6569,36655,741199875,2,-2,225400
al2206,20220218,20220218,112541000,11:25:41,22540,6569,36655,741199875,0,0,0
al2206,20220218,20220218,112544000,11:25:44,22540,6569,36655,741199875,0,0,0
al2206,20220218,20220218,112544500,11:25:44,22540,6569,36655,741199875,0,0,0
al2206,20220218,20220218,112545000,11:25:45,22540,6569,36655,741199875,0,0,0
al2206,20220218,20220218,112545500,11:25:46,22540,6569,36655,741199875,0,0,0
al2206,20220218,20220218,112546000,11:25:46,22540,6569,36655,741199875,0,0,0
al2206,20220218,20220218,112546500,11:25:48,22540,6569,36655,741199875,0,0,0
al2206,20220218,20220218,112547000,11:25:48,22540,6569,36655,741199875,0,0,0
al2206,20220218,20220218,112549000,11:25:49,22540,6569,36655,741199875,0,0,0
al2206,20220218,20220218,112549500,11:25:49,22540,6569,36655,741199875,0,0,0
al2206,20220218,20220218,112550000,11:25:50,22540,6569,36655,741199875,0,0,0
al2206,20220218,20220218,112555000,11:25:55,22540,6569,36655,741199875,0,0,0
al2206,20220218,20220218,112555500,11:25:56,22540,6569,36655,741199875,0,0,0
al2206,20220218,20220218,112556000,11:25:57,22540,6569,36655,741199875,0,0,0
al2206,20220218,20220218,112556500,11:25:57,22540,6569,36655,741199875,0,0,0
al2206,20220218,20220218,112557500,11:25:57,22540,6569,36655,741199875,0,0,0
al2206,20220218,20220218,112558500,11:25:59,22540,6569,36655,741199875,0,0,0
al2206,20220218,20220218,112604000,11:26:05,22540,6569,36655,741199875,0,0,0
al2206,20220218,20220218,112604500,11:26:05,22540,6569,36655,741199875,0,0,0
al2206,20220218,20220218,112605000,11:26:05,22540,6569,36655,741199875,0,0,0
al2206,20220218,20220218,112605500,11:26:06,22540,6569,36655,741199875,0,0,0
al2206,20220218,20220218,112613000,11:26:15,22540,6569,36655,741199875,0,0,0
al2206,20220218,20220218,112614500,11:26:15,22540,6569,36655,741199875,0,0,0
al2206,20220218,20220218,112616000,11:26:16,22540,6569,36655,741199875,0,0,0
al2206,20220218,20220218,112616500,11:26:17,22540,6569,36655,741199875,0,0,0
al2206,20220218,20220218,112617000,11:26:17,22540,6569,36655,741199875,0,0,0
al2206,20220218,20220218,112617500,11:26:17,22540,6569,36655,741199875,0,0,0
al2206,20220218,20220218,112618000,11:26:18,22540,6569,36655,741199875,0,0,0
al2206,20220218,20220218,112618500,11:26:19,22540,6569,36655,741199875,0,0,0
al2206,20220218,20220218,112619500,11:26:20,22540,6569,36655,741199875,0,0,0
al2206,20220218,20220218,112620000,11:26:20,22540,6569,36655,741199875,0,0,0
al2206,20220218,20220218,112620500,11:26:20,22540,6569,36655,741199875,0,0,0
al2206,20220218,20220218,112621500,11:26:21,22540,6569,36655,741199875,0,0,0
al2206,20220218,20220218,112623000,11:26:23,22540,6569,36655,741199875,0,0,0
al2206,20220218,20220218,112627000,11:26:27,22550,6570,36654,741312625,1,-1,112750
al2206,20220218,20220218,112627500,11:26:27,22550,6570,36654,741312625,0,0,0
al2206,20220218,20220218,112628000,11:26:28,22550,6570,36654,741312625,0,0,0
al2206,20220218,20220218,112630000,11:26:31,22550,6570,36654,741312625,0,0,0
al2206,20220218,20220218,112630500,11:26:31,22550,6570,36654,741312625,0,0,0
al2206,20220218,20220218,112631000,11:26:31,22550,6570,36654,741312625,0,0,0
al2206,20220218,20220218,112631500,11:26:32,22550,6570,36654,741312625,0,0,0
al2206,20220218,20220218,112632000,11:26:32,22550,6570,36654,741312625,0,0,0
al2206,20220218,20220218,112632500,11:26:32,22550,6570,36654,741312625,0,0,0
al2206,20220218,20220218,112633000,11:26:33,22550,6570,36654,741312625,0,0,0
al2206,20220218,20220218,112633500,11:26:34,22550,6570,36654,741312625,0,0,0
al2206,20220218,20220218,112634000,11:26:35,22550,6570,36654,741312625,0,0,0
al2206,20220218,20220218,112634500,11:26:37,22550,6570,36654,741312625,0,0,0
al2206,20220218,20220218,112635000,11:26:37,22550,6570,36654,741312625,0,0,0
al2206,20220218,20220218,112635500,11:26:37,22550,6570,36654,741312625,0,0,0
al2206,20220218,20220218,112636000,11:26:38,22550,6570,36654,741312625,0,0,0
al2206,20220218,20220218,112636500,11:26:38,22550,6570,36654,741312625,0,0,0
al2206,20220218,20220218,112653000,11:27:10,22550,6570,36654,741312625,0,0,0
al2206,20220218,20220218,112710000,11:27:12,22540,6571,36655,741425325,1,1,112700
al2206,20220218,20220218,112713000,11:27:14,22540,6571,36655,741425325,0,0,0
al2206,20220218,20220218,112716000,11:27:17,22540,6571,36655,741425325,0,0,0
al2206,20220218,20220218,112716500,11:27:17,22540,6571,36655,741425325,0,0,0
al2206,20220218,20220218,112718500,11:27:19,22540,6571,36655,741425325,0,0,0
al2206,20220218,20220218,112719500,11:27:20,22540,6571,36655,741425325,0,0,0
al2206,20220218,20220218,112720000,11:27:20,22540,6571,36655,741425325,0,0,0
al2206,20220218,20220218,112720500,11:27:21,22540,6571,36655,741425325,0,0,0
al2206,20220218,20220218,112722500,11:27:22,22540,6571,36655,741425325,0,0,0
al2206,20220218,20220218,112723000,11:27:26,22540,6571,36655,741425325,0,0,0
al2206,20220218,20220218,112724000,11:27:27,22540,6571,36655,741425325,0,0,0
al2206,20220218,20220218,112724500,11:27:27,22540,6571,36655,741425325,0,0,0
al2206,20220218,20220218,112726500,11:27:27,22540,6571,36655,741425325,0,0,0
al2206,20220218,20220218,112727000,11:27:27,22540,6571,36655,741425325,0,0,0
al2206,20220218,20220218,112727500,11:27:27,22540,6571,36655,741425325,0,0,0
al2206,20220218,20220218,112728500,11:27:28,22540,6571,36655,741425325,0,0,0
al2206,20220218,20220218,112730000,11:27:30,22540,6571,36655,741425325,0,0,0
al2206,20220218,20220218,112730500,11:27:31,22540,6571,36655,741425325,0,0,0
al2206,20220218,20220218,112731000,11:27:32,22540,6571,36655,741425325,0,0,0
al2206,20220218,20220218,112735500,11:27:36,22540,6571,36655,741425325,0,0,0
al2206,20220218,20220218,112736500,11:27:38,22540,6571,36655,741425325,0,0,0
al2206,20220218,20220218,112737000,11:27:38,22540,6571,36655,741425325,0,0,0
al2206,20220218,20220218,112739500,11:27:39,22540,6572,36656,741538025,1,1,112700
al2206,20220218,20220218,112740500,11:27:40,22540,6572,36656,741538025,0,0,0
al2206,20220218,20220218,112741500,11:27:41,22540,6575,36656,741876125,3,0,338100
al2206,20220218,20220218,112742000,11:27:42,22540,6575,36656,741876125,0,0,0
al2206,20220218,20220218,112742500,11:27:43,22540,6575,36656,741876125,0,0,0
al2206,20220218,20220218,112743000,11:27:43,22540,6575,36656,741876125,0,0,0
al2206,20220218,20220218,112744500,11:27:45,22540,6577,36656,742101525,2,0,225400
al2206,20220218,20220218,112745000,11:27:45,22540,6577,36656,742101525,0,0,0
al2206,20220218,20220218,112747000,11:27:47,22540,6577,36656,742101525,0,0,0
al2206,20220218,20220218,112747500,11:27:47,22540,6577,36656,742101525,0,0,0
al2206,20220218,20220218,112752500,11:27:54,22540,6577,36656,742101525,0,0,0
al2206,20220218,20220218,112758000,11:27:58,22540,6577,36656,742101525,0,0,0
al2206,20220218,20220218,112800500,11:28:01,22540,6577,36656,742101525,0,0,0
al2206,20220218,20220218,112801000,11:28:01,22540,6577,36656,742101525,0,0,0
al2206,20220218,20220218,112801500,11:28:02,22540,6577,36656,742101525,0,0,0
al2206,20220218,20220218,112802500,11:28:03,22540,6577,36656,742101525,0,0,0
al2206,20220218,20220218,112803000,11:28:04,22540,6577,36656,742101525,0,0,0
al2206,20220218,20220218,112803500,11:28:04,22540,6577,36656,742101525,0,0,0
al2206,20220218,20220218,112804000,11:28:04,22540,6577,36656,742101525,0,0,0
al2206,20220218,20220218,112804500,11:28:05,22540,6577,36656,742101525,0,0,0
al2206,20220218,20220218,112815000,11:28:15,22540,6577,36656,742101525,0,0,0
al2206,20220218,20220218,112822500,11:28:22,22540,6577,36656,742101525,0,0,0
al2206,20220218,20220218,112823500,11:28:23,22540,6577,36656,742101525,0,0,0
al2206,20220218,20220218,112824000,11:28:24,22540,6577,36656,742101525,0,0,0
al2206,20220218,20220218,112824500,11:28:24,22540,6577,36656,742101525,0,0,0
al2206,20220218,20220218,112825000,11:28:25,22540,6577,36656,742101525,0,0,0
al2206,20220218,20220218,112827000,11:28:27,22540,6577,36656,742101525,0,0,0
al2206,20220218,20220218,112827500,11:28:27,22540,6577,36656,742101525,0,0,0
al2206,20220218,20220218,112829000,11:28:29,22540,6579,36656,742326925,2,0,225400
al2206,20220218,20220218,112830000,11:28:30,22540,6579,36656,742326925,0,0,0
al2206,20220218,20220218,112831000,11:28:31,22540,6579,36656,742326925,0,0,0
al2206,20220218,20220218,112831500,11:28:31,22540,6579,36656,742326925,0,0,0
al2206,20220218,20220218,112838500,11:28:38,22540,6579,36656,742326925,0,0,0
al2206,20220218,20220218,112839000,11:28:40,22540,6579,36656,742326925,0,0,0
al2206,20220218,20220218,112839500,11:28:40,22540,6579,36656,742326925,0,0,0
al2206,20220218,20220218,112840000,11:28:40,22540,6579,36656,742326925,0,0,0
al2206,20220218,20220218,112841500,11:28:41,22540,6581,36654,742552325,2,-2,225400
al2206,20220218,20220218,112842000,11:28:42,22540,6581,36654,742552325,0,0,0
al2206,20220218,20220218,112842500,11:28:42,22540,6582,36653,742665025,1,-1,112700
al2206,20220218,20220218,112843000,11:28:43,22540,6582,36653,742665025,0,0,0
al2206,20220218,20220218,112844000,11:28:44,22540,6582,36653,742665025,0,0,0
al2206,20220218,20220218,112845500,11:28:46,22540,6582,36653,742665025,0,0,0
al2206,20220218,20220218,112847000,11:28:47,22540,6582,36653,742665025,0,0,0
al2206,20220218,20220218,112847500,11:28:48,22540,6582,36653,742665025,0,0,0
al2206,20220218,20220218,112849000,11:28:49,22540,6582,36653,742665025,0,0,0
al2206,20220218,20220218,112850000,11:28:50,22540,6582,36653,742665025,0,0,0
al2206,20220218,20220218,112853500,11:28:54,22540,6582,36653,742665025,0,0,0
al2206,20220218,20220218,112854000,11:28:54,22540,6583,36652,742777725,1,-1,112700
al2206,20220218,20220218,112854500,11:28:54,22540,6583,36652,742777725,0,0,0
al2206,20220218,20220218,112856500,11:28:56,22540,6583,36652,742777725,0,0,0
al2206,20220218,20220218,112858000,11:28:59,22540,6583,36652,742777725,0,0,0
al2206,20220218,20220218,112858500,11:28:59,22540,6583,36652,742777725,0,0,0
al2206,20220218,20220218,112859500,11:29:00,22540,6583,36652,742777725,0,0,0
al2206,20220218,20220218,112900000,11:29:00,22540,6583,36652,742777725,0,0,0
al2206,20220218,20220218,112901000,11:29:01,22540,6583,36652,742777725,0,0,0
al2206,20220218,20220218,112901500,11:29:01,22540,6583,36652,742777725,0,0,0
al2206,20220218,20220218,112908000,11:29:08,22540,6583,36652,742777725,0,0,0
al2206,20220218,20220218,112910000,11:29:10,22540,6583,36652,742777725,0,0,0
al2206,20220218,20220218,112912500,11:29:12,22540,6583,36652,742777725,0,0,0
al2206,20220218,20220218,112913000,11:29:13,22540,6583,36652,742777725,0,0,0
al2206,20220218,20220218,112913500,11:29:14,22540,6583,36652,742777725,0,0,0
al2206,20220218,20220218,112914500,11:29:15,22540,6586,36652,743115825,3,0,338100
al2206,20220218,20220218,112916500,11:29:18,22540,6586,36652,743115825,0,0,0
al2206,20220218,20220218,112917000,11:29:20,22540,6586,36652,743115825,0,0,0
al2206,20220218,20220218,112921000,11:29:22,22540,6586,36652,743115825,0,0,0
al2206,20220218,20220218,112922000,11:29:24,22540,6586,36652,743115825,0,0,0
al2206,20220218,20220218,112922500,11:29:24,22540,6586,36652,743115825,0,0,0
al2206,20220218,20220218,112923000,11:29:24,22540,6586,36652,743115825,0,0,0
al2206,20220218,20220218,112926000,11:29:26,22540,6586,36652,743115825,0,0,0
al2206,20220218,20220218,112927500,11:29:27,22540,6586,36652,743115825,0,0,0
al2206,20220218,20220218,112928000,11:29:28,22540,6586,36652,743115825,0,0,0
al2206,20220218,20220218,112929000,11:29:29,22540,6586,36652,743115825,0,0,0
al2206,20220218,20220218,112929500,11:29:29,22540,6586,36652,743115825,0,0,0
al2206,20220218,20220218,112930000,11:29:30,22540,6586,36652,743115825,0,0,0
al2206,20220218,20220218,112931000,11:29:32,22540,6586,36652,743115825,0,0,0
al2206,20220218,20220218,112931500,11:29:32,22540,6586,36652,743115825,0,0,0
al2206,20220218,20220218,112932000,11:29:32,22540,6586,36652,743115825,0,0,0
al2206,20220218,20220218,112932500,11:29:36,22540,6586,36652,743115825,0,0,0
al2206,20220218,20220218,112933000,11:29:37,22540,6586,36652,743115825,0,0,0
al2206,20220218,20220218,112933500,11:29:38,22540,6586,36652,743115825,0,0,0
al2206,20220218,20220218,112936500,11:29:38,22540,6586,36652,743115825,0,0,0
al2206,20220218,20220218,112937500,11:29:38,22555,6591,36650,743679500,5,-2,563675
al2206,20220218,20220218,112938500,11:29:39,22555,6591,36650,743679500,0,0,0
al2206,20220218,20220218,112940000,11:29:40,22555,6591,36650,743679500,0,0,0
al2206,20220218,20220218,112940500,11:29:40,22555,6591,36650,743679500,0,0,0
al2206,20220218,20220218,112942500,11:29:44,22555,6591,36650,743679500,0,0,0
al2206,20220218,20220218,112943000,11:29:45,22555,6591,36650,743679500,0,0,0
al2206,20220218,20220218,112944500,11:29:45,22555,6591,36650,743679500,0,0,0
al2206,20220218,20220218,112946000,11:29:46,22555,6591,36650,743679500,0,0,0
al2206,20220218,20220218,112947500,11:29:48,22555,6591,36650,743679500,0,0,0
al2206,20220218,20220218,112950000,11:29:51,22555,6591,36650,743679500,0,0,0
al2206,20220218,20220218,112951000,11:29:52,22555,6591,36650,743679500,0,0,0
al2206,20220218,20220218,112952000,11:29:53,22555,6591,36650,743679500,0,0,0
al2206,20220218,20220218,112953500,11:29:54,22555,6591,36650,743679500,0,0,0
al2206,20220218,20220218,112954000,11:29:54,22555,6591,36650,743679500,0,0,0
al2206,20220218,20220218,112954500,11:29:54,22555,6591,36650,743679500,0,0,0
al2206,20220218,20220218,112955000,11:29:55,22555,6591,36650,743679500,0,0,0
al2206,20220218,20220218,112955500,11:29:56,22555,6591,36650,743679500,0,0,0
al2206,20220218,20220218,112956000,11:29:56,22555,6591,36650,743679500,0,0,0
al2206,20220218,20220218,112957500,11:30:02,22550,6592,36651,743792250,1,1,112750
al2206,20220218,20220218,112959500,11:30:02,22550,6592,36651,743792250,0,0,0
al2206,20220218,20220218,113000000,11:30:03,22555,6595,36650,744130575,3,-1,338325
al2206,20220218,20220218,113000500,11:30:03,22555,6595,36650,744130575,0,0,0
al2206,20220218,20220218,113001500,11:30:03,22555,6595,36650,744130575,0,0,0
al2206,20220218,20220218,133002000,13:30:08,22555,6595,36650,744130575,0,0,0
al2206,20220218,20220218,133002500,13:30:10,22550,6599,36653,744581650,4,3,451075
al2206,20220218,20220218,133008000,13:30:10,22550,6599,36653,744581650,0,0,0
al2206,20220218,20220218,133009500,13:30:10,22545,6643,36672,749541875,44,19,4960225
al2206,20220218,20220218,133010000,13:30:11,22545,6643,36672,749541875,0,0,0
al2206,20220218,20220218,133010500,13:30:12,22545,6644,36672,749654600,1,0,112725
al2206,20220218,20220218,133011000,13:30:13,22545,6644,36672,749654600,0,0,0
al2206,20220218,20220218,133011500,13:30:13,22545,6644,36672,749654600,0,0,0
al2206,20220218,20220218,133012500,13:30:13,22545,6644,36672,749654600,0,0,0
al2206,20220218,20220218,133013000,13:30:14,22545,6644,36672,749654600,0,0,0
al2206,20220218,20220218,133013500,13:30:14,22545,6644,36672,749654600,0,0,0
al2206,20220218,20220218,133014000,13:30:15,22545,6644,36672,749654600,0,0,0
al2206,20220218,20220218,133015000,13:30:17,22545,6644,36672,749654600,0,0,0
al2206,20220218,20220218,133016500,13:30:18,22545,6644,36672,749654600,0,0,0
al2206,20220218,20220218,133018500,13:30:20,22545,6644,36672,749654600,0,0,0
al2206,20220218,20220218,133019000,13:30:20,22545,6644,36672,749654600,0,0,0
al2206,20220218,20220218,133019500,13:30:20,22545,6644,36672,749654600,0,0,0
al2206,20220218,20220218,133020000,13:30:21,22545,6645,36671,749767325,1,-1,112725
al2206,20220218,20220218,133020500,13:30:21,22550,6646,36671,749880075,1,0,112750
al2206,20220218,20220218,133021500,13:30:22,22550,6647,36671,749992825,1,0,112750
al2206,20220218,20220218,133022000,13:30:38,22550,6648,36671,750105575,1,0,112750
al2206,20220218,20220218,133022500,13:30:38,22550,6649,36671,750218325,1,0,112750
al2206,20220218,20220218,133023000,13:30:38,22550,6649,36671,750218325,0,0,0
al2206,20220218,20220218,133038000,13:30:40,22545,6656,36666,751007600,7,-5,789275
al2206,20220218,20220218,133040500,13:30:42,22545,6656,36666,751007600,0,0,0
al2206,20220218,20220218,133041000,13:30:43,22545,6656,36666,751007600,0,0,0
al2206,20220218,20220218,133041500,13:30:43,22545,6656,36666,751007600,0,0,0
al2206,20220218,20220218,133042000,13:30:44,22545,6656,36666,751007600,0,0,0
al2206,20220218,20220218,133043000,13:30:44,22545,6656,36666,751007600,0,0,0
al2206,20220218,20220218,133044000,13:30:46,22545,6656,36666,751007600,0,0,0
al2206,20220218,20220218,133046500,13:30:47,22545,6656,36666,751007600,0,0,0
al2206,20220218,20220218,133047000,13:30:47,22545,6656,36666,751007600,0,0,0
al2206,20220218,20220218,133048500,13:30:49,22545,6656,36666,751007600,0,0,0
al2206,20220218,20220218,133056000,13:30:57,22545,6656,36666,751007600,0,0,0
al2206,20220218,20220218,133056500,13:30:57,22545,6656,36666,751007600,0,0,0
al2206,20220218,20220218,133058000,13:30:58,22545,6656,36666,751007600,0,0,0
al2206,20220218,20220218,133058500,13:30:59,22550,6659,36666,751345875,3,0,338275
al2206,20220218,20220218,133059000,13:30:59,22550,6659,36666,751345875,0,0,0
al2206,20220218,20220218,133059500,13:31:00,22550,6659,36666,751345875,0,0,0
al2206,20220218,20220218,133100000,13:31:00,22550,6659,36666,751345875,0,0,0
al2206,20220218,20220218,133100500,13:31:00,22555,6667,36664,752248075,8,-2,902200
al2206,20220218,20220218,133101000,13:31:01,22555,6667,36664,752248075,0,0,0
al2206,20220218,20220218,133101500,13:31:01,22555,6667,36664,752248075,0,0,0
al2206,20220218,20220218,133102000,13:31:02,22555,6667,36664,752248075,0,0,0
al2206,20220218,20220218,133102500,13:31:03,22555,6667,36664,752248075,0,0,0
al2206,20220218,20220218,133103000,13:31:03,22555,6667,36664,752248075,0,0,0
al2206,20220218,20220218,133104000,13:31:06,22555,6667,36664,752248075,0,0,0
al2206,20220218,20220218,133104500,13:31:07,22555,6667,36664,752248075,0,0,0
al2206,20220218,20220218,133105500,13:31:07,22555,6667,36664,752248075,0,0,0
al2206,20220218,20220218,133107000,13:31:08,22555,6667,36664,752248075,0,0,0
al2206,20220218,20220218,133107500,13:31:09,22555,6667,36664,752248075,0,0,0
al2206,20220218,20220218,133108000,13:31:09,22555,6667,36664,752248075,0,0,0
al2206,20220218,20220218,133109000,13:31:09,22555,6667,36664,752248075,0,0,0
al2206,20220218,20220218,133109500,13:31:10,22555,6667,36664,752248075,0,0,0
al2206,20220218,20220218,133110000,13:31:11,22550,6669,36664,752473575,2,0,225500
al2206,20220218,20220218,133110500,13:31:11,22550,6670,36664,752586325,1,0,112750
al2206,20220218,20220218,133111000,13:31:11,22550,6670,36664,752586325,0,0,0
al2206,20220218,20220218,133111500,13:31:12,22550,6675,36664,753150075,5,0,563750
al2206,20220218,20220218,133113000,13:31:13,22550,6675,36664,753150075,0,0,0
al2206,20220218,20220218,133113500,13:31:14,22550,6675,36664,753150075,0,0,0
al2206,20220218,20220218,133114000,13:31:15,22550,6675,36664,753150075,0,0,0
al2206,20220218,20220218,133114500,13:31:15,22550,6675,36664,753150075,0,0,0
al2206,20220218,20220218,133115000,13:31:15,22550,6675,36664,753150075,0,0,0
al2206,20220218,20220218,133117500,13:31:18,22550,6675,36664,753150075,0,0,0
al2206,20220218,20220218,133124500,13:31:25,22550,6675,36664,753150075,0,0,0
al2206,20220218,20220218,133155000,13:31:55,22550,6675,36664,753150075,0,0,0
al2206,20220218,20220218,133158000,13:31:58,22550,6675,36664,753150075,0,0,0
al2206,20220218,20220218,133158500,13:31:58,22550,6675,36664,753150075,0,0,0
al2206,20220218,20220218,133159000,13:31:59,22550,6675,36664,753150075,0,0,0
al2206,20220218,20220218,133159500,13:32:00,22550,6675,36664,753150075,0,0,0
al2206,20220218,20220218,133200000,13:32:00,22550,6675,36664,753150075,0,0,0
al2206,20220218,20220218,133200500,13:32:01,22550,6675,36664,753150075,0,0,0
al2206,20220218,20220218,133201500,13:32:01,22550,6675,36664,753150075,0,0,0
al2206,20220218,20220218,133206500,13:32:07,22550,6675,36664,753150075,0,0,0
al2206,20220218,20220218,133208000,13:32:09,22550,6675,36664,753150075,0,0,0
al2206,20220218,20220218,133208500,13:32:10,22550,6675,36664,753150075,0,0,0
al2206,20220218,20220218,133209000,13:32:10,22550,6675,36664,753150075,0,0,0
al2206,20220218,20220218,133210500,13:32:13,22540,6684,36664,754164700,9,0,1014625
al2206,20220218,20220218,133211000,13:32:14,22540,6684,36664,754164700,0,0,0
al2206,20220218,20220218,133213000,13:32:15,22540,6684,36664,754164700,0,0,0
al2206,20220218,20220218,133213500,13:32:15,22540,6684,36664,754164700,0,0,0
al2206,20220218,20220218,133214000,13:32:15,22535,6685,36664,754277375,1,0,112675
al2206,20220218,20220218,133214500,13:32:16,22535,6685,36664,754277375,0,0,0
al2206,20220218,20220218,133215000,13:32:16,22535,6685,36664,754277375,0,0,0
al2206,20220218,20220218,133215500,13:32:16,22535,6686,36665,754390050,1,1,112675
al2206,20220218,20220218,133216000,13:32:17,22535,6686,36665,754390050,0,0,0
al2206,20220218,20220218,133216500,13:32:17,22530,6689,36664,754728000,3,-1,337950
al2206,20220218,20220218,133217000,13:32:17,22530,6689,36664,754728000,0,0,0
al2206,20220218,20220218,133217500,13:32:18,22530,6689,36664,754728000,0,0,0
al2206,20220218,20220218,133218000,13:32:18,22530,6690,36664,754840650,1,0,112650
al2206,20220218,20220218,133218500,13:32:19,22530,6690,36664,754840650,0,0,0
al2206,20220218,20220218,133219000,13:32:19,22530,6690,36664,754840650,0,0,0
al2206,20220218,20220218,133219500,13:32:20,22530,6690,36664,754840650,0,0,0
al2206,20220218,20220218,133220000,13:32:20,22530,6690,36664,754840650,0,0,0
al2206,20220218,20220218,133220500,13:32:21,22530,6690,36664,754840650,0,0,0
al2206,20220218,20220218,133221000,13:32:21,22530,6690,36664,754840650,0,0,0
al2206,20220218,20220218,133221500,13:32:22,22530,6691,36663,754953300,1,-1,112650
al2206,20220218,20220218,133222000,13:32:22,22530,6691,36663,754953300,0,0,0
al2206,20220218,20220218,133222500,13:32:23,22530,6691,36663,754953300,0,0,0
al2206,20220218,20220218,133223000,13:32:24,22530,6691,36663,754953300,0,0,0
al2206,20220218,20220218,133223500,13:32:24,22530,6691,36663,754953300,0,0,0
al2206,20220218,20220218,133224000,13:32:24,22530,6691,36663,754953300,0,0,0
al2206,20220218,20220218,133224500,13:32:25,22530,6691,36663,754953300,0,0,0
al2206,20220218,20220218,133225000,13:32:25,22530,6691,36663,754953300,0,0,0
al2206,20220218,20220218,133225500,13:32:25,22530,6691,36663,754953300,0,0,0
al2206,20220218,20220218,133226000,13:32:27,22530,6691,36663,754953300,0,0,0
al2206,20220218,20220218,133226500,13:32:27,22530,6691,36663,754953300,0,0,0
al2206,20220218,20220218,133227000,13:32:27,22530,6691,36663,754953300,0,0,0
al2206,20220218,20220218,133227500,13:32:28,22530,6691,36663,754953300,0,0,0
al2206,20220218,20220218,133228000,13:32:32,22530,6691,36663,754953300,0,0,0
al2206,20220218,20220218,133228500,13:32:32,22530,6691,36663,754953300,0,0,0
al2206,20220218,20220218,133229000,13:32:33,22535,6692,36663,755065975,1,0,112675
al2206,20220218,20220218,133232000,13:32:35,22535,6692,36663,755065975,0,0,0
al2206,20220218,20220218,133232500,13:32:35,22535,6692,36663,755065975,0,0,0
al2206,20220218,20220218,133234500,13:32:35,22535,6692,36663,755065975,0,0,0
al2206,20220218,20220218,133238500,13:32:39,22535,6692,36663,755065975,0,0,0
al2206,20220218,20220218,133240500,13:32:40,22535,6692,36663,755065975,0,0,0
al2206,20220218,20220218,133246000,13:32:47,22530,6697,36668,755629225,5,5,563250
al2206,20220218,20220218,133246500,13:32:47,22530,6697,36668,755629225,0,0,0
al2206,20220218,20220218,133247000,13:32:47,22530,6697,36668,755629225,0,0,0
al2206,20220218,20220218,133247500,13:32:48,22525,6698,36668,755741850,1,0,112625
al2206,20220218,20220218,133248000,13:32:48,22525,6698,36668,755741850,0,0,0
al2206,20220218,20220218,133248500,13:32:49,22525,6699,36667,755854475,1,-1,112625
al2206,20220218,20220218,133249000,13:32:49,22525,6699,36667,755854475,0,0,0
al2206,20220218,20220218,133249500,13:32:50,22530,6700,36667,755967125,1,0,112650
al2206,20220218,20220218,133251500,13:32:53,22530,6700,36667,755967125,0,0,0
al2206,20220218,20220218,133255000,13:32:55,22530,6704,36665,756417725,4,-2,450600
al2206,20220218,20220218,133255500,13:32:55,22530,6704,36665,756417725,0,0,0
al2206,20220218,20220218,133256000,13:32:56,22530,6704,36665,756417725,0,0,0
al2206,20220218,20220218,133256500,13:32:56,22530,6704,36665,756417725,0,0,0
al2206,20220218,20220218,133258000,13:33:00,22530,6704,36665,756417725,0,0,0
al2206,20220218,20220218,133258500,13:33:00,22530,6704,36665,756417725,0,0,0
al2206,20220218,20220218,133259500,13:33:01,22530,6704,36665,756417725,0,0,0
al2206,20220218,20220218,133300000,13:33:01,22530,6704,36665,756417725,0,0,0
al2206,20220218,20220218,133300500,13:33:01,22530,6704,36665,756417725,0,0,0
al2206,20220218,20220218,133302500,13:33:03,22530,6704,36665,756417725,0,0,0
al2206,20220218,20220218,133304500,13:33:05,22530,6704,36665,756417725,0,0,0
al2206,20220218,20220218,133305000,13:33:05,22530,6704,36665,756417725,0,0,0
al2206,20220218,20220218,133305500,13:33:05,22530,6704,36665,756417725,0,0,0
al2206,20220218,20220218,133306000,13:33:06,22530,6704,36665,756417725,0,0,0
al2206,20220218,20220218,133306500,13:33:06,22530,6704,36665,756417725,0,0,0
al2206,20220218,20220218,133310000,13:33:11,22530,6704,36665,756417725,0,0,0
al2206,20220218,20220218,133310500,13:33:12,22535,6705,36666,756530400,1,1,112675
al2206,20220218,20220218,133311000,13:33:13,22535,6705,36666,756530400,0,0,0
al2206,20220218,20220218,133311500,13:33:14,22535,6705,36666,756530400,0,0,0
al2206,20220218,20220218,133313500,13:33:15,22535,6705,36666,756530400,0,0,0
al2206,20220218,20220218,133314000,13:33:17,22535,6705,36666,756530400,0,0,0
al2206,20220218,20220218,133315000,13:33:18,22535,6705,36666,756530400,0,0,0
al2206,20220218,20220218,133318000,13:33:19,22535,6705,36666,756530400,0,0,0
al2206,20220218,20220218,133318500,13:33:19,22535,6705,36666,756530400,0,0,0
al2206,20220218,20220218,133319500,13:33:20,22535,6705,36666,756530400,0,0,0
al2206,20220218,20220218,133320000,13:33:21,22535,6705,36666,756530400,0,0,0
al2206,20220218,20220218,133322000,13:33:22,22535,6705,36666,756530400,0,0,0
al2206,20220218,20220218,133323000,13:33:23,22535,6705,36666,756530400,0,0,0
al2206,20220218,20220218,133326000,13:33:27,22535,6711,36666,757206450,6,0,676050
al2206,20220218,20220218,133326500,13:33:29,22535,6714,36669,757544475,3,3,338025
al2206,20220218,20220218,133327000,13:33:29,22530,6717,36671,757882475,3,2,338000
al2206,20220218,20220218,133327500,13:33:29,22530,6717,36671,757882475,0,0,0
al2206,20220218,20220218,133328000,13:33:30,22530,6717,36671,757882475,0,0,0
al2206,20220218,20220218,133329000,13:33:30,22530,6717,36671,757882475,0,0,0
al2206,20220218,20220218,133329500,13:33:30,22530,6717,36671,757882475,0,0,0
al2206,20220218,20220218,133330000,13:33:30,22530,6717,36671,757882475,0,0,0
al2206,20220218,20220218,133330500,13:33:31,22530,6717,36671,757882475,0,0,0
al2206,20220218,20220218,133331500,13:33:32,22530,6717,36671,757882475,0,0,0
al2206,20220218,20220218,133332000,13:33:32,22530,6717,36671,757882475,0,0,0
al2206,20220218,20220218,133335500,13:33:35,22530,6717,36671,757882475,0,0,0
al2206,20220218,20220218,133336500,13:33:36,22530,6717,36671,757882475,0,0,0
al2206,20220218,20220218,133337500,13:33:37,22535,6719,36671,758107825,2,0,225350
al2206,20220218,20220218,133338000,13:33:38,22535,6719,36671,758107825,0,0,0
al2206,20220218,20220218,133338500,13:33:39,22535,6719,36671,758107825,0,0,0
al2206,20220218,20220218,133339000,13:33:39,22540,6726,36675,758896725,7,4,788900
al2206,20220218,20220218,133339500,13:33:40,22540,6726,36675,758896725,0,0,0
al2206,20220218,20220218,133340000,13:33:40,22540,6726,36675,758896725,0,0,0
al2206,20220218,20220218,133341000,13:33:41,22540,6726,36675,758896725,0,0,0
al2206,20220218,20220218,133341500,13:33:42,22540,6726,36675,758896725,0,0,0
al2206,20220218,20220218,133344000,13:33:44,22540,6726,36675,758896725,0,0,0
al2206,20220218,20220218,133347500,13:33:49,22540,6726,36675,758896725,0,0,0
al2206,20220218,20220218,133348000,13:33:49,22540,6726,36675,758896725,0,0,0
al2206,20220218,20220218,133349000,13:33:50,22540,6726,36675,758896725,0,0,0
al2206,20220218,20220218,133353500,13:33:53,22540,6726,36675,758896725,0,0,0
al2206,20220218,20220218,133354000,13:33:54,22540,6726,36675,758896725,0,0,0
al2206,20220218,20220218,133354500,13:33:55,22540,6726,36675,758896725,0,0,0
al2206,20220218,20220218,133355000,13:33:56,22540,6726,36675,758896725,0,0,0
al2206,20220218,20220218,133355500,13:33:56,22540,6726,36675,758896725,0,0,0
al2206,20220218,20220218,133356000,13:33:56,22540,6726,36675,758896725,0,0,0
al2206,20220218,20220218,133356500,13:33:57,22540,6726,36675,758896725,0,0,0
al2206,20220218,20220218,133357000,13:33:57,22540,6726,36675,758896725,0,0,0
al2206,20220218,20220218,133358500,13:33:58,22540,6726,36675,758896725,0,0,0
al2206,20220218,20220218,133359000,13:33:59,22540,6726,36675,758896725,0,0,0
al2206,20220218,20220218,133359500,13:33:59,22540,6726,36675,758896725,0,0,0
al2206,20220218,20220218,133400000,13:34:00,22540,6726,36675,758896725,0,0,0
al2206,20220218,20220218,133400500,13:34:00,22540,6726,36675,758896725,0,0,0
al2206,20220218,20220218,133401000,13:34:01,22540,6726,36675,758896725,0,0,0
al2206,20220218,20220218,133402000,13:34:10,22540,6726,36675,758896725,0,0,0
al2206,20220218,20220218,133409000,13:34:12,22540,6726,36675,758896725,0,0,0
al2206,20220218,20220218,133414000,13:34:14,22540,6726,36675,758896725,0,0,0
al2206,20220218,20220218,133414500,13:34:15,22540,6726,36675,758896725,0,0,0
al2206,20220218,20220218,133415000,13:34:15,22540,6726,36675,758896725,0,0,0
al2206,20220218,20220218,133415500,13:34:16,22540,6726,36675,758896725,0,0,0
al2206,20220218,20220218,133419000,13:34:19,22535,6732,36675,759572775,6,0,676050
al2206,20220218,20220218,133419500,13:34:20,22535,6734,36675,759798125,2,0,225350
al2206,20220218,20220218,133420000,13:34:20,22535,6734,36675,759798125,0,0,0
al2206,20220218,20220218,133420500,13:34:23,22535,6734,36675,759798125,0,0,0
al2206,20220218,20220218,133421000,13:34:23,22535,6734,36675,759798125,0,0,0
al2206,20220218,20220218,133423500,13:34:24,22535,6734,36675,759798125,0,0,0
al2206,20220218,20220218,133424000,13:34:24,22535,6734,36675,759798125,0,0,0
al2206,20220218,20220218,133426000,13:34:26,22535,6734,36675,759798125,0,0,0
al2206,20220218,20220218,133426500,13:34:26,22535,6734,36675,759798125,0,0,0
al2206,20220218,20220218,133427000,13:34:27,22535,6734,36675,759798125,0,0,0
al2206,20220218,20220218,133428000,13:34:28,22535,6734,36675,759798125,0,0,0
al2206,20220218,20220218,133428500,13:34:29,22535,6734,36675,759798125,0,0,0
al2206,20220218,20220218,133432000,13:34:32,22535,6734,36675,759798125,0,0,0
al2206,20220218,20220218,133433500,13:34:34,22535,6734,36675,759798125,0,0,0
al2206,20220218,20220218,133434500,13:34:35,22535,6734,36675,759798125,0,0,0
al2206,20220218,20220218,133435500,13:34:36,22535,6734,36675,759798125,0,0,0
al2206,20220218,20220218,133436000,13:34:36,22535,6734,36675,759798125,0,0,0
al2206,20220218,20220218,133436500,13:34:36,22535,6734,36675,759798125,0,0,0
al2206,20220218,20220218,133437000,13:34:37,22535,6734,36675,759798125,0,0,0
al2206,20220218,20220218,133437500,13:34:38,22535,6734,36675,759798125,0,0,0
al2206,20220218,20220218,133438000,13:34:38,22535,6734,36675,759798125,0,0,0
al2206,20220218,20220218,133439000,13:34:39,22535,6734,36675,759798125,0,0,0
al2206,20220218,20220218,133440500,13:34:41,22535,6734,36675,759798125,0,0,0
al2206,20220218,20220218,133441500,13:34:42,22535,6734,36675,759798125,0,0,0
al2206,20220218,20220218,133442000,13:34:44,22535,6734,36675,759798125,0,0,0
al2206,20220218,20220218,133442500,13:34:44,22535,6734,36675,759798125,0,0,0
al2206,20220218,20220218,133443000,13:34:45,22535,6734,36675,759798125,0,0,0
al2206,20220218,20220218,133445500,13:34:46,22535,6734,36675,759798125,0,0,0
al2206,20220218,20220218,133448000,13:34:48,22535,6734,36675,759798125,0,0,0
al2206,20220218,20220218,133448500,13:34:49,22535,6734,36675,759798125,0,0,0
al2206,20220218,20220218,133449000,13:34:49,22535,6734,36675,759798125,0,0,0
al2206,20220218,20220218,133450000,13:34:51,22535,6734,36675,759798125,0,0,0
al2206,20220218,20220218,133450500,13:34:51,22535,6734,36675,759798125,0,0,0
al2206,20220218,20220218,133451000,13:34:51,22535,6734,36675,759798125,0,0,0
al2206,20220218,20220218,133452500,13:34:53,22535,6734,36675,759798125,0,0,0
al2206,20220218,20220218,133453000,13:34:53,22535,6734,36675,759798125,0,0,0
al2206,20220218,20220218,133453500,13:34:55,22535,6734,36675,759798125,0,0,0
al2206,20220218,20220218,133454000,13:34:56,22535,6734,36675,759798125,0,0,0
al2206,20220218,20220218,133454500,13:34:56,22535,6734,36675,759798125,0,0,0
al2206,20220218,20220218,133455000,13:34:56,22535,6734,36675,759798125,0,0,0
al2206,20220218,20220218,133455500,13:34:56,22530,6737,36676,760136075,3,1,337950
al2206,20220218,20220218,133456000,13:34:57,22530,6737,36676,760136075,0,0,0
al2206,20220218,20220218,133456500,13:34:57,22530,6737,36676,760136075,0,0,0
al2206,20220218,20220218,133459000,13:34:59,22530,6737,36676,760136075,0,0,0
al2206,20220218,20220218,133500500,13:35:00,22530,6737,36676,760136075,0,0,0
al2206,20220218,20220218,133501500,13:35:05,22530,6737,36676,760136075,0,0,0
al2206,20220218,20220218,133504500,13:35:10,22530,6737,36676,760136075,0,0,0
al2206,20220218,20220218,133505000,13:35:10,22530,6737,36676,760136075,0,0,0
al2206,20220218,20220218,133508000,13:35:10,22530,6737,36676,760136075,0,0,0
al2206,20220218,20220218,133513000,13:35:13,22530,6737,36676,760136075,0,0,0
al2206,20220218,20220218,133513500,13:35:14,22530,6737,36676,760136075,0,0,0
al2206,20220218,20220218,133514000,13:35:14,22530,6737,36676,760136075,0,0,0
al2206,20220218,20220218,133514500,13:35:14,22530,6737,36676,760136075,0,0,0
al2206,20220218,20220218,133515000,13:35:15,22530,6737,36676,760136075,0,0,0
al2206,20220218,20220218,133515500,13:35:16,22530,6737,36676,760136075,0,0,0
al2206,20220218,20220218,133516500,13:35:16,22530,6737,36676,760136075,0,0,0
al2206,20220218,20220218,133517000,13:35:17,22530,6737,36676,760136075,0,0,0
al2206,20220218,20220218,133517500,13:35:18,22530,6737,36676,760136075,0,0,0
al2206,20220218,20220218,133519500,13:35:20,22530,6737,36676,760136075,0,0,0
al2206,20220218,20220218,133520000,13:35:20,22530,6737,36676,760136075,0,0,0
al2206,20220218,20220218,133520500,13:35:21,22530,6737,36676,760136075,0,0,0
al2206,20220218,20220218,133521000,13:35:21,22530,6737,36676,760136075,0,0,0
al2206,20220218,20220218,133522500,13:35:23,22540,6738,36677,760248775,1,1,112700
al2206,20220218,20220218,133523000,13:35:23,22545,6739,36676,760361500,1,-1,112725
al2206,20220218,20220218,133523500,13:35:23,22545,6739,36676,760361500,0,0,0
al2206,20220218,20220218,133524000,13:35:25,22545,6739,36676,760361500,0,0,0
al2206,20220218,20220218,133524500,13:35:25,22545,6739,36676,760361500,0,0,0
al2206,20220218,20220218,133525000,13:35:25,22545,6743,36680,760812400,4,4,450900
al2206,20220218,20220218,133525500,13:35:26,22545,6743,36680,760812400,0,0,0
al2206,20220218,20220218,133526000,13:35:26,22545,6743,36680,760812400,0,0,0
al2206,20220218,20220218,133526500,13:35:27,22545,6743,36680,760812400,0,0,0
al2206,20220218,20220218,133527000,13:35:27,22545,6744,36679,760925125,1,-1,112725
al2206,20220218,20220218,133527500,13:35:31,22545,6744,36679,760925125,0,0,0
al2206,20220218,20220218,133528000,13:35:31,22545,6744,36679,760925125,0,0,0
al2206,20220218,20220218,133530500,13:35:33,22545,6744,36679,760925125,0,0,0
al2206,20220218,20220218,133539500,13:35:43,22545,6744,36679,760925125,0,0,0
al2206,20220218,20220218,133543500,13:35:44,22545,6744,36679,760925125,0,0,0
al2206,20220218,20220218,133544500,13:35:45,22545,6744,36679,760925125,0,0,0
al2206,20220218,20220218,133545000,13:35:46,22545,6744,36679,760925125,0,0,0
al2206,20220218,20220218,133546000,13:35:46,22545,6746,36681,761150575,2,2,225450
al2206,20220218,20220218,133546500,13:35:46,22545,6746,36681,761150575,0,0,0
al2206,20220218,20220218,133551000,13:35:51,22545,6752,36687,761826925,6,6,676350
al2206,20220218,20220218,133551500,13:35:51,22545,6752,36687,761826925,0,0,0
al2206,20220218,20220218,133552000,13:35:52,22545,6752,36687,761826925,0,0,0
al2206,20220218,20220218,133554500,13:35:55,22545,6752,36687,761826925,0,0,0
al2206,20220218,20220218,133555500,13:35:56,22545,6752,36687,761826925,0,0,0
al2206,20220218,20220218,133556000,13:35:56,22545,6752,36687,761826925,0,0,0
al2206,20220218,20220218,133556500,13:35:57,22545,6752,36687,761826925,0,0,0
al2206,20220218,20220218,133558500,13:36:02,22545,6752,36687,761826925,0,0,0
al2206,20220218,20220218,133559500,13:36:03,22545,6752,36687,761826925,0,0,0
al2206,20220218,20220218,133601000,13:36:03,22545,6752,36687,761826925,0,0,0
al2206,20220218,20220218,133602500,13:36:03,22540,6761,36691,762841200,9,4,1014275
al2206,20220218,20220218,133603000,13:36:05,22540,6761,36691,762841200,0,0,0
al2206,20220218,20220218,133603500,13:36:05,22540,6761,36691,762841200,0,0,0
al2206,20220218,20220218,133604000,13:36:06,22535,6762,36691,762953875,1,0,112675
al2206,20220218,20220218,133605000,13:36:06,22535,6762,36691,762953875,0,0,0
al2206,20220218,20220218,133605500,13:36:07,22535,6762,36691,762953875,0,0,0
al2206,20220218,20220218,133608000,13:36:08,22535,6762,36691,762953875,0,0,0
al2206,20220218,20220218,133608500,13:36:08,22530,6763,36690,763066525,1,-1,112650
al2206,20220218,20220218,133609000,13:36:09,22530,6763,36690,763066525,0,0,0
al2206,20220218,20220218,133609500,13:36:10,22530,6764,36689,763179175,1,-1,112650
al2206,20220218,20220218,133610000,13:36:10,22530,6764,36689,763179175,0,0,0
al2206,20220218,20220218,133610500,13:36:11,22530,6764,36689,763179175,0,0,0
al2206,20220218,20220218,133611500,13:36:12,22530,6764,36689,763179175,0,0,0
al2206,20220218,20220218,133612000,13:36:12,22530,6764,36689,763179175,0,0,0
al2206,20220218,20220218,133612500,13:36:12,22530,6764,36689,763179175,0,0,0
al2206,20220218,20220218,133613000,13:36:13,22525,6767,36687,763517050,3,-2,337875
al2206,20220218,20220218,133613500,13:36:14,22525,6769,36687,763742300,2,0,225250
al2206,20220218,20220218,133614000,13:36:14,22530,6770,36687,763854950,1,0,112650
al2206,20220218,20220218,133614500,13:36:14,22530,6770,36687,763854950,0,0,0
al2206,20220218,20220218,133615000,13:36:15,22530,6770,36687,763854950,0,0,0
al2206,20220218,20220218,133615500,13:36:15,22530,6770,36687,763854950,0,0,0
al2206,20220218,20220218,133616000,13:36:16,22530,6770,36687,763854950,0,0,0
al2206,20220218,20220218,133618500,13:36:19,22525,6776,36687,764530700,6,0,675750
al2206,20220218,20220218,133619000,13:36:19,22525,6776,36687,764530700,0,0,0
al2206,20220218,20220218,133619500,13:36:19,22530,6778,36689,764756000,2,2,225300
al2206,20220218,20220218,133620000,13:36:20,22530,6778,36689,764756000,0,0,0
al2206,20220218,20220218,133621000,13:36:21,22530,6779,36689,764868650,1,0,112650
al2206,20220218,20220218,133621500,13:36:21,22530,6779,36689,764868650,0,0,0
al2206,20220218,20220218,133622500,13:36:22,22530,6779,36689,764868650,0,0,0
al2206,20220218,20220218,133623000,13:36:23,22530,6782,36687,765206600,3,-2,337950
al2206,20220218,20220218,133625000,13:36:25,22530,6782,36687,765206600,0,0,0
al2206,20220218,20220218,133625500,13:36:26,22530,6782,36687,765206600,0,0,0
al2206,20220218,20220218,133626000,13:36:26,22530,6782,36687,765206600,0,0,0
al2206,20220218,20220218,133626500,13:36:27,22530,6782,36687,765206600,0,0,0
al2206,20220218,20220218,133627000,13:36:28,22530,6782,36687,765206600,0,0,0
al2206,20220218,20220218,133627500,13:36:28,22530,6782,36687,765206600,0,0,0
al2206,20220218,20220218,133628500,13:36:29,22530,6782,36687,765206600,0,0,0
al2206,20220218,20220218,133629000,13:36:29,22530,6782,36687,765206600,0,0,0
al2206,20220218,20220218,133629500,13:36:30,22530,6782,36687,765206600,0,0,0
al2206,20220218,20220218,133630000,13:36:30,22530,6783,36687,765319250,1,0,112650
al2206,20220218,20220218,133630500,13:36:31,22530,6785,36685,765544550,2,-2,225300
al2206,20220218,20220218,133632500,13:36:32,22530,6785,36685,765544550,0,0,0
al2206,20220218,20220218,133633000,13:36:33,22530,6785,36685,765544550,0,0,0
al2206,20220218,20220218,133634500,13:36:35,22530,6785,36685,765544550,0,0,0
al2206,20220218,20220218,133635000,13:36:35,22530,6785,36685,765544550,0,0,0
al2206,20220218,20220218,133636000,13:36:36,22530,6787,36683,765769850,2,-2,225300
al2206,20220218,20220218,133636500,13:36:36,22530,6787,36683,765769850,0,0,0
al2206,20220218,20220218,133637000,13:36:38,22530,6787,36683,765769850,0,0,0
al2206,20220218,20220218,133637500,13:36:38,22530,6787,36683,765769850,0,0,0
al2206,20220218,20220218,133638000,13:36:38,22530,6788,36682,765882500,1,-1,112650
al2206,20220218,20220218,133639000,13:36:39,22530,6788,36682,765882500,0,0,0
al2206,20220218,20220218,133639500,13:36:39,22530,6790,36680,766107800,2,-2,225300
al2206,20220218,20220218,133640000,13:36:40,22530,6793,36680,766445750,3,0,337950
al2206,20220218,20220218,133640500,13:36:40,22530,6793,36680,766445750,0,0,0
al2206,20220218,20220218,133641000,13:36:41,22530,6793,36680,766445750,0,0,0
al2206,20220218,20220218,133641500,13:36:41,22530,6793,36680,766445750,0,0,0
al2206,20220218,20220218,133642000,13:36:42,22530,6793,36680,766445750,0,0,0
al2206,20220218,20220218,133642500,13:36:43,22530,6793,36680,766445750,0,0,0
al2206,20220218,20220218,133643000,13:36:43,22530,6794,36680,766558400,1,0,112650
al2206,20220218,20220218,133644500,13:36:44,22530,6794,36680,766558400,0,0,0
al2206,20220218,20220218,133646000,13:36:46,22530,6794,36680,766558400,0,0,0
al2206,20220218,20220218,133646500,13:36:46,22530,6794,36680,766558400,0,0,0
al2206,20220218,20220218,133648500,13:36:48,22530,6794,36680,766558400,0,0,0
al2206,20220218,20220218,133649000,13:36:49,22530,6794,36680,766558400,0,0,0
al2206,20220218,20220218,133649500,13:36:49,22530,6794,36680,766558400,0,0,0
al2206,20220218,20220218,133650000,13:36:50,22530,6794,36680,766558400,0,0,0
al2206,20220218,20220218,133650500,13:36:50,22530,6797,36680,766896350,3,0,337950
al2206,20220218,20220218,133651000,13:36:51,22530,6797,36680,766896350,0,0,0
al2206,20220218,20220218,133651500,13:36:51,22530,6798,36681,767009000,1,1,112650
al2206,20220218,20220218,133652000,13:36:52,22530,6800,36681,767234300,2,0,225300
al2206,20220218,20220218,133652500,13:36:53,22530,6800,36681,767234300,0,0,0
al2206,20220218,20220218,133659000,13:36:59,22530,6800,36681,767234300,0,0,0
al2206,20220218,20220218,133659500,13:36:59,22530,6800,36681,767234300,0,0,0
al2206,20220218,20220218,133700500,13:37:00,22530,6800,36681,767234300,0,0,0
al2206,20220218,20220218,133701000,13:37:01,22530,6802,36681,767459600,2,0,225300
al2206,20220218,20220218,133701500,13:37:02,22530,6802,36681,767459600,0,0,0
al2206,20220218,20220218,133702000,13:37:02,22530,6802,36681,767459600,0,0,0
al2206,20220218,20220218,133702500,13:37:03,22535,6803,36680,767572275,1,-1,112675
al2206,20220218,20220218,133703000,13:37:03,22535,6803,36680,767572275,0,0,0
al2206,20220218,20220218,133703500,13:37:03,22535,6803,36680,767572275,0,0,0
al2206,20220218,20220218,133704000,13:37:04,22535,6803,36680,767572275,0,0,0
al2206,20220218,20220218,133705000,13:37:05,22535,6804,36680,767684950,1,0,112675
al2206,20220218,20220218,133706000,13:37:08,22535,6804,36680,767684950,0,0,0
al2206,20220218,20220218,133707000,13:37:08,22535,6805,36679,767797625,1,-1,112675
al2206,20220218,20220218,133713000,13:37:13,22535,6806,36678,767910300,1,-1,112675
al2206,20220218,20220218,133713500,13:37:14,22530,6808,36678,768135600,2,0,225300
al2206,20220218,20220218,133714000,13:37:14,22530,6808,36678,768135600,0,0,0
al2206,20220218,20220218,133714500,13:37:15,22530,6808,36678,768135600,0,0,0
al2206,20220218,20220218,133716000,13:37:16,22530,6808,36678,768135600,0,0,0
al2206,20220218,20220218,133716500,13:37:17,22530,6808,36678,768135600,0,0,0
al2206,20220218,20220218,133717000,13:37:17,22530,6808,36678,768135600,0,0,0
al2206,20220218,20220218,133717500,13:37:18,22530,6808,36678,768135600,0,0,0
al2206,20220218,20220218,133718500,13:37:19,22530,6808,36678,768135600,0,0,0
al2206,20220218,20220218,133719000,13:37:19,22530,6808,36678,768135600,0,0,0
al2206,20220218,20220218,133723000,13:37:23,22530,6808,36678,768135600,0,0,0
al2206,20220218,20220218,133725000,13:37:25,22530,6808,36678,768135600,0,0,0
al2206,20220218,20220218,133725500,13:37:26,22530,6808,36678,768135600,0,0,0
al2206,20220218,20220218,133728000,13:37:28,22530,6808,36678,768135600,0,0,0
al2206,20220218,20220218,133728500,13:37:28,22530,6808,36678,768135600,0,0,0
al2206,20220218,20220218,133729000,13:37:29,22530,6808,36678,768135600,0,0,0
al2206,20220218,20220218,133729500,13:37:30,22530,6808,36678,768135600,0,0,0
al2206,20220218,20220218,133730000,13:37:30,22530,6808,36678,768135600,0,0,0
al2206,20220218,20220218,133734500,13:37:34,22530,6808,36678,768135600,0,0,0
al2206,20220218,20220218,133735000,13:37:35,22530,6808,36678,768135600,0,0,0
al2206,20220218,20220218,133739000,13:37:39,22530,6808,36678,768135600,0,0,0
al2206,20220218,20220218,133741000,13:37:41,22530,6811,36681,768473550,3,3,337950
al2206,20220218,20220218,133741500,13:37:41,22530,6811,36681,768473550,0,0,0
al2206,20220218,20220218,133742000,13:37:42,22530,6811,36681,768473550,0,0,0
al2206,20220218,20220218,133742500,13:37:43,22530,6811,36681,768473550,0,0,0
al2206,20220218,20220218,133747000,13:37:47,22530,6811,36681,768473550,0,0,0
al2206,20220218,20220218,133751000,13:37:51,22530,6811,36681,768473550,0,0,0
al2206,20220218,20220218,133751500,13:37:52,22530,6811,36681,768473550,0,0,0
al2206,20220218,20220218,133752000,13:37:53,22530,6811,36681,768473550,0,0,0
al2206,20220218,20220218,133753000,13:37:54,22530,6811,36681,768473550,0,0,0
al2206,20220218,20220218,133753500,13:37:54,22530,6811,36681,768473550,0,0,0
al2206,20220218,20220218,133756500,13:37:57,22530,6811,36681,768473550,0,0,0
al2206,20220218,20220218,133757000,13:37:57,22530,6811,36681,768473550,0,0,0
al2206,20220218,20220218,133757500,13:37:58,22530,6811,36681,768473550,0,0,0
al2206,20220218,20220218,133758000,13:37:58,22530,6811,36681,768473550,0,0,0
al2206,20220218,20220218,133759000,13:38:00,22530,6811,36681,768473550,0,0,0
al2206,20220218,20220218,133759500,13:38:00,22530,6811,36681,768473550,0,0,0
al2206,20220218,20220218,133800000,13:38:02,22525,6817,36686,769149300,6,5,675750
al2206,20220218,20220218,133800500,13:38:02,22525,6817,36686,769149300,0,0,0
al2206,20220218,20220218,133801000,13:38:02,22525,6817,36686,769149300,0,0,0
al2206,20220218,20220218,133802000,13:38:03,22525,6817,36686,769149300,0,0,0
al2206,20220218,20220218,133802500,13:38:05,22525,6817,36686,769149300,0,0,0
al2206,20220218,20220218,133803000,13:38:06,22525,6817,36686,769149300,0,0,0
al2206,20220218,20220218,133805000,13:38:06,22525,6817,36686,769149300,0,0,0
al2206,20220218,20220218,133806000,13:38:08,22525,6817,36686,769149300,0,0,0
al2206,20220218,20220218,133806500,13:38:09,22525,6817,36686,769149300,0,0,0
al2206,20220218,20220218,133807000,13:38:09,22525,6817,36686,769149300,0,0,0
al2206,20220218,20220218,133808500,13:38:09,22525,6817,36686,769149300,0,0,0
al2206,20220218,20220218,133810000,13:38:10,22525,6823,36690,769825025,6,4,675725
al2206,20220218,20220218,133810500,13:38:10,22525,6823,36690,769825025,0,0,0
al2206,20220218,20220218,133811000,13:38:11,22525,6823,36690,769825025,0,0,0
al2206,20220218,20220218,133811500,13:38:14,22525,6823,36690,769825025,0,0,0
al2206,20220218,20220218,133812000,13:38:14,22525,6823,36690,769825025,0,0,0
al2206,20220218,20220218,133812500,13:38:14,22525,6823,36690,769825025,0,0,0
al2206,20220218,20220218,133813500,13:38:15,22525,6823,36690,769825025,0,0,0
al2206,20220218,20220218,133814000,13:38:17,22525,6823,36690,769825025,0,0,0
al2206,20220218,20220218,133814500,13:38:17,22525,6826,36690,770162900,3,0,337875
al2206,20220218,20220218,133815000,13:38:17,22525,6826,36690,770162900,0,0,0
al2206,20220218,20220218,133815500,13:38:17,22525,6826,36690,770162900,0,0,0
al2206,20220218,20220218,133817000,13:38:18,22525,6826,36690,770162900,0,0,0
al2206,20220218,20220218,133818000,13:38:18,22525,6826,36690,770162900,0,0,0
al2206,20220218,20220218,133818500,13:38:19,22525,6826,36690,770162900,0,0,0
al2206,20220218,20220218,133819000,13:38:19,22525,6826,36690,770162900,0,0,0
al2206,20220218,20220218,133820500,13:38:22,22525,6826,36690,770162900,0,0,0
al2206,20220218,20220218,133821000,13:38:22,22525,6826,36690,770162900,0,0,0
al2206,20220218,20220218,133821500,13:38:23,22525,6826,36690,770162900,0,0,0
al2206,20220218,20220218,133825000,13:38:41,22525,6826,36690,770162900,0,0,0
al2206,20220218,20220218,133825500,13:38:41,22525,6826,36690,770162900,0,0,0
al2206,20220218,20220218,133840000,13:38:42,22525,6826,36690,770162900,0,0,0
al2206,20220218,20220218,133844000,13:38:44,22525,6826,36690,770162900,0,0,0
al2206,20220218,20220218,133844500,13:38:44,22525,6826,36690,770162900,0,0,0
al2206,20220218,20220218,133845000,13:38:45,22525,6826,36690,770162900,0,0,0
al2206,20220218,20220218,133845500,13:38:45,22525,6826,36690,770162900,0,0,0
al2206,20220218,20220218,133847000,13:38:47,22525,6826,36690,770162900,0,0,0
al2206,20220218,20220218,133849500,13:38:49,22525,6826,36690,770162900,0,0,0
al2206,20220218,20220218,133850500,13:38:50,22525,6839,36685,771627025,13,-5,1464125
al2206,20220218,20220218,133851500,13:38:51,22525,6841,36684,771852275,2,-1,225250
al2206,20220218,20220218,133854500,13:38:54,22525,6841,36684,771852275,0,0,0
al2206,20220218,20220218,133900000,13:39:00,22525,6841,36684,771852275,0,0,0
al2206,20220218,20220218,133910000,13:39:10,22525,6842,36683,771964900,1,-1,112625
al2206,20220218,20220218,133913500,13:39:13,22525,6842,36683,771964900,0,0,0
al2206,20220218,20220218,133914000,13:39:15,22525,6842,36683,771964900,0,0,0
al2206,20220218,20220218,133914500,13:39:16,22520,6853,36694,773203500,11,11,1238600
al2206,20220218,20220218,133936000,13:39:36,22520,6853,36694,773203500,0,0,0
al2206,20220218,20220218,133939000,13:39:39,22520,6853,36694,773203500,0,0,0
al2206,20220218,20220218,133941000,13:39:41,22520,6853,36694,773203500,0,0,0
al2206,20220218,20220218,133943500,13:39:43,22520,6853,36694,773203500,0,0,0
al2206,20220218,20220218,133944500,13:39:44,22520,6853,36694,773203500,0,0,0
al2206,20220218,20220218,133945000,13:39:45,22520,6858,36694,773766500,5,0,563000
al2206,20220218,20220218,133945500,13:39:46,22520,6858,36694,773766500,0,0,0
al2206,20220218,20220218,133946000,13:39:47,22520,6859,36695,773879100,1,1,112600
al2206,20220218,20220218,133946500,13:39:47,22525,6862,36693,774216975,3,-2,337875
al2206,20220218,20220218,133947000,13:39:47,22525,6862,36693,774216975,0,0,0
al2206,20220218,20220218,133948000,13:39:48,22525,6862,36693,774216975,0,0,0
al2206,20220218,20220218,133949000,13:39:49,22525,6862,36693,774216975,0,0,0
al2206,20220218,20220218,133950000,13:39:50,22525,6862,36693,774216975,0,0,0
al2206,20220218,20220218,133951000,13:39:51,22525,6862,36693,774216975,0,0,0
al2206,20220218,20220218,133951500,13:39:51,22525,6862,36693,774216975,0,0,0
al2206,20220218,20220218,133952000,13:39:53,22525,6862,36693,774216975,0,0,0
al2206,20220218,20220218,133953000,13:39:54,22525,6862,36693,774216975,0,0,0
al2206,20220218,20220218,133955000,13:39:55,22525,6862,36693,774216975,0,0,0
al2206,20220218,20220218,133955500,13:39:55,22525,6862,36693,774216975,0,0,0
al2206,20220218,20220218,133956000,13:39:56,22525,6862,36693,774216975,0,0,0
al2206,20220218,20220218,133957500,13:40:13,22525,6862,36693,774216975,0,0,0
al2206,20220218,20220218,133958000,13:40:13,22525,6862,36693,774216975,0,0,0
al2206,20220218,20220218,133958500,13:40:13,22520,6863,36694,774329575,1,1,112600
al2206,20220218,20220218,134012500,13:40:13,22520,6879,36689,776131475,16,-5,1801900
al2206,20220218,20220218,134013000,13:40:13,22520,6881,36689,776356675,2,0,225200
al2206,20220218,20220218,134013500,13:40:13,22520,6883,36689,776581875,2,0,225200
al2206,20220218,20220218,134014000,13:40:14,22520,6888,36689,777144975,5,0,563100
al2206,20220218,20220218,134014500,13:40:15,22520,6888,36689,777144975,0,0,0
al2206,20220218,20220218,134015000,13:40:16,22520,6892,36689,777595375,4,0,450400
al2206,20220218,20220218,134015500,13:40:16,22520,6894,36689,777820575,2,0,225200
al2206,20220218,20220218,134016000,13:40:16,22520,6896,36689,778045775,2,0,225200
al2206,20220218,20220218,134016500,13:40:16,22520,6898,36689,778270975,2,0,225200
al2206,20220218,20220218,134017000,13:40:17,22525,6901,36692,778608850,3,3,337875
al2206,20220218,20220218,134017500,13:40:18,22530,6903,36690,778834150,2,-2,225300
al2206,20220218,20220218,134018000,13:40:19,22530,6904,36689,778946800,1,-1,112650
al2206,20220218,20220218,134018500,13:40:19,22530,6904,36689,778946800,0,0,0
al2206,20220218,20220218,134020000,13:40:20,22530,6905,36688,779059450,1,-1,112650
al2206,20220218,20220218,134020500,13:40:21,22530,6906,36687,779172100,1,-1,112650
al2206,20220218,20220218,134021000,13:40:22,22535,6907,36686,779284775,1,-1,112675
al2206,20220218,20220218,134021500,13:40:22,22535,6907,36686,779284775,0,0,0
al2206,20220218,20220218,134022000,13:40:22,22535,6907,36686,779284775,0,0,0
al2206,20220218,20220218,134022500,13:40:22,22535,6912,36687,779848150,5,1,563375
al2206,20220218,20220218,134023000,13:40:23,22535,6912,36687,779848150,0,0,0
al2206,20220218,20220218,134023500,13:40:24,22535,6914,36687,780073500,2,0,225350
al2206,20220218,20220218,134026000,13:40:26,22535,6914,36687,780073500,0,0,0
al2206,20220218,20220218,134028000,13:40:28,22535,6914,36687,780073500,0,0,0
al2206,20220218,20220218,134029000,13:40:30,22535,6918,36688,780524200,4,1,450700
al2206,20220218,20220218,134029500,13:40:30,22535,6918,36688,780524200,0,0,0
al2206,20220218,20220218,134030500,13:40:31,22535,6918,36688,780524200,0,0,0
al2206,20220218,20220218,134031000,13:40:31,22535,6918,36688,780524200,0,0,0
al2206,20220218,20220218,134034000,13:40:34,22535,6918,36688,780524200,0,0,0
al2206,20220218,20220218,134034500,13:40:35,22535,6918,36688,780524200,0,0,0
al2206,20220218,20220218,134035000,13:40:35,22535,6918,36688,780524200,0,0,0
al2206,20220218,20220218,134035500,13:40:36,22535,6918,36688,780524200,0,0,0
al2206,20220218,20220218,134036500,13:40:36,22535,6918,36688,780524200,0,0,0
al2206,20220218,20220218,134037000,13:40:37,22535,6918,36688,780524200,0,0,0
al2206,20220218,20220218,134037500,13:40:37,22535,6918,36688,780524200,0,0,0
al2206,20220218,20220218,134041000,13:40:42,22535,6918,36688,780524200,0,0,0
al2206,20220218,20220218,134042000,13:40:42,22535,6918,36688,780524200,0,0,0
al2206,20220218,20220218,134042500,13:40:42,22535,6918,36688,780524200,0,0,0
al2206,20220218,20220218,134043000,13:40:43,22535,6918,36688,780524200,0,0,0
al2206,20220218,20220218,134044000,13:40:44,22535,6921,36685,780862225,3,-3,338025
al2206,20220218,20220218,134044500,13:40:44,22535,6921,36685,780862225,0,0,0
al2206,20220218,20220218,134045000,13:40:45,22535,6921,36685,780862225,0,0,0
al2206,20220218,20220218,134045500,13:40:45,22535,6921,36685,780862225,0,0,0
al2206,20220218,20220218,134046000,13:40:46,22535,6921,36685,780862225,0,0,0
al2206,20220218,20220218,134047000,13:40:47,22535,6921,36685,780862225,0,0,0
al2206,20220218,20220218,134048000,13:40:48,22535,6921,36685,780862225,0,0,0
al2206,20220218,20220218,134048500,13:40:48,22535,6921,36685,780862225,0,0,0
al2206,20220218,20220218,134049000,13:40:49,22535,6921,36685,780862225,0,0,0
al2206,20220218,20220218,134050000,13:40:50,22535,6921,36685,780862225,0,0,0
al2206,20220218,20220218,134054500,13:40:55,22535,6921,36685,780862225,0,0,0
al2206,20220218,20220218,134057500,13:40:58,22535,6921,36685,780862225,0,0,0
al2206,20220218,20220218,134059000,13:40:59,22535,6921,36685,780862225,0,0,0
al2206,20220218,20220218,134059500,13:41:00,22535,6921,36685,780862225,0,0,0
al2206,20220218,20220218,134100000,13:41:00,22535,6921,36685,780862225,0,0,0
al2206,20220218,20220218,134100500,13:41:00,22535,6921,36685,780862225,0,0,0
al2206,20220218,20220218,134104000,13:41:05,22535,6921,36685,780862225,0,0,0
al2206,20220218,20220218,134104500,13:41:06,22535,6921,36685,780862225,0,0,0
al2206,20220218,20220218,134106000,13:41:07,22535,6921,36685,780862225,0,0,0
al2206,20220218,20220218,134106500,13:41:07,22535,6925,36685,781312925,4,0,450700
al2206,20220218,20220218,134107000,13:41:08,22535,6925,36685,781312925,0,0,0
al2206,20220218,20220218,134108000,13:41:09,22535,6925,36685,781312925,0,0,0
al2206,20220218,20220218,134109000,13:41:10,22535,6925,36685,781312925,0,0,0
al2206,20220218,20220218,134109500,13:41:10,22535,6925,36685,781312925,0,0,0
al2206,20220218,20220218,134110500,13:41:10,22535,6925,36685,781312925,0,0,0
al2206,20220218,20220218,134111000,13:41:11,22540,6937,36678,782665325,12,-7,1352400
al2206,20220218,20220218,134111500,13:41:11,22545,6938,36678,782778050,1,0,112725
al2206,20220218,20220218,134112000,13:41:12,22545,6938,36678,782778050,0,0,0
al2206,20220218,20220218,134112500,13:41:12,22545,6938,36678,782778050,0,0,0
al2206,20220218,20220218,134113000,13:41:13,22545,6938,36678,782778050,0,0,0
al2206,20220218,20220218,134114000,13:41:14,22545,6938,36678,782778050,0,0,0
al2206,20220218,20220218,134114500,13:41:16,22545,6938,36678,782778050,0,0,0
al2206,20220218,20220218,134115500,13:41:16,22545,6938,36678,782778050,0,0,0
al2206,20220218,20220218,134119500,13:41:20,22545,6938,36678,782778050,0,0,0
al2206,20220218,20220218,134123000,13:41:24,22545,6938,36678,782778050,0,0,0
al2206,20220218,20220218,134123500,13:41:24,22545,6938,36678,782778050,0,0,0
al2206,20220218,20220218,134124500,13:41:26,22545,6938,36678,782778050,0,0,0
al2206,20220218,20220218,134125500,13:41:27,22545,6938,36678,782778050,0,0,0
al2206,20220218,20220218,134126000,13:41:27,22545,6938,36678,782778050,0,0,0
al2206,20220218,20220218,134127000,13:41:27,22535,6939,36677,782890725,1,-1,112675
al2206,20220218,20220218,134128000,13:41:28,22535,6939,36677,782890725,0,0,0
al2206,20220218,20220218,134128500,13:41:28,22535,6939,36677,782890725,0,0,0
al2206,20220218,20220218,134129000,13:41:29,22535,6939,36677,782890725,0,0,0
al2206,20220218,20220218,134129500,13:41:30,22535,6939,36677,782890725,0,0,0
al2206,20220218,20220218,134130000,13:41:30,22535,6939,36677,782890725,0,0,0
al2206,20220218,20220218,134130500,13:41:31,22535,6939,36677,782890725,0,0,0
al2206,20220218,20220218,134132000,13:41:33,22535,6939,36677,782890725,0,0,0
al2206,20220218,20220218,134132500,13:41:33,22535,6939,36677,782890725,0,0,0
al2206,20220218,20220218,134133000,13:41:33,22535,6939,36677,782890725,0,0,0
al2206,20220218,20220218,134133500,13:41:34,22535,6939,36677,782890725,0,0,0
al2206,20220218,20220218,134134500,13:41:34,22535,6939,36677,782890725,0,0,0
al2206,20220218,20220218,134135000,13:41:35,22535,6939,36677,782890725,0,0,0
al2206,20220218,20220218,134135500,13:41:35,22535,6939,36677,782890725,0,0,0
al2206,20220218,20220218,134136000,13:41:39,22535,6939,36677,782890725,0,0,0
al2206,20220218,20220218,134136500,13:41:39,22535,6947,36676,783792125,8,-1,901400
al2206,20220218,20220218,134137000,13:41:40,22535,6994,36650,789087850,47,-26,5295725
al2206,20220218,20220218,134139500,13:41:41,22535,7000,36645,789763900,6,-5,676050
al2206,20220218,20220218,134140000,13:41:42,22535,7001,36644,789876575,1,-1,112675
al2206,20220218,20220218,134141000,13:41:42,22535,7001,36644,789876575,0,0,0
al2206,20220218,20220218,134142500,13:41:42,22535,7001,36644,789876575,0,0,0
al2206,20220218,20220218,134143000,13:41:44,22535,7001,36644,789876575,0,0,0
al2206,20220218,20220218,134143500,13:41:44,22535,7005,36640,790327275,4,-4,450700
al2206,20220218,20220218,134144000,13:41:44,22535,7005,36640,790327275,0,0,0
al2206,20220218,20220218,134144500,13:41:44,22535,7005,36640,790327275,0,0,0
al2206,20220218,20220218,134147000,13:41:47,22535,7005,36640,790327275,0,0,0
al2206,20220218,20220218,134148500,13:41:48,22535,7005,36640,790327275,0,0,0
al2206,20220218,20220218,134149000,13:41:49,22535,7005,36640,790327275,0,0,0
al2206,20220218,20220218,134149500,13:41:50,22530,7011,36642,791003175,6,2,675900
al2206,20220218,20220218,134150000,13:41:50,22530,7011,36642,791003175,0,0,0
al2206,20220218,20220218,134151500,13:41:52,22530,7011,36642,791003175,0,0,0
al2206,20220218,20220218,134152000,13:41:52,22535,7015,36638,791453875,4,-4,450700
al2206,20220218,20220218,134152500,13:41:52,22535,7019,36634,791904575,4,-4,450700
al2206,20220218,20220218,134153000,13:41:53,22535,7019,36634,791904575,0,0,0
al2206,20220218,20220218,134153500,13:42:01,22535,7019,36634,791904575,0,0,0
al2206,20220218,20220218,134154000,13:42:02,22535,7019,36634,791904575,0,0,0
al2206,20220218,20220218,134154500,13:42:02,22535,7019,36634,791904575,0,0,0
al2206,20220218,20220218,134202000,13:42:10,22535,7019,36634,791904575,0,0,0
al2206,20220218,20220218,134202500,13:42:11,22535,7019,36634,791904575,0,0,0
al2206,20220218,20220218,134210000,13:42:12,22525,7038,36626,794045075,19,-8,2140500
al2206,20220218,20220218,134211000,13:42:12,22535,7041,36625,794383050,3,-1,337975
al2206,20220218,20220218,134211500,13:42:12,22530,7044,36624,794721000,3,-1,337950
al2206,20220218,20220218,134212000,13:42:13,22530,7046,36624,794946325,2,0,225325
al2206,20220218,20220218,134212500,13:42:13,22530,7048,36624,795171625,2,0,225300
al2206,20220218,20220218,134213000,13:42:13,22530,7054,36621,795847625,6,-3,676000
al2206,20220218,20220218,134213500,13:42:14,22530,7059,36618,796410975,5,-3,563350
al2206,20220218,20220218,134214000,13:42:14,22530,7061,36618,796636275,2,0,225300
al2206,20220218,20220218,134214500,13:42:15,22530,7062,36618,796748925,1,0,112650
al2206,20220218,20220218,134215000,13:42:15,22530,7062,36618,796748925,0,0,0
al2206,20220218,20220218,134216000,13:42:16,22530,7062,36618,796748925,0,0,0
al2206,20220218,20220218,134216500,13:42:17,22530,7072,36623,797875425,10,5,1126500
al2206,20220218,20220218,134217000,13:42:19,22530,7072,36623,797875425,0,0,0
al2206,20220218,20220218,134217500,13:42:19,22530,7072,36623,797875425,0,0,0
al2206,20220218,20220218,134218000,13:42:20,22530,7072,36623,797875425,0,0,0
al2206,20220218,20220218,134218500,13:42:20,22530,7072,36623,797875425,0,0,0
al2206,20220218,20220218,134219500,13:42:20,22530,7072,36623,797875425,0,0,0
al2206,20220218,20220218,134220000,13:42:21,22530,7072,36623,797875425,0,0,0
al2206,20220218,20220218,134220500,13:42:21,22530,7072,36623,797875425,0,0,0
al2206,20220218,20220218,134221000,13:42:21,22530,7072,36623,797875425,0,0,0
al2206,20220218,20220218,134221500,13:42:22,22530,7072,36623,797875425,0,0,0
al2206,20220218,20220218,134222000,13:42:22,22530,7072,36623,797875425,0,0,0
al2206,20220218,20220218,134222500,13:42:22,22530,7072,36623,797875425,0,0,0
al2206,20220218,20220218,134223000,13:42:23,22530,7073,36624,797988075,1,1,112650
al2206,20220218,20220218,134223500,13:42:24,22530,7073,36624,797988075,0,0,0
al2206,20220218,20220218,134224000,13:42:24,22530,7073,36624,797988075,0,0,0
al2206,20220218,20220218,134224500,13:42:25,22530,7073,36624,797988075,0,0,0
al2206,20220218,20220218,134225500,13:42:25,22530,7073,36624,797988075,0,0,0
al2206,20220218,20220218,134226500,13:42:28,22530,7073,36624,797988075,0,0,0
al2206,20220218,20220218,134241000,13:42:41,22530,7073,36624,797988075,0,0,0
al2206,20220218,20220218,134254500,13:42:54,22530,7073,36624,797988075,0,0,0
al2206,20220218,20220218,134255500,13:42:55,22530,7073,36624,797988075,0,0,0
al2206,20220218,20220218,134256000,13:42:56,22530,7073,36624,797988075,0,0,0
al2206,20220218,20220218,134256500,13:42:57,22535,7074,36623,798100750,1,-1,112675
al2206,20220218,20220218,134257000,13:42:59,22535,7074,36623,798100750,0,0,0
al2206,20220218,20220218,134302500,13:43:03,22535,7074,36623,798100750,0,0,0
al2206,20220218,20220218,134305000,13:43:11,22530,7075,36623,798213400,1,0,112650
al2206,20220218,20220218,134308000,13:43:12,22530,7075,36623,798213400,0,0,0
al2206,20220218,20220218,134311000,13:43:14,22530,7075,36623,798213400,0,0,0
al2206,20220218,20220218,134312000,13:43:14,22525,7081,36617,798889150,6,-6,675750
al2206,20220218,20220218,134312500,13:43:14,22525,7095,36615,800465900,14,-2,1576750
al2206,20220218,20220218,134313000,13:43:14,22525,7105,36615,801592150,10,0,1126250
al2206,20220218,20220218,134313500,13:43:14,22525,7105,36615,801592150,0,0,0
al2206,20220218,20220218,134314500,13:43:15,22525,7106,36614,801704775,1,-1,112625
al2206,20220218,20220218,134315000,13:43:15,22525,7106,36614,801704775,0,0,0
al2206,20220218,20220218,134315500,13:43:15,22525,7106,36614,801704775,0,0,0
al2206,20220218,20220218,134316000,13:43:16,22525,7106,36614,801704775,0,0,0
al2206,20220218,20220218,134317500,13:43:17,22525,7106,36614,801704775,0,0,0
al2206,20220218,20220218,134318500,13:43:18,22525,7106,36614,801704775,0,0,0
al2206,20220218,20220218,134319000,13:43:19,22525,7106,36614,801704775,0,0,0
al2206,20220218,20220218,134320000,13:43:20,22525,7106,36614,801704775,0,0,0
al2206,20220218,20220218,134320500,13:43:21,22525,7106,36614,801704775,0,0,0
al2206,20220218,20220218,134321500,13:43:21,22525,7106,36614,801704775,0,0,0
al2206,20220218,20220218,134325000,13:43:25,22525,7106,36614,801704775,0,0,0
al2206,20220218,20220218,134325500,13:43:26,22520,7111,36614,802267775,5,0,563000
al2206,20220218,20220218,134326000,13:43:26,22525,7113,36614,802493025,2,0,225250
al2206,20220218,20220218,134326500,13:43:27,22525,7115,36614,802718275,2,0,225250
al2206,20220218,20220218,134327000,13:43:27,22525,7115,36614,802718275,0,0,0
al2206,20220218,20220218,134327500,13:43:27,22525,7115,36614,802718275,0,0,0
al2206,20220218,20220218,134328000,13:43:29,22525,7115,36614,802718275,0,0,0
al2206,20220218,20220218,134328500,13:43:29,22525,7115,36614,802718275,0,0,0
al2206,20220218,20220218,134330000,13:43:30,22525,7116,36613,802830900,1,-1,112625
al2206,20220218,20220218,134335500,13:43:35,22525,7116,36613,802830900,0,0,0
al2206,20220218,20220218,134336000,13:43:36,22525,7116,36613,802830900,0,0,0
al2206,20220218,20220218,134337500,13:43:38,22525,7116,36613,802830900,0,0,0
al2206,20220218,20220218,134338000,13:43:38,22525,7116,36613,802830900,0,0,0
al2206,20220218,20220218,134338500,13:43:39,22525,7116,36613,802830900,0,0,0
al2206,20220218,20220218,134339000,13:43:40,22525,7118,36613,803056150,2,0,225250
al2206,20220218,20220218,134339500,13:43:55,22525,7118,36613,803056150,0,0,0
al2206,20220218,20220218,134340000,13:43:57,22525,7120,36613,803281400,2,0,225250
al2206,20220218,20220218,134340500,13:43:57,22525,7120,36613,803281400,0,0,0
al2206,20220218,20220218,134354500,13:44:04,22525,7120,36613,803281400,0,0,0
al2206,20220218,20220218,134403500,13:44:04,22525,7120,36613,803281400,0,0,0
al2206,20220218,20220218,134404000,13:44:04,22525,7120,36613,803281400,0,0,0
al2206,20220218,20220218,134404500,13:44:05,22525,7120,36613,803281400,0,0,0
al2206,20220218,20220218,134408500,13:44:09,22525,7120,36613,803281400,0,0,0
al2206,20220218,20220218,134409000,13:44:17,22525,7120,36613,803281400,0,0,0
al2206,20220218,20220218,134414500,13:44:17,22525,7120,36613,803281400,0,0,0
al2206,20220218,20220218,134418000,13:44:18,22525,7120,36613,803281400,0,0,0
al2206,20220218,20220218,134418500,13:44:19,22525,7120,36613,803281400,0,0,0
al2206,20220218,20220218,134419000,13:44:21,22525,7120,36613,803281400,0,0,0
al2206,20220218,20220218,134419500,13:44:23,22525,7120,36613,803281400,0,0,0
al2206,20220218,20220218,134422500,13:44:23,22525,7120,36613,803281400,0,0,0
al2206,20220218,20220218,134424000,13:44:24,22530,7191,36608,811276300,71,-5,7994900
al2206,20220218,20220218,134424500,13:44:24,22530,7191,36608,811276300,0,0,0
al2206,20220218,20220218,134425000,13:44:25,22530,7191,36608,811276300,0,0,0
al2206,20220218,20220218,134425500,13:44:25,22530,7191,36608,811276300,0,0,0
al2206,20220218,20220218,134426000,13:44:26,22530,7191,36608,811276300,0,0,0
al2206,20220218,20220218,134426500,13:44:26,22530,7191,36608,811276300,0,0,0
al2206,20220218,20220218,134427000,13:44:27,22530,7191,36608,811276300,0,0,0
al2206,20220218,20220218,134427500,13:44:28,22530,7191,36608,811276300,0,0,0
al2206,20220218,20220218,134428000,13:44:29,22530,7191,36608,811276300,0,0,0
al2206,20220218,20220218,134429000,13:44:29,22530,7191,36608,811276300,0,0,0
al2206,20220218,20220218,134429500,13:44:33,22530,7191,36608,811276300,0,0,0
al2206,20220218,20220218,134430000,13:44:37,22530,7191,36608,811276300,0,0,0
al2206,20220218,20220218,134433500,13:44:37,22530,7191,36608,811276300,0,0,0
al2206,20220218,20220218,134445000,13:44:45,22535,7195,36606,811727000,4,-2,450700
al2206,20220218,20220218,134445500,13:44:45,22535,7195,36606,811727000,0,0,0
al2206,20220218,20220218,134446000,13:44:46,22535,7195,36606,811727000,0,0,0
al2206,20220218,20220218,134446500,13:44:46,22535,7195,36606,811727000,0,0,0
al2206,20220218,20220218,134449500,13:44:50,22535,7195,36606,811727000,0,0,0
al2206,20220218,20220218,134455500,13:44:56,22535,7195,36606,811727000,0,0,0
al2206,20220218,20220218,134502500,13:45:03,22535,7195,36606,811727000,0,0,0
al2206,20220218,20220218,134503000,13:45:03,22535,7195,36606,811727000,0,0,0
al2206,20220218,20220218,134503500,13:45:04,22535,7195,36606,811727000,0,0,0
al2206,20220218,20220218,134504500,13:45:08,22535,7195,36606,811727000,0,0,0
al2206,20220218,20220218,134508000,13:45:09,22535,7195,36606,811727000,0,0,0
al2206,20220218,20220218,134508500,13:45:09,22535,7195,36606,811727000,0,0,0
al2206,20220218,20220218,134511000,13:45:11,22535,7195,36606,811727000,0,0,0
al2206,20220218,20220218,134511500,13:45:11,22535,7195,36606,811727000,0,0,0
al2206,20220218,20220218,134512000,13:45:12,22535,7195,36606,811727000,0,0,0
al2206,20220218,20220218,134512500,13:45:13,22535,7195,36606,811727000,0,0,0
al2206,20220218,20220218,134513000,13:45:13,22535,7195,36606,811727000,0,0,0
al2206,20220218,20220218,134513500,13:45:14,22535,7195,36606,811727000,0,0,0
al2206,20220218,20220218,134514000,13:45:15,22535,7195,36606,811727000,0,0,0
al2206,20220218,20220218,134514500,13:45:16,22535,7195,36606,811727000,0,0,0
al2206,20220218,20220218,134520000,13:45:23,22535,7195,36606,811727000,0,0,0
al2206,20220218,20220218,134526000,13:45:27,22535,7195,36606,811727000,0,0,0
al2206,20220218,20220218,134527500,13:45:30,22535,7195,36606,811727000,0,0,0
al2206,20220218,20220218,134529500,13:45:30,22535,7195,36606,811727000,0,0,0
al2206,20220218,20220218,134530000,13:45:30,22535,7195,36606,811727000,0,0,0
al2206,20220218,20220218,134530500,13:45:31,22535,7195,36606,811727000,0,0,0
al2206,20220218,20220218,134531000,13:45:31,22535,7195,36606,811727000,0,0,0
al2206,20220218,20220218,134547500,13:45:47,22535,7195,36606,811727000,0,0,0
al2206,20220218,20220218,134555500,13:45:56,22535,7199,36606,812177700,4,0,450700
al2206,20220218,20220218,134601500,13:46:02,22535,7199,36606,812177700,0,0,0
al2206,20220218,20220218,134607000,13:46:07,22535,7199,36606,812177700,0,0,0
al2206,20220218,20220218,134607500,13:46:07,22535,7199,36606,812177700,0,0,0
al2206,20220218,20220218,134608000,13:46:08,22535,7199,36606,812177700,0,0,0
al2206,20220218,20220218,134609000,13:46:09,22535,7199,36606,812177700,0,0,0
al2206,20220218,20220218,134612000,13:46:13,22535,7199,36606,812177700,0,0,0
al2206,20220218,20220218,134616500,13:46:18,22535,7199,36606,812177700,0,0,0
al2206,20220218,20220218,134617000,13:46:18,22535,7199,36606,812177700,0,0,0
al2206,20220218,20220218,134618500,13:46:18,22535,7199,36606,812177700,0,0,0
al2206,20220218,20220218,134619000,13:46:19,22525,7215,36607,813979700,16,1,1802000
al2206,20220218,20220218,134619500,13:46:19,22525,7215,36607,813979700,0,0,0
al2206,20220218,20220218,134622500,13:46:30,22525,7215,36607,813979700,0,0,0
al2206,20220218,20220218,134623000,13:46:30,22520,7228,36615,815443500,13,8,1463800
al2206,20220218,20220218,134629500,13:46:31,22520,7228,36615,815443500,0,0,0
al2206,20220218,20220218,134632000,13:46:32,22520,7234,36614,816119225,6,-1,675725
al2206,20220218,20220218,134632500,13:46:32,22520,7234,36614,816119225,0,0,0
al2206,20220218,20220218,134634500,13:46:35,22520,7250,36614,817920825,16,0,1801600
al2206,20220218,20220218,134635000,13:46:35,22520,7261,36625,819159425,11,11,1238600
al2206,20220218,20220218,134635500,13:46:36,22520,7272,36631,820398025,11,6,1238600
al2206,20220218,20220218,134636000,13:46:37,22520,7272,36631,820398025,0,0,0
al2206,20220218,20220218,134636500,13:46:37,22520,7272,36631,820398025,0,0,0
al2206,20220218,20220218,134637000,13:46:37,22520,7272,36631,820398025,0,0,0
al2206,20220218,20220218,134637500,13:46:38,22520,7272,36631,820398025,0,0,0
al2206,20220218,20220218,134638000,13:46:38,22520,7272,36631,820398025,0,0,0
al2206,20220218,20220218,134639000,13:46:39,22520,7272,36631,820398025,0,0,0
al2206,20220218,20220218,134640500,13:46:42,22520,7272,36631,820398025,0,0,0
al2206,20220218,20220218,134641500,13:46:43,22520,7272,36631,820398025,0,0,0
al2206,20220218,20220218,134643000,13:46:43,22520,7272,36631,820398025,0,0,0
al2206,20220218,20220218,134651000,13:46:51,22520,7272,36631,820398025,0,0,0
al2206,20220218,20220218,134653000,13:46:54,22520,7272,36631,820398025,0,0,0
al2206,20220218,20220218,134656500,13:46:56,22520,7272,36631,820398025,0,0,0
al2206,20220218,20220218,134657500,13:46:57,22520,7272,36631,820398025,0,0,0
al2206,20220218,20220218,134659000,13:46:59,22520,7272,36631,820398025,0,0,0
al2206,20220218,20220218,134701500,13:47:02,22520,7272,36631,820398025,0,0,0
al2206,20220218,20220218,134705500,13:47:06,22525,7274,36629,820623275,2,-2,225250
al2206,20220218,20220218,134706000,13:47:10,22525,7274,36629,820623275,0,0,0
al2206,20220218,20220218,134708000,13:47:11,22525,7274,36629,820623275,0,0,0
al2206,20220218,20220218,134710000,13:47:11,22525,7274,36629,820623275,0,0,0
al2206,20220218,20220218,134716500,13:47:17,22525,7274,36629,820623275,0,0,0
al2206,20220218,20220218,134717000,13:47:17,22525,7274,36629,820623275,0,0,0
al2206,20220218,20220218,134717500,13:47:19,22525,7274,36629,820623275,0,0,0
al2206,20220218,20220218,134718000,13:47:19,22525,7274,36629,820623275,0,0,0
al2206,20220218,20220218,134718500,13:47:19,22525,7274,36629,820623275,0,0,0
al2206,20220218,20220218,134725000,13:47:27,22525,7274,36629,820623275,0,0,0
al2206,20220218,20220218,134728500,13:47:28,22525,7274,36629,820623275,0,0,0
al2206,20220218,20220218,134729000,13:47:29,22525,7277,36631,820961150,3,2,337875
al2206,20220218,20220218,134729500,13:47:29,22525,7278,36632,821073775,1,1,112625
al2206,20220218,20220218,134732500,13:47:33,22525,7283,36637,821636900,5,5,563125
al2206,20220218,20220218,134733500,13:47:34,22525,7290,36638,822425275,7,1,788375
al2206,20220218,20220218,134734000,13:47:35,22525,7291,36639,822537900,1,1,112625
al2206,20220218,20220218,134735000,13:47:36,22525,7291,36639,822537900,0,0,0
al2206,20220218,20220218,134736000,13:47:36,22525,7294,36639,822875775,3,0,337875
al2206,20220218,20220218,134737500,13:47:38,22525,7294,36639,822875775,0,0,0
al2206,20220218,20220218,134738000,13:47:38,22525,7294,36639,822875775,0,0,0
al2206,20220218,20220218,134738500,13:47:39,22525,7294,36639,822875775,0,0,0
al2206,20220218,20220218,134739000,13:47:39,22525,7294,36639,822875775,0,0,0
al2206,20220218,20220218,134740500,13:47:40,22525,7294,36639,822875775,0,0,0
al2206,20220218,20220218,134741000,13:47:41,22520,7299,36639,823438775,5,0,563000
al2206,20220218,20220218,134741500,13:47:42,22520,7299,36639,823438775,0,0,0
al2206,20220218,20220218,134742000,13:47:42,22520,7319,36655,825690775,20,16,2252000
al2206,20220218,20220218,134742500,13:47:42,22520,7337,36670,827717575,18,15,2026800
al2206,20220218,20220218,134743000,13:47:43,22520,7337,36670,827717575,0,0,0
al2206,20220218,20220218,134743500,13:47:44,22520,7337,36670,827717575,0,0,0
al2206,20220218,20220218,134744000,13:47:44,22520,7337,36670,827717575,0,0,0
al2206,20220218,20220218,134744500,13:47:45,22515,7338,36670,827830150,1,0,112575
al2206,20220218,20220218,134745000,13:47:45,22510,7339,36671,827942700,1,1,112550
al2206,20220218,20220218,134745500,13:47:46,22510,7358,36675,830081150,19,4,2138450
al2206,20220218,20220218,134746000,13:47:47,22510,7358,36675,830081150,0,0,0
al2206,20220218,20220218,134746500,13:47:47,22515,7359,36675,830193725,1,0,112575
al2206,20220218,20220218,134747000,13:47:47,22515,7359,36675,830193725,0,0,0
al2206,20220218,20220218,134747500,13:47:47,22510,7365,36675,830869025,6,0,675300
al2206,20220218,20220218,134748000,13:47:48,22510,7366,36675,830981575,1,0,112550
al2206,20220218,20220218,134749500,13:47:50,22510,7366,36675,830981575,0,0,0
al2206,20220218,20220218,134750000,13:47:50,22510,7368,36675,831206675,2,0,225100
al2206,20220218,20220218,134750500,13:47:50,22510,7368,36675,831206675,0,0,0
al2206,20220218,20220218,134756500,13:47:56,22510,7368,36675,831206675,0,0,0
al2206,20220218,20220218,134800500,13:48:00,22510,7368,36675,831206675,0,0,0
al2206,20220218,20220218,134805000,13:48:05,22510,7368,36675,831206675,0,0,0
al2206,20220218,20220218,134806000,13:48:06,22510,7368,36675,831206675,0,0,0
al2206,20220218,20220218,134807000,13:48:07,22510,7368,36675,831206675,0,0,0
al2206,20220218,20220218,134808000,13:48:08,22515,7369,36674,831319250,1,-1,112575
al2206,20220218,20220218,134811000,13:48:11,22515,7369,36674,831319250,0,0,0
al2206,20220218,20220218,134816000,13:48:16,22515,7369,36674,831319250,0,0,0
al2206,20220218,20220218,134817000,13:48:17,22515,7369,36674,831319250,0,0,0
al2206,20220218,20220218,134817500,13:48:18,22515,7374,36674,831882125,5,0,562875
al2206,20220218,20220218,134818000,13:48:19,22515,7378,36674,832332425,4,0,450300
al2206,20220218,20220218,134818500,13:48:20,22515,7380,36673,832557600,2,-1,225175
al2206,20220218,20220218,134823500,13:48:24,22515,7380,36673,832557600,0,0,0
al2206,20220218,20220218,134824000,13:48:24,22515,7380,36673,832557600,0,0,0
al2206,20220218,20220218,134825500,13:48:27,22520,7382,36671,832782775,2,-2,225175
al2206,20220218,20220218,134826000,13:48:27,22520,7382,36671,832782775,0,0,0
al2206,20220218,20220218,134828000,13:48:28,22520,7382,36671,832782775,0,0,0
al2206,20220218,20220218,134828500,13:48:29,22515,7383,36672,832895350,1,1,112575
al2206,20220218,20220218,134830000,13:48:30,22515,7384,36672,833007925,1,0,112575
al2206,20220218,20220218,134830500,13:48:31,22515,7385,36673,833120500,1,1,112575
al2206,20220218,20220218,134831500,13:48:32,22515,7385,36673,833120500,0,0,0
al2206,20220218,20220218,134832000,13:48:32,22515,7385,36673,833120500,0,0,0
al2206,20220218,20220218,134832500,13:48:32,22515,7385,36673,833120500,0,0,0
al2206,20220218,20220218,134836000,13:48:37,22515,7385,36673,833120500,0,0,0
al2206,20220218,20220218,134837000,13:48:37,22515,7385,36673,833120500,0,0,0
al2206,20220218,20220218,134841500,13:48:41,22515,7385,36673,833120500,0,0,0
al2206,20220218,20220218,134843000,13:48:43,22515,7385,36673,833120500,0,0,0
al2206,20220218,20220218,134845000,13:48:45,22515,7389,36670,833570800,4,-3,450300
al2206,20220218,20220218,134845500,13:48:45,22515,7389,36670,833570800,0,0,0
al2206,20220218,20220218,134846000,13:48:46,22515,7389,36670,833570800,0,0,0
al2206,20220218,20220218,134846500,13:48:46,22515,7389,36670,833570800,0,0,0
al2206,20220218,20220218,134848500,13:48:48,22515,7389,36670,833570800,0,0,0
al2206,20220218,20220218,134849000,13:48:49,22515,7389,36670,833570800,0,0,0
al2206,20220218,20220218,134849500,13:48:49,22515,7389,36670,833570800,0,0,0
al2206,20220218,20220218,134853000,13:48:54,22515,7389,36670,833570800,0,0,0
al2206,20220218,20220218,134910000,13:49:10,22515,7389,36670,833570800,0,0,0
al2206,20220218,20220218,134912500,13:49:13,22515,7389,36670,833570800,0,0,0
al2206,20220218,20220218,134914500,13:49:14,22515,7389,36670,833570800,0,0,0
al2206,20220218,20220218,134919500,13:49:20,22515,7389,36670,833570800,0,0,0
al2206,20220218,20220218,134920000,13:49:20,22515,7389,36670,833570800,0,0,0
al2206,20220218,20220218,134921500,13:49:21,22515,7389,36670,833570800,0,0,0
al2206,20220218,20220218,134922000,13:49:22,22515,7389,36670,833570800,0,0,0
al2206,20220218,20220218,134923000,13:49:24,22515,7390,36670,833683375,1,0,112575
al2206,20220218,20220218,134923500,13:49:24,22515,7390,36670,833683375,0,0,0
al2206,20220218,20220218,134924000,13:49:24,22515,7390,36670,833683375,0,0,0
al2206,20220218,20220218,134924500,13:49:25,22515,7390,36670,833683375,0,0,0
al2206,20220218,20220218,134925000,13:49:25,22515,7390,36670,833683375,0,0,0
al2206,20220218,20220218,134927500,13:49:28,22515,7390,36670,833683375,0,0,0
al2206,20220218,20220218,134928000,13:49:28,22515,7390,36670,833683375,0,0,0
al2206,20220218,20220218,134930500,13:49:31,22515,7390,36670,833683375,0,0,0
al2206,20220218,20220218,134932000,13:49:32,22515,7393,36670,834021100,3,0,337725
al2206,20220218,20220218,134936500,13:49:36,22515,7393,36670,834021100,0,0,0
al2206,20220218,20220218,134937000,13:49:37,22520,7394,36671,834133700,1,1,112600
al2206,20220218,20220218,134942000,13:49:42,22520,7394,36671,834133700,0,0,0
al2206,20220218,20220218,134942500,13:49:42,22515,7398,36672,834584000,4,1,450300
al2206,20220218,20220218,134943000,13:49:43,22515,7402,36675,835034300,4,3,450300
al2206,20220218,20220218,134943500,13:49:44,22515,7402,36675,835034300,0,0,0
al2206,20220218,20220218,134944000,13:49:44,22515,7402,36675,835034300,0,0,0
al2206,20220218,20220218,134945000,13:49:45,22515,7402,36675,835034300,0,0,0
al2206,20220218,20220218,134946000,13:49:46,22515,7402,36675,835034300,0,0,0
al2206,20220218,20220218,134949500,13:49:50,22515,7402,36675,835034300,0,0,0
al2206,20220218,20220218,134950000,13:49:50,22515,7402,36675,835034300,0,0,0
al2206,20220218,20220218,134959500,13:49:59,22515,7402,36675,835034300,0,0,0
al2206,20220218,20220218,135000000,13:50:00,22515,7402,36675,835034300,0,0,0
al2206,20220218,20220218,135001000,13:50:01,22515,7402,36675,835034300,0,0,0
al2206,20220218,20220218,135003000,13:50:03,22515,7403,36674,835146875,1,-1,112575
al2206,20220218,20220218,135004000,13:50:04,22520,7406,36672,835484625,3,-2,337750
al2206,20220218,20220218,135004500,13:50:05,22520,7406,36672,835484625,0,0,0
al2206,20220218,20220218,135005000,13:50:05,22520,7406,36672,835484625,0,0,0
al2206,20220218,20220218,135005500,13:50:06,22520,7406,36672,835484625,0,0,0
al2206,20220218,20220218,135006000,13:50:06,22520,7406,36672,835484625,0,0,0
al2206,20220218,20220218,135006500,13:50:07,22520,7406,36672,835484625,0,0,0
al2206,20220218,20220218,135007000,13:50:07,22520,7406,36672,835484625,0,0,0
al2206,20220218,20220218,135007500,13:50:09,22520,7406,36672,835484625,0,0,0
al2206,20220218,20220218,135008000,13:50:10,22520,7406,36672,835484625,0,0,0
al2206,20220218,20220218,135008500,13:50:25,22520,7406,36672,835484625,0,0,0
al2206,20220218,20220218,135009000,13:50:26,22520,7406,36672,835484625,0,0,0
al2206,20220218,20220218,135009500,13:50:26,22520,7406,36672,835484625,0,0,0
al2206,20220218,20220218,135025500,13:50:27,22520,7406,36672,835484625,0,0,0
al2206,20220218,20220218,135026000,13:50:28,22520,7406,36672,835484625,0,0,0
al2206,20220218,20220218,135026500,13:50:31,22520,7406,36672,835484625,0,0,0
al2206,20220218,20220218,135027000,13:50:33,22520,7406,36672,835484625,0,0,0
al2206,20220218,20220218,135029000,13:50:35,22520,7406,36672,835484625,0,0,0
al2206,20220218,20220218,135035000,13:50:37,22520,7406,36672,835484625,0,0,0
al2206,20220218,20220218,135037000,13:50:38,22520,7406,36672,835484625,0,0,0
al2206,20220218,20220218,135037500,13:50:38,22520,7406,36672,835484625,0,0,0
al2206,20220218,20220218,135039500,13:50:39,22520,7406,36672,835484625,0,0,0
al2206,20220218,20220218,135040000,13:50:40,22520,7406,36672,835484625,0,0,0
al2206,20220218,20220218,135040500,13:50:41,22520,7406,36672,835484625,0,0,0
al2206,20220218,20220218,135041000,13:50:41,22520,7406,36672,835484625,0,0,0
al2206,20220218,20220218,135041500,13:50:42,22520,7406,36672,835484625,0,0,0
al2206,20220218,20220218,135042000,13:50:43,22520,7406,36672,835484625,0,0,0
al2206,20220218,20220218,135042500,13:50:43,22520,7406,36672,835484625,0,0,0
al2206,20220218,20220218,135043000,13:50:43,22520,7406,36672,835484625,0,0,0
al2206,20220218,20220218,135043500,13:50:44,22520,7406,36672,835484625,0,0,0
al2206,20220218,20220218,135046500,13:50:47,22520,7406,36672,835484625,0,0,0
al2206,20220218,20220218,135047000,13:50:47,22520,7406,36672,835484625,0,0,0
al2206,20220218,20220218,135047500,13:50:48,22520,7406,36672,835484625,0,0,0
al2206,20220218,20220218,135048000,13:50:48,22520,7406,36672,835484625,0,0,0
al2206,20220218,20220218,135048500,13:50:48,22520,7409,36672,835822425,3,0,337800
al2206,20220218,20220218,135049000,13:50:49,22520,7409,36672,835822425,0,0,0
al2206,20220218,20220218,135049500,13:50:50,22520,7409,36672,835822425,0,0,0
al2206,20220218,20220218,135051500,13:50:52,22520,7409,36672,835822425,0,0,0
al2206,20220218,20220218,135052500,13:50:53,22520,7409,36672,835822425,0,0,0
al2206,20220218,20220218,135053000,13:50:53,22520,7409,36672,835822425,0,0,0
al2206,20220218,20220218,135053500,13:50:54,22520,7409,36672,835822425,0,0,0
al2206,20220218,20220218,135054000,13:50:54,22520,7409,36672,835822425,0,0,0
al2206,20220218,20220218,135054500,13:50:54,22520,7409,36672,835822425,0,0,0
al2206,20220218,20220218,135055000,13:50:55,22520,7424,36674,837511425,15,2,1689000
al2206,20220218,20220218,135055500,13:50:55,22520,7429,36674,838074425,5,0,563000
al2206,20220218,20220218,135056000,13:50:56,22520,7429,36674,838074425,0,0,0
al2206,20220218,20220218,135056500,13:50:57,22520,7432,36674,838412225,3,0,337800
al2206,20220218,20220218,135057000,13:50:57,22520,7432,36674,838412225,0,0,0
al2206,20220218,20220218,135058000,13:50:58,22520,7432,36674,838412225,0,0,0
al2206,20220218,20220218,135058500,13:50:59,22520,7432,36674,838412225,0,0,0
al2206,20220218,20220218,135059000,13:50:59,22520,7432,36674,838412225,0,0,0
al2206,20220218,20220218,135059500,13:50:59,22520,7432,36674,838412225,0,0,0
al2206,20220218,20220218,135100000,13:51:00,22520,7432,36674,838412225,0,0,0
al2206,20220218,20220218,135100500,13:51:01,22520,7432,36674,838412225,0,0,0
al2206,20220218,20220218,135101000,13:51:01,22520,7434,36674,838637425,2,0,225200
al2206,20220218,20220218,135102000,13:51:02,22520,7434,36674,838637425,0,0,0
al2206,20220218,20220218,135104500,13:51:05,22520,7434,36674,838637425,0,0,0
al2206,20220218,20220218,135105000,13:51:05,22520,7434,36674,838637425,0,0,0
al2206,20220218,20220218,135105500,13:51:06,22520,7434,36674,838637425,0,0,0
al2206,20220218,20220218,135106000,13:51:06,22520,7434,36674,838637425,0,0,0
al2206,20220218,20220218,135106500,13:51:07,22520,7434,36674,838637425,0,0,0
al2206,20220218,20220218,135107000,13:51:20,22520,7435,36674,838750025,1,0,112600
al2206,20220218,20220218,135107500,13:51:21,22520,7436,36673,838862625,1,-1,112600
