al2207,20220218,20220218,112003000,11:20:09,22495,764,8086,86059275,764,392,86059275
al2207,20220218,20220218,112004500,11:20:09,22495,764,8086,86059275,0,0,0
al2207,20220218,20220218,112005500,11:20:10,22495,764,8086,86059275,0,0,0
al2207,20220218,20220218,112013000,11:20:13,22495,764,8086,86059275,0,0,0
al2207,20220218,20220218,112014500,11:20:14,22495,764,8086,86059275,0,0,0
al2207,20220218,20220218,112018000,11:20:18,22495,764,8086,86059275,0,0,0
al2207,20220218,20220218,112030000,11:20:31,22495,764,8086,86059275,0,0,0
al2207,20220218,20220218,112030500,11:20:31,22495,764,8086,86059275,0,0,0
al2207,20220218,20220218,112032000,11:20:32,22495,764,8086,86059275,0,0,0
al2207,20220218,20220218,112033500,11:20:33,22495,764,8086,86059275,0,0,0
al2207,20220218,20220218,112034500,11:20:35,22495,764,8086,86059275,0,0,0
al2207,20220218,20220218,112035000,11:20:35,22495,764,8086,86059275,0,0,0
al2207,20220218,20220218,112035500,11:20:35,22495,764,8086,86059275,0,0,0
al2207,20220218,20220218,112036000,11:20:36,22495,764,8086,86059275,0,0,0
al2207,20220218,20220218,112036500,11:20:37,22495,764,8086,86059275,0,0,0
al2207,20220218,20220218,112037000,11:20:37,22495,764,8086,86059275,0,0,0
al2207,20220218,20220218,112043500,11:20:44,22495,764,8086,86059275,0,0,0
al2207,20220218,20220218,112044500,11:20:45,22495,764,8086,86059275,0,0,0
al2207,20220218,20220218,112045000,11:20:45,22495,764,8086,86059275,0,0,0
al2207,20220218,20220218,112047500,11:20:48,22495,764,8086,86059275,0,0,0
al2207,20220218,20220218,112049000,11:20:50,22495,764,8086,86059275,0,0,0
al2207,20220218,20220218,112056500,11:20:56,22495,764,8086,86059275,0,0,0
al2207,20220218,20220218,112057000,11:20:58,22495,764,8086,86059275,0,0,0
al2207,20220218,20220218,112058000,11:20:59,22495,764,8086,86059275,0,0,0
al2207,20220218,20220218,112100000,11:21:00,22495,764,8086,86059275,0,0,0
al2207,20220218,20220218,112101000,11:21:01,22495,764,8086,86059275,0,0,0
al2207,20220218,20220218,112108500,11:21:10,22495,764,8086,86059275,0,0,0
al2207,20220218,20220218,112117000,11:21:17,22495,764,8086,86059275,0,0,0
al2207,20220218,20220218,112117500,11:21:18,22495,764,8086,86059275,0,0,0
al2207,20220218,20220218,112119000,11:21:19,22495,764,8086,86059275,0,0,0
al2207,20220218,20220218,112325500,11:23:33,22495,764,8086,86059275,0,0,0
al2207,20220218,20220218,112335000,11:23:35,22495,764,8086,86059275,0,0,0
al2207,20220218,20220218,112336500,11:23:38,22495,764,8086,86059275,0,0,0
al2207,20220218,20220218,112342500,11:23:42,22495,764,8086,86059275,0,0,0
al2207,20220218,20220218,112344500,11:23:48,22495,764,8086,86059275,0,0,0
al2207,20220218,20220218,112345500,11:23:48,22495,764,8086,86059275,0,0,0
al2207,20220218,20220218,112347500,11:23:48,22495,764,8086,86059275,0,0,0
al2207,20220218,20220218,112351000,11:23:51,22495,764,8086,86059275,0,0,0
al2207,20220218,20220218,112408000,11:24:08,22495,764,8086,86059275,0,0,0
al2207,20220218,20220218,112408500,11:24:08,22495,764,8086,86059275,0,0,0
al2207,20220218,20220218,112425000,11:24:25,22495,764,8086,86059275,0,0,0
al2207,20220218,20220218,112431500,11:24:31,22495,764,8086,86059275,0,0,0
al2207,20220218,20220218,112432000,11:24:32,22495,764,8086,86059275,0,0,0
al2207,20220218,20220218,112432500,11:24:32,22495,764,8086,86059275,0,0,0
al2207,20220218,20220218,112438500,11:24:39,22495,764,8086,86059275,0,0,0
al2207,20220218,20220218,112439000,11:24:40,22495,764,8086,86059275,0,0,0
al2207,20220218,20220218,112453000,11:24:53,22495,764,8086,86059275,0,0,0
al2207,20220218,20220218,112457000,11:24:57,22495,764,8086,86059275,0,0,0
al2207,20220218,20220218,112459500,11:24:59,22495,764,8086,86059275,0,0,0
al2207,20220218,20220218,112501500,11:25:05,22495,764,8086,86059275,0,0,0
al2207,20220218,20220218,112504000,11:25:06,22495,764,8086,86059275,0,0,0
al2207,20220218,20220218,112505000,11:25:06,22495,764,8086,86059275,0,0,0
al2207,20220218,20220218,112509500,11:25:09,22495,764,8086,86059275,0,0,0
al2207,20220218,20220218,112510000,11:25:10,22495,764,8086,86059275,0,0,0
al2207,20220218,20220218,112512500,11:25:12,22495,764,8086,86059275,0,0,0
al2207,20220218,20220218,112514000,11:25:15,22495,764,8086,86059275,0,0,0
al2207,20220218,20220218,112520500,11:25:21,22495,764,8086,86059275,0,0,0
al2207,20220218,20220218,112523000,11:25:23,22495,764,8086,86059275,0,0,0
al2207,20220218,20220218,112525000,11:25:25,22495,764,8086,86059275,0,0,0
al2207,20220218,20220218,112527000,11:25:28,22495,764,8086,86059275,0,0,0
al2207,20220218,20220218,112527500,11:25:28,22495,764,8086,86059275,0,0,0
al2207,20220218,20220218,112538000,11:25:38,22500,765,8086,86171775,1,0,112500
al2207,20220218,20220218,112538500,11:25:39,22500,765,8086,86171775,0,0,0
al2207,20220218,20220218,112539000,11:25:39,22500,765,8086,86171775,0,0,0
al2207,20220218,20220218,112539500,11:25:40,22500,765,8086,86171775,0,0,0
al2207,20220218,20220218,112540500,11:25:41,22500,765,8086,86171775,0,0,0
al2207,20220218,20220218,112541000,11:25:41,22500,765,8086,86171775,0,0,0
al2207,20220218,20220218,112546500,11:25:48,22500,765,8086,86171775,0,0,0
al2207,20220218,20220218,112547000,11:25:48,22500,765,8086,86171775,0,0,0
al2207,20220218,20220218,112548500,11:25:48,22500,765,8086,86171775,0,0,0
al2207,20220218,20220218,112549500,11:25:49,22500,765,8086,86171775,0,0,0
al2207,20220218,20220218,112555500,11:25:56,22500,765,8086,86171775,0,0,0
al2207,20220218,20220218,112556500,11:25:57,22500,765,8086,86171775,0,0,0
al2207,20220218,20220218,112558000,11:25:59,22500,765,8086,86171775,0,0,0
al2207,20220218,20220218,112603500,11:26:04,22500,765,8086,86171775,0,0,0
al2207,20220218,20220218,112604500,11:26:05,22500,765,8086,86171775,0,0,0
al2207,20220218,20220218,112605500,11:26:06,22500,765,8086,86171775,0,0,0
al2207,20220218,20220218,112613000,11:26:15,22500,765,8086,86171775,0,0,0
al2207,20220218,20220218,112615000,11:26:16,22500,765,8086,86171775,0,0,0
al2207,20220218,20220218,112616000,11:26:16,22500,765,8086,86171775,0,0,0
al2207,20220218,20220218,112616500,11:26:17,22500,765,8086,86171775,0,0,0
al2207,20220218,20220218,112617000,11:26:17,22500,765,8086,86171775,0,0,0
al2207,20220218,20220218,112617500,11:26:17,22500,765,8086,86171775,0,0,0
al2207,20220218,20220218,112631000,11:26:31,22500,765,8086,86171775,0,0,0
al2207,20220218,20220218,112631500,11:26:32,22500,765,8086,86171775,0,0,0
al2207,20220218,20220218,112632500,11:26:32,22500,765,8086,86171775,0,0,0
al2207,20220218,20220218,112653500,11:27:10,22500,765,8086,86171775,0,0,0
al2207,20220218,20220218,112709000,11:27:12,22500,765,8086,86171775,0,0,0
al2207,20220218,20220218,112715500,11:27:16,22500,765,8086,86171775,0,0,0
al2207,20220218,20220218,112716000,11:27:17,22500,765,8086,86171775,0,0,0
al2207,20220218,20220218,112716500,11:27:17,22500,765,8086,86171775,0,0,0
al2207,20220218,20220218,112720000,11:27:20,22500,765,8086,86171775,0,0,0
al2207,20220218,20220218,112722500,11:27:22,22500,765,8086,86171775,0,0,0
al2207,20220218,20220218,112723000,11:27:26,22500,765,8086,86171775,0,0,0
al2207,20220218,20220218,112726500,11:27:27,22500,765,8086,86171775,0,0,0
al2207,20220218,20220218,112727500,11:27:27,22500,765,8086,86171775,0,0,0
al2207,20220218,20220218,112731000,11:27:33,22500,765,8086,86171775,0,0,0
al2207,20220218,20220218,112734500,11:27:36,22500,765,8086,86171775,0,0,0
al2207,20220218,20220218,112743000,11:27:43,22500,765,8086,86171775,0,0,0
al2207,20220218,20220218,112745000,11:27:45,22500,765,8086,86171775,0,0,0
al2207,20220218,20220218,112747000,11:27:47,22500,765,8086,86171775,0,0,0
al2207,20220218,20220218,112747500,11:27:47,22500,765,8086,86171775,0,0,0
al2207,20220218,20220218,112753500,11:27:54,22500,765,8086,86171775,0,0,0
al2207,20220218,20220218,112758000,11:27:58,22500,765,8086,86171775,0,0,0
al2207,20220218,20220218,112800500,11:28:01,22500,765,8086,86171775,0,0,0
al2207,20220218,20220218,112802500,11:28:03,22500,765,8086,86171775,0,0,0
al2207,20220218,20220218,112803500,11:28:04,22500,765,8086,86171775,0,0,0
al2207,20220218,20220218,112804500,11:28:06,22500,765,8086,86171775,0,0,0
al2207,20220218,20220218,112813000,11:28:13,22500,765,8086,86171775,0,0,0
al2207,20220218,20220218,112822500,11:28:22,22500,765,8086,86171775,0,0,0
al2207,20220218,20220218,112827000,11:28:27,22500,765,8086,86171775,0,0,0
al2207,20220218,20220218,112827500,11:28:27,22500,765,8086,86171775,0,0,0
al2207,20220218,20220218,112830000,11:28:30,22500,765,8086,86171775,0,0,0
al2207,20220218,20220218,112830500,11:28:31,22500,765,8086,86171775,0,0,0
al2207,20220218,20220218,112838000,11:28:38,22500,765,8086,86171775,0,0,0
al2207,20220218,20220218,112841500,11:28:41,22500,765,8086,86171775,0,0,0
al2207,20220218,20220218,112842000,11:28:42,22500,765,8086,86171775,0,0,0
al2207,20220218,20220218,112844000,11:28:44,22500,765,8086,86171775,0,0,0
al2207,20220218,20220218,112847500,11:28:48,22500,765,8086,86171775,0,0,0
al2207,20220218,20220218,112849000,11:28:49,22500,765,8086,86171775,0,0,0
al2207,20220218,20220218,112850000,11:28:50,22500,765,8086,86171775,0,0,0
al2207,20220218,20220218,112854000,11:28:54,22500,765,8086,86171775,0,0,0
al2207,20220218,20220218,112859500,11:29:00,22500,765,8086,86171775,0,0,0
al2207,20220218,20220218,112907000,11:29:08,22500,766,8085,86284275,1,-1,112500
al2207,20220218,20220218,112910000,11:29:10,22500,766,8085,86284275,0,0,0
al2207,20220218,20220218,112913000,11:29:13,22500,766,8085,86284275,0,0,0
al2207,20220218,20220218,112914500,11:29:15,22500,766,8085,86284275,0,0,0
al2207,20220218,20220218,112917000,11:29:20,22500,766,8085,86284275,0,0,0
al2207,20220218,20220218,112921000,11:29:22,22500,766,8085,86284275,0,0,0
al2207,20220218,20220218,112922000,11:29:24,22500,766,8085,86284275,0,0,0
al2207,20220218,20220218,112931000,11:29:32,22500,766,8085,86284275,0,0,0
al2207,20220218,20220218,112931500,11:29:32,22500,766,8085,86284275,0,0,0
al2207,20220218,20220218,112932000,11:29:36,22500,766,8085,86284275,0,0,0
al2207,20220218,20220218,112932500,11:29:36,22500,766,8085,86284275,0,0,0
al2207,20220218,20220218,112933500,11:29:38,22500,766,8085,86284275,0,0,0
al2207,20220218,20220218,112936500,11:29:38,22500,766,8085,86284275,0,0,0
al2207,20220218,20220218,112937500,11:29:38,22500,766,8085,86284275,0,0,0
al2207,20220218,20220218,112938000,11:29:38,22500,766,8085,86284275,0,0,0
al2207,20220218,20220218,112940500,11:29:40,22500,766,8085,86284275,0,0,0
al2207,20220218,20220218,112948000,11:29:49,22500,766,8085,86284275,0,0,0
al2207,20220218,20220218,112948500,11:29:50,22500,766,8085,86284275,0,0,0
al2207,20220218,20220218,112950000,11:29:51,22500,766,8085,86284275,0,0,0
al2207,20220218,20220218,112952000,11:29:53,22500,766,8085,86284275,0,0,0
al2207,20220218,20220218,112952500,11:29:53,22500,766,8085,86284275,0,0,0
al2207,20220218,20220218,112956000,11:30:00,22500,766,8085,86284275,0,0,0
al2207,20220218,20220218,112957000,11:30:02,22500,766,8085,86284275,0,0,0
al2207,20220218,20220218,112957500,11:30:02,22500,766,8085,86284275,0,0,0
al2207,20220218,20220218,112959000,11:30:02,22515,769,8084,86621950,3,-1,337675
al2207,20220218,20220218,113000000,11:30:03,22515,769,8084,86621950,0,0,0
al2207,20220218,20220218,113001500,11:30:03,22515,769,8084,86621950,0,0,0
al2207,20220218,20220218,133002000,13:30:08,22515,769,8084,86621950,0,0,0
al2207,20220218,20220218,133002500,13:30:10,22515,769,8084,86621950,0,0,0
al2207,20220218,20220218,133007500,13:30:10,22515,769,8084,86621950,0,0,0
al2207,20220218,20220218,133009000,13:30:10,22515,769,8084,86621950,0,0,0
al2207,20220218,20220218,133011000,13:30:13,22515,769,8084,86621950,0,0,0
al2207,20220218,20220218,133012500,13:30:13,22515,769,8084,86621950,0,0,0
al2207,20220218,20220218,133015000,13:30:18,22515,769,8084,86621950,0,0,0
al2207,20220218,20220218,133016500,13:30:18,22515,769,8084,86621950,0,0,0
al2207,20220218,20220218,133017500,13:30:18,22515,769,8084,86621950,0,0,0
al2207,20220218,20220218,133018000,13:30:19,22515,772,8081,86959675,3,-3,337725
al2207,20220218,20220218,133018500,13:30:20,22510,773,8080,87072225,1,-1,112550
al2207,20220218,20220218,133019000,13:30:20,22510,780,8080,87860075,7,0,787850
al2207,20220218,20220218,133019500,13:30:21,22510,780,8080,87860075,0,0,0
al2207,20220218,20220218,133020000,13:30:21,22505,781,8080,87972600,1,0,112525
al2207,20220218,20220218,133020500,13:30:21,22505,782,8080,88085125,1,0,112525
al2207,20220218,20220218,133021000,13:30:21,22505,782,8080,88085125,0,0,0
al2207,20220218,20220218,133021500,13:30:22,22510,783,8080,88197675,1,0,112550
al2207,20220218,20220218,133022000,13:30:38,22510,784,8080,88310225,1,0,112550
al2207,20220218,20220218,133022500,13:30:38,22510,785,8080,88422775,1,0,112550
al2207,20220218,20220218,133023000,13:30:40,22510,786,8081,88535325,1,1,112550
al2207,20220218,20220218,133037000,13:30:40,22510,786,8081,88535325,0,0,0
al2207,20220218,20220218,133040500,13:30:42,22510,786,8081,88535325,0,0,0
al2207,20220218,20220218,133041000,13:30:43,22510,786,8081,88535325,0,0,0
al2207,20220218,20220218,133042000,13:30:44,22510,786,8081,88535325,0,0,0
al2207,20220218,20220218,133046500,13:30:47,22510,786,8081,88535325,0,0,0
al2207,20220218,20220218,133047000,13:30:48,22510,786,8081,88535325,0,0,0
al2207,20220218,20220218,133054000,13:30:55,22510,786,8081,88535325,0,0,0
al2207,20220218,20220218,133101000,13:31:01,22510,786,8081,88535325,0,0,0
al2207,20220218,20220218,133101500,13:31:01,22510,786,8081,88535325,0,0,0
al2207,20220218,20220218,133102000,13:31:02,22510,786,8081,88535325,0,0,0
al2207,20220218,20220218,133106000,13:31:08,22510,786,8081,88535325,0,0,0
al2207,20220218,20220218,133111000,13:31:11,22510,786,8081,88535325,0,0,0
al2207,20220218,20220218,133113000,13:31:13,22510,786,8081,88535325,0,0,0
al2207,20220218,20220218,133115000,13:31:15,22510,786,8081,88535325,0,0,0
al2207,20220218,20220218,133120500,13:31:21,22510,786,8081,88535325,0,0,0
al2207,20220218,20220218,133124500,13:31:25,22510,786,8081,88535325,0,0,0
al2207,20220218,20220218,133155000,13:31:55,22510,786,8081,88535325,0,0,0
al2207,20220218,20220218,133159000,13:31:59,22510,786,8081,88535325,0,0,0
al2207,20220218,20220218,133200000,13:32:01,22510,786,8081,88535325,0,0,0
al2207,20220218,20220218,133200500,13:32:01,22510,786,8081,88535325,0,0,0
al2207,20220218,20220218,133210500,13:32:14,22510,786,8081,88535325,0,0,0
al2207,20220218,20220218,133211000,13:32:14,22510,786,8081,88535325,0,0,0
al2207,20220218,20220218,133212500,13:32:15,22510,786,8081,88535325,0,0,0
al2207,20220218,20220218,133214000,13:32:15,22510,786,8081,88535325,0,0,0
al2207,20220218,20220218,133215000,13:32:16,22510,786,8081,88535325,0,0,0
al2207,20220218,20220218,133215500,13:32:16,22510,786,8081,88535325,0,0,0
al2207,20220218,20220218,133216000,13:32:17,22510,786,8081,88535325,0,0,0
al2207,20220218,20220218,133216500,13:32:17,22510,786,8081,88535325,0,0,0
al2207,20220218,20220218,133217000,13:32:17,22510,786,8081,88535325,0,0,0
al2207,20220218,20220218,133217500,13:32:18,22510,786,8081,88535325,0,0,0
al2207,20220218,20220218,133220000,13:32:21,22510,786,8081,88535325,0,0,0
al2207,20220218,20220218,133220500,13:32:21,22510,786,8081,88535325,0,0,0
al2207,20220218,20220218,133221000,13:32:22,22510,786,8081,88535325,0,0,0
al2207,20220218,20220218,133221500,13:32:22,22510,786,8081,88535325,0,0,0
al2207,20220218,20220218,133222000,13:32:23,22510,786,8081,88535325,0,0,0
al2207,20220218,20220218,133223000,13:32:24,22510,786,8081,88535325,0,0,0
al2207,20220218,20220218,133223500,13:32:24,22510,786,8081,88535325,0,0,0
al2207,20220218,20220218,133227000,13:32:27,22510,786,8081,88535325,0,0,0
al2207,20220218,20220218,133227500,13:32:31,22510,786,8081,88535325,0,0,0
al2207,20220218,20220218,133232000,13:32:35,22510,786,8081,88535325,0,0,0
al2207,20220218,20220218,133241500,13:32:42,22510,786,8081,88535325,0,0,0
al2207,20220218,20220218,133242000,13:32:42,22510,786,8081,88535325,0,0,0
al2207,20220218,20220218,133246500,13:32:47,22510,786,8081,88535325,0,0,0
al2207,20220218,20220218,133247000,13:32:47,22510,786,8081,88535325,0,0,0
al2207,20220218,20220218,133247500,13:32:48,22510,786,8081,88535325,0,0,0
al2207,20220218,20220218,133248000,13:32:49,22510,786,8081,88535325,0,0,0
al2207,20220218,20220218,133248500,13:32:49,22510,786,8081,88535325,0,0,0
al2207,20220218,20220218,133249000,13:32:49,22510,786,8081,88535325,0,0,0
al2207,20220218,20220218,133249500,13:32:50,22490,790,8084,88985450,4,3,450125
al2207,20220218,20220218,133250000,13:32:50,22490,790,8084,88985450,0,0,0
al2207,20220218,20220218,133251000,13:32:52,22490,790,8084,88985450,0,0,0
al2207,20220218,20220218,133251500,13:32:53,22490,790,8084,88985450,0,0,0
al2207,20220218,20220218,133252500,13:32:53,22490,790,8084,88985450,0,0,0
al2207,20220218,20220218,133256000,13:32:56,22490,790,8084,88985450,0,0,0
al2207,20220218,20220218,133256500,13:32:56,22490,790,8084,88985450,0,0,0
al2207,20220218,20220218,133257000,13:32:59,22490,790,8084,88985450,0,0,0
al2207,20220218,20220218,133258000,13:33:00,22490,790,8084,88985450,0,0,0
al2207,20220218,20220218,133259500,13:33:01,22490,790,8084,88985450,0,0,0
al2207,20220218,20220218,133300500,13:33:01,22490,790,8084,88985450,0,0,0
al2207,20220218,20220218,133306000,13:33:06,22490,790,8084,88985450,0,0,0
al2207,20220218,20220218,133306500,13:33:06,22490,790,8084,88985450,0,0,0
al2207,20220218,20220218,133310000,13:33:11,22490,790,8084,88985450,0,0,0
al2207,20220218,20220218,133311000,13:33:13,22490,790,8084,88985450,0,0,0
al2207,20220218,20220218,133311500,13:33:14,22490,790,8084,88985450,0,0,0
al2207,20220218,20220218,133319000,13:33:20,22490,790,8084,88985450,0,0,0
al2207,20220218,20220218,133326500,13:33:29,22490,790,8084,88985450,0,0,0
al2207,20220218,20220218,133327000,13:33:29,22490,790,8084,88985450,0,0,0
al2207,20220218,20220218,133327500,13:33:30,22490,790,8084,88985450,0,0,0
al2207,20220218,20220218,133329000,13:33:30,22490,790,8084,88985450,0,0,0
al2207,20220218,20220218,133339000,13:33:39,22490,790,8084,88985450,0,0,0
al2207,20220218,20220218,133339500,13:33:40,22490,790,8084,88985450,0,0,0
al2207,20220218,20220218,133340000,13:33:40,22490,790,8084,88985450,0,0,0
al2207,20220218,20220218,133340500,13:33:41,22490,790,8084,88985450,0,0,0
al2207,20220218,20220218,133347500,13:33:49,22490,790,8084,88985450,0,0,0
al2207,20220218,20220218,133348000,13:33:49,22490,790,8084,88985450,0,0,0
al2207,20220218,20220218,133348500,13:33:50,22490,790,8084,88985450,0,0,0
al2207,20220218,20220218,133355000,13:33:56,22490,790,8084,88985450,0,0,0
al2207,20220218,20220218,133355500,13:33:56,22490,790,8084,88985450,0,0,0
al2207,20220218,20220218,133356000,13:33:57,22490,790,8084,88985450,0,0,0
al2207,20220218,20220218,133359500,13:34:00,22490,790,8084,88985450,0,0,0
al2207,20220218,20220218,133400000,13:34:00,22490,790,8084,88985450,0,0,0
al2207,20220218,20220218,133405500,13:34:12,22490,790,8084,88985450,0,0,0
al2207,20220218,20220218,133414500,13:34:15,22490,790,8084,88985450,0,0,0
al2207,20220218,20220218,133417000,13:34:17,22490,790,8084,88985450,0,0,0
al2207,20220218,20220218,133420000,13:34:20,22490,790,8084,88985450,0,0,0
al2207,20220218,20220218,133420500,13:34:23,22490,790,8084,88985450,0,0,0
al2207,20220218,20220218,133421000,13:34:23,22490,790,8084,88985450,0,0,0
al2207,20220218,20220218,133423500,13:34:24,22490,790,8084,88985450,0,0,0
al2207,20220218,20220218,133442500,13:34:44,22490,790,8084,88985450,0,0,0
al2207,20220218,20220218,133449000,13:34:49,22490,790,8084,88985450,0,0,0
al2207,20220218,20220218,133449500,13:34:49,22490,790,8084,88985450,0,0,0
al2207,20220218,20220218,133450500,13:34:51,22490,790,8084,88985450,0,0,0
al2207,20220218,20220218,133451500,13:34:52,22490,790,8084,88985450,0,0,0
al2207,20220218,20220218,133452500,13:34:53,22490,790,8084,88985450,0,0,0
al2207,20220218,20220218,133453000,13:34:53,22490,790,8084,88985450,0,0,0
al2207,20220218,20220218,133453500,13:34:55,22490,790,8084,88985450,0,0,0
al2207,20220218,20220218,133454000,13:34:56,22490,790,8084,88985450,0,0,0
al2207,20220218,20220218,133454500,13:34:56,22490,790,8084,88985450,0,0,0
al2207,20220218,20220218,133455500,13:34:56,22490,790,8084,88985450,0,0,0
al2207,20220218,20220218,133456000,13:34:57,22490,790,8084,88985450,0,0,0
al2207,20220218,20220218,133456500,13:34:57,22490,790,8084,88985450,0,0,0
al2207,20220218,20220218,133510000,13:35:10,22490,790,8084,88985450,0,0,0
al2207,20220218,20220218,133517000,13:35:17,22490,790,8084,88985450,0,0,0
al2207,20220218,20220218,133517500,13:35:18,22490,790,8084,88985450,0,0,0
al2207,20220218,20220218,133518000,13:35:19,22490,790,8084,88985450,0,0,0
al2207,20220218,20220218,133518500,13:35:19,22490,790,8084,88985450,0,0,0
al2207,20220218,20220218,133520000,13:35:20,22490,790,8084,88985450,0,0,0
al2207,20220218,20220218,133523000,13:35:23,22500,791,8085,89097950,1,1,112500
al2207,20220218,20220218,133523500,13:35:23,22500,791,8085,89097950,0,0,0
al2207,20220218,20220218,133524000,13:35:25,22500,791,8085,89097950,0,0,0
al2207,20220218,20220218,133524500,13:35:25,22500,791,8085,89097950,0,0,0
al2207,20220218,20220218,133525000,13:35:25,22500,791,8085,89097950,0,0,0
al2207,20220218,20220218,133525500,13:35:26,22500,791,8085,89097950,0,0,0
al2207,20220218,20220218,133526000,13:35:26,22500,791,8085,89097950,0,0,0
al2207,20220218,20220218,133526500,13:35:27,22500,791,8085,89097950,0,0,0
al2207,20220218,20220218,133527000,13:35:31,22500,791,8085,89097950,0,0,0
al2207,20220218,20220218,133527500,13:35:31,22500,791,8085,89097950,0,0,0
al2207,20220218,20220218,133537000,13:35:43,22500,791,8085,89097950,0,0,0
al2207,20220218,20220218,133544500,13:35:45,22500,791,8085,89097950,0,0,0
al2207,20220218,20220218,133545000,13:35:46,22500,791,8085,89097950,0,0,0
al2207,20220218,20220218,133551500,13:35:52,22500,791,8085,89097950,0,0,0
al2207,20220218,20220218,133552000,13:35:52,22500,791,8085,89097950,0,0,0
al2207,20220218,20220218,133555500,13:35:56,22500,791,8085,89097950,0,0,0
al2207,20220218,20220218,133556500,13:35:57,22500,791,8085,89097950,0,0,0
al2207,20220218,20220218,133558500,13:36:03,22500,791,8085,89097950,0,0,0
al2207,20220218,20220218,133601500,13:36:03,22500,791,8085,89097950,0,0,0
al2207,20220218,20220218,133602500,13:36:03,22500,791,8085,89097950,0,0,0
al2207,20220218,20220218,133603000,13:36:05,22500,791,8085,89097950,0,0,0
al2207,20220218,20220218,133605000,13:36:06,22500,791,8085,89097950,0,0,0
al2207,20220218,20220218,133605500,13:36:07,22500,791,8085,89097950,0,0,0
al2207,20220218,20220218,133608500,13:36:09,22500,791,8085,89097950,0,0,0
al2207,20220218,20220218,133637000,13:36:38,22500,791,8085,89097950,0,0,0
al2207,20220218,20220218,133637500,13:36:38,22500,791,8085,89097950,0,0,0
al2207,20220218,20220218,133638000,13:36:39,22500,791,8085,89097950,0,0,0
al2207,20220218,20220218,133639500,13:36:39,22500,791,8085,89097950,0,0,0
al2207,20220218,20220218,133640000,13:36:40,22500,791,8085,89097950,0,0,0
al2207,20220218,20220218,133644500,13:36:44,22500,791,8085,89097950,0,0,0
al2207,20220218,20220218,133651000,13:36:51,22490,792,8085,89210400,1,0,112450
al2207,20220218,20220218,133651500,13:36:52,22490,792,8085,89210400,0,0,0
al2207,20220218,20220218,133652000,13:36:52,22490,792,8085,89210400,0,0,0
al2207,20220218,20220218,133659000,13:36:59,22490,792,8085,89210400,0,0,0
al2207,20220218,20220218,133659500,13:37:00,22490,792,8085,89210400,0,0,0
al2207,20220218,20220218,133701000,13:37:01,22490,792,8085,89210400,0,0,0
al2207,20220218,20220218,133701500,13:37:02,22490,792,8085,89210400,0,0,0
al2207,20220218,20220218,133702000,13:37:02,22490,792,8085,89210400,0,0,0
al2207,20220218,20220218,133702500,13:37:03,22490,792,8085,89210400,0,0,0
al2207,20220218,20220218,133703500,13:37:03,22490,792,8085,89210400,0,0,0
al2207,20220218,20220218,133714000,13:37:14,22490,792,8085,89210400,0,0,0
al2207,20220218,20220218,133716500,13:37:17,22490,792,8085,89210400,0,0,0
al2207,20220218,20220218,133717000,13:37:18,22490,792,8085,89210400,0,0,0
al2207,20220218,20220218,133719000,13:37:19,22490,792,8085,89210400,0,0,0
al2207,20220218,20220218,133721000,13:37:21,22490,792,8085,89210400,0,0,0
al2207,20220218,20220218,133724000,13:37:24,22490,792,8085,89210400,0,0,0
al2207,20220218,20220218,133724500,13:37:25,22490,792,8085,89210400,0,0,0
al2207,20220218,20220218,133727000,13:37:27,22490,792,8085,89210400,0,0,0
al2207,20220218,20220218,133729500,13:37:30,22490,792,8085,89210400,0,0,0
al2207,20220218,20220218,133742000,13:37:42,22490,792,8085,89210400,0,0,0
al2207,20220218,20220218,133751000,13:37:51,22490,792,8085,89210400,0,0,0
al2207,20220218,20220218,133751500,13:37:52,22490,792,8085,89210400,0,0,0
al2207,20220218,20220218,133753500,13:37:54,22490,792,8085,89210400,0,0,0
al2207,20220218,20220218,133757000,13:37:57,22490,792,8085,89210400,0,0,0
al2207,20220218,20220218,133800000,13:38:02,22490,792,8085,89210400,0,0,0
al2207,20220218,20220218,133800500,13:38:02,22490,792,8085,89210400,0,0,0
al2207,20220218,20220218,133801000,13:38:03,22490,792,8085,89210400,0,0,0
al2207,20220218,20220218,133802500,13:38:06,22490,792,8085,89210400,0,0,0
al2207,20220218,20220218,133805000,13:38:06,22490,792,8085,89210400,0,0,0
al2207,20220218,20220218,133806000,13:38:08,22490,792,8085,89210400,0,0,0
al2207,20220218,20220218,133806500,13:38:09,22490,792,8085,89210400,0,0,0
al2207,20220218,20220218,133807000,13:38:09,22490,792,8085,89210400,0,0,0
al2207,20220218,20220218,133808500,13:38:09,22490,792,8085,89210400,0,0,0
al2207,20220218,20220218,133812000,13:38:14,22490,792,8085,89210400,0,0,0
al2207,20220218,20220218,133812500,13:38:14,22490,792,8085,89210400,0,0,0
al2207,20220218,20220218,133813500,13:38:15,22480,794,8083,89435225,2,-2,224825
al2207,20220218,20220218,133815000,13:38:17,22480,794,8083,89435225,0,0,0
al2207,20220218,20220218,133815500,13:38:18,22480,794,8083,89435225,0,0,0
al2207,20220218,20220218,133819500,13:38:20,22480,794,8083,89435225,0,0,0
al2207,20220218,20220218,133840500,13:38:42,22480,794,8083,89435225,0,0,0
al2207,20220218,20220218,133845500,13:38:45,22480,794,8083,89435225,0,0,0
al2207,20220218,20220218,133854500,13:38:54,22480,794,8083,89435225,0,0,0
al2207,20220218,20220218,133858000,13:38:58,22480,794,8083,89435225,0,0,0
al2207,20220218,20220218,133900000,13:39:00,22480,794,8083,89435225,0,0,0
al2207,20220218,20220218,133914000,13:39:15,22480,794,8083,89435225,0,0,0
al2207,20220218,20220218,133914500,13:39:18,22480,794,8083,89435225,0,0,0
al2207,20220218,20220218,133937000,13:39:37,22480,794,8083,89435225,0,0,0
al2207,20220218,20220218,133940000,13:39:40,22480,794,8083,89435225,0,0,0
al2207,20220218,20220218,133944500,13:39:45,22480,794,8083,89435225,0,0,0
al2207,20220218,20220218,133945500,13:39:46,22480,794,8083,89435225,0,0,0
al2207,20220218,20220218,133946000,13:39:47,22480,794,8083,89435225,0,0,0
al2207,20220218,20220218,133946500,13:39:47,22480,794,8083,89435225,0,0,0
al2207,20220218,20220218,133949500,13:39:50,22480,794,8083,89435225,0,0,0
al2207,20220218,20220218,133951000,13:39:51,22480,794,8083,89435225,0,0,0
al2207,20220218,20220218,133952000,13:39:53,22480,794,8083,89435225,0,0,0
al2207,20220218,20220218,133955000,13:39:55,22480,794,8083,89435225,0,0,0
al2207,20220218,20220218,133955500,13:39:55,22480,794,8083,89435225,0,0,0
al2207,20220218,20220218,133957500,13:40:13,22480,794,8083,89435225,0,0,0
al2207,20220218,20220218,133958000,13:40:13,22480,794,8083,89435225,0,0,0
al2207,20220218,20220218,134006500,13:40:13,22480,794,8083,89435225,0,0,0
al2207,20220218,20220218,134013000,13:40:13,22480,794,8083,89435225,0,0,0
al2207,20220218,20220218,134015500,13:40:16,22480,794,8083,89435225,0,0,0
al2207,20220218,20220218,134017500,13:40:18,22480,794,8083,89435225,0,0,0
al2207,20220218,20220218,134018000,13:40:19,22490,798,8084,89884950,4,1,449725
al2207,20220218,20220218,134018500,13:40:19,22490,798,8084,89884950,0,0,0
al2207,20220218,20220218,134020000,13:40:20,22490,799,8084,89997400,1,0,112450
al2207,20220218,20220218,134020500,13:40:21,22490,800,8085,90109850,1,1,112450
al2207,20220218,20220218,134021000,13:40:22,22490,800,8085,90109850,0,0,0
al2207,20220218,20220218,134021500,13:40:22,22490,800,8085,90109850,0,0,0
al2207,20220218,20220218,134022000,13:40:22,22490,800,8085,90109850,0,0,0
al2207,20220218,20220218,134022500,13:40:22,22490,800,8085,90109850,0,0,0
al2207,20220218,20220218,134023000,13:40:23,22490,800,8085,90109850,0,0,0
al2207,20220218,20220218,134023500,13:40:24,22490,800,8085,90109850,0,0,0
al2207,20220218,20220218,134024000,13:40:25,22490,800,8085,90109850,0,0,0
al2207,20220218,20220218,134028000,13:40:28,22490,800,8085,90109850,0,0,0
al2207,20220218,20220218,134029500,13:40:30,22490,800,8085,90109850,0,0,0
al2207,20220218,20220218,134030500,13:40:31,22490,800,8085,90109850,0,0,0
al2207,20220218,20220218,134034500,13:40:35,22490,800,8085,90109850,0,0,0
al2207,20220218,20220218,134037000,13:40:37,22490,800,8085,90109850,0,0,0
al2207,20220218,20220218,134037500,13:40:37,22490,800,8085,90109850,0,0,0
al2207,20220218,20220218,134038500,13:40:38,22490,800,8085,90109850,0,0,0
al2207,20220218,20220218,134046000,13:40:46,22490,800,8085,90109850,0,0,0
al2207,20220218,20220218,134046500,13:40:46,22490,800,8085,90109850,0,0,0
al2207,20220218,20220218,134107500,13:41:09,22490,800,8085,90109850,0,0,0
al2207,20220218,20220218,134108000,13:41:09,22490,800,8085,90109850,0,0,0
al2207,20220218,20220218,134109000,13:41:10,22490,800,8085,90109850,0,0,0
al2207,20220218,20220218,134111000,13:41:11,22500,801,8085,90222350,1,0,112500
al2207,20220218,20220218,134111500,13:41:12,22500,801,8085,90222350,0,0,0
al2207,20220218,20220218,134112000,13:41:12,22500,801,8085,90222350,0,0,0
al2207,20220218,20220218,134112500,13:41:12,22500,801,8085,90222350,0,0,0
al2207,20220218,20220218,134113000,13:41:13,22500,801,8085,90222350,0,0,0
al2207,20220218,20220218,134119500,13:41:20,22500,801,8085,90222350,0,0,0
al2207,20220218,20220218,134125000,13:41:27,22500,801,8085,90222350,0,0,0
al2207,20220218,20220218,134125500,13:41:27,22500,801,8085,90222350,0,0,0
al2207,20220218,20220218,134126000,13:41:27,22500,801,8085,90222350,0,0,0
al2207,20220218,20220218,134132500,13:41:33,22500,801,8085,90222350,0,0,0
al2207,20220218,20220218,134134000,13:41:34,22500,801,8085,90222350,0,0,0
al2207,20220218,20220218,134136000,13:41:39,22500,801,8085,90222350,0,0,0
al2207,20220218,20220218,134139500,13:41:41,22495,808,8085,91009675,7,0,787325
al2207,20220218,20220218,134140000,13:41:42,22495,809,8085,91122150,1,0,112475
al2207,20220218,20220218,134142500,13:41:42,22495,809,8085,91122150,0,0,0
al2207,20220218,20220218,134143000,13:41:44,22495,809,8085,91122150,0,0,0
al2207,20220218,20220218,134148000,13:41:48,22495,809,8085,91122150,0,0,0
al2207,20220218,20220218,134152000,13:41:52,22495,809,8085,91122150,0,0,0
al2207,20220218,20220218,134152500,13:41:53,22495,809,8085,91122150,0,0,0
al2207,20220218,20220218,134154000,13:42:02,22495,809,8085,91122150,0,0,0
al2207,20220218,20220218,134201000,13:42:10,22495,809,8085,91122150,0,0,0
al2207,20220218,20220218,134209500,13:42:12,22495,809,8085,91122150,0,0,0
al2207,20220218,20220218,134211000,13:42:12,22495,809,8085,91122150,0,0,0
al2207,20220218,20220218,134211500,13:42:13,22490,811,8087,91347050,2,2,224900
al2207,20220218,20220218,134212000,13:42:13,22490,811,8087,91347050,0,0,0
al2207,20220218,20220218,134212500,13:42:13,22490,811,8087,91347050,0,0,0
al2207,20220218,20220218,134213500,13:42:14,22490,811,8087,91347050,0,0,0
al2207,20220218,20220218,134214000,13:42:14,22490,811,8087,91347050,0,0,0
al2207,20220218,20220218,134214500,13:42:15,22490,811,8087,91347050,0,0,0
al2207,20220218,20220218,134215000,13:42:15,22490,811,8087,91347050,0,0,0
al2207,20220218,20220218,134216000,13:42:16,22490,811,8087,91347050,0,0,0
al2207,20220218,20220218,134216500,13:42:17,22490,811,8087,91347050,0,0,0
al2207,20220218,20220218,134217000,13:42:19,22490,811,8087,91347050,0,0,0
al2207,20220218,20220218,134217500,13:42:19,22490,811,8087,91347050,0,0,0
al2207,20220218,20220218,134218000,13:42:20,22490,811,8087,91347050,0,0,0
al2207,20220218,20220218,134219500,13:42:20,22490,811,8087,91347050,0,0,0
al2207,20220218,20220218,134220000,13:42:21,22490,811,8087,91347050,0,0,0
al2207,20220218,20220218,134220500,13:42:21,22490,811,8087,91347050,0,0,0
al2207,20220218,20220218,134221000,13:42:21,22490,811,8087,91347050,0,0,0
al2207,20220218,20220218,134221500,13:42:22,22490,811,8087,91347050,0,0,0
al2207,20220218,20220218,134222000,13:42:22,22490,811,8087,91347050,0,0,0
al2207,20220218,20220218,134223000,13:42:23,22490,811,8087,91347050,0,0,0
al2207,20220218,20220218,134223500,13:42:24,22490,811,8087,91347050,0,0,0
al2207,20220218,20220218,134224000,13:42:25,22490,811,8087,91347050,0,0,0
al2207,20220218,20220218,134224500,13:42:25,22490,811,8087,91347050,0,0,0
al2207,20220218,20220218,134225000,13:42:25,22490,811,8087,91347050,0,0,0
al2207,20220218,20220218,134226500,13:42:28,22490,811,8087,91347050,0,0,0
al2207,20220218,20220218,134227500,13:42:29,22490,811,8087,91347050,0,0,0
al2207,20220218,20220218,134228500,13:42:29,22490,811,8087,91347050,0,0,0
al2207,20220218,20220218,134239500,13:42:39,22490,811,8087,91347050,0,0,0
al2207,20220218,20220218,134249000,13:42:49,22490,811,8087,91347050,0,0,0
al2207,20220218,20220218,134254500,13:42:54,22490,811,8087,91347050,0,0,0
al2207,20220218,20220218,134256500,13:42:57,22490,811,8087,91347050,0,0,0
al2207,20220218,20220218,134257000,13:42:59,22490,811,8087,91347050,0,0,0
al2207,20220218,20220218,134304500,13:43:11,22490,811,8087,91347050,0,0,0
al2207,20220218,20220218,134305000,13:43:12,22490,812,8088,91459500,1,1,112450
al2207,20220218,20220218,134310500,13:43:12,22490,812,8088,91459500,0,0,0
al2207,20220218,20220218,134312500,13:43:14,22490,813,8088,91571950,1,0,112450
al2207,20220218,20220218,134314000,13:43:14,22490,813,8088,91571950,0,0,0
al2207,20220218,20220218,134314500,13:43:15,22490,813,8088,91571950,0,0,0
al2207,20220218,20220218,134315000,13:43:15,22490,813,8088,91571950,0,0,0
al2207,20220218,20220218,134318000,13:43:18,22490,813,8088,91571950,0,0,0
al2207,20220218,20220218,134321000,13:43:21,22490,813,8088,91571950,0,0,0
al2207,20220218,20220218,134321500,13:43:21,22490,813,8088,91571950,0,0,0
al2207,20220218,20220218,134322500,13:43:23,22490,813,8088,91571950,0,0,0
al2207,20220218,20220218,134324500,13:43:25,22490,813,8088,91571950,0,0,0
al2207,20220218,20220218,134326000,13:43:26,22490,813,8088,91571950,0,0,0
al2207,20220218,20220218,134326500,13:43:27,22490,813,8088,91571950,0,0,0
al2207,20220218,20220218,134327500,13:43:27,22490,813,8088,91571950,0,0,0
al2207,20220218,20220218,134328000,13:43:29,22490,813,8088,91571950,0,0,0
al2207,20220218,20220218,134338000,13:43:38,22490,813,8088,91571950,0,0,0
al2207,20220218,20220218,134338500,13:43:39,22490,813,8088,91571950,0,0,0
al2207,20220218,20220218,134354000,13:44:04,22490,813,8088,91571950,0,0,0
al2207,20220218,20220218,134401500,13:44:04,22490,813,8088,91571950,0,0,0
al2207,20220218,20220218,134404500,13:44:05,22490,813,8088,91571950,0,0,0
al2207,20220218,20220218,134409000,13:44:17,22490,813,8088,91571950,0,0,0
al2207,20220218,20220218,134413000,13:44:17,22490,813,8088,91571950,0,0,0
al2207,20220218,20220218,134418000,13:44:18,22490,813,8088,91571950,0,0,0
al2207,20220218,20220218,134420000,13:44:23,22490,813,8088,91571950,0,0,0
al2207,20220218,20220218,134424000,13:44:24,22490,813,8088,91571950,0,0,0
al2207,20220218,20220218,134424500,13:44:25,22490,813,8088,91571950,0,0,0
al2207,20220218,20220218,134425000,13:44:25,22490,813,8088,91571950,0,0,0
al2207,20220218,20220218,134426000,13:44:26,22490,813,8088,91571950,0,0,0
al2207,20220218,20220218,134426500,13:44:26,22490,813,8088,91571950,0,0,0
al2207,20220218,20220218,134429000,13:44:31,22490,813,8088,91571950,0,0,0
al2207,20220218,20220218,134430000,13:44:37,22490,813,8088,91571950,0,0,0
al2207,20220218,20220218,134435000,13:44:37,22490,813,8088,91571950,0,0,0
al2207,20220218,20220218,134441000,13:44:41,22490,813,8088,91571950,0,0,0
al2207,20220218,20220218,134449000,13:44:50,22490,813,8088,91571950,0,0,0
al2207,20220218,20220218,134449500,13:44:50,22490,813,8088,91571950,0,0,0
al2207,20220218,20220218,134450000,13:44:50,22490,813,8088,91571950,0,0,0
al2207,20220218,20220218,134500500,13:45:01,22490,813,8088,91571950,0,0,0
al2207,20220218,20220218,134503000,13:45:04,22490,813,8088,91571950,0,0,0
al2207,20220218,20220218,134513500,13:45:15,22490,813,8088,91571950,0,0,0
al2207,20220218,20220218,134514000,13:45:15,22490,813,8088,91571950,0,0,0
al2207,20220218,20220218,134514500,13:45:16,22490,813,8088,91571950,0,0,0
al2207,20220218,20220218,134529500,13:45:30,22490,813,8088,91571950,0,0,0
al2207,20220218,20220218,134531000,13:45:31,22490,813,8088,91571950,0,0,0
al2207,20220218,20220218,134554000,13:45:55,22490,813,8088,91571950,0,0,0
al2207,20220218,20220218,134618500,13:46:19,22490,813,8088,91571950,0,0,0
al2207,20220218,20220218,134619500,13:46:19,22490,813,8088,91571950,0,0,0
al2207,20220218,20220218,134620000,13:46:20,22490,813,8088,91571950,0,0,0
al2207,20220218,20220218,134622500,13:46:30,22490,813,8088,91571950,0,0,0
al2207,20220218,20220218,134623000,13:46:30,22490,813,8088,91571950,0,0,0
al2207,20220218,20220218,134628500,13:46:31,22490,813,8088,91571950,0,0,0
al2207,20220218,20220218,134635500,13:46:36,22490,813,8088,91571950,0,0,0
al2207,20220218,20220218,134636500,13:46:37,22490,813,8088,91571950,0,0,0
al2207,20220218,20220218,134638000,13:46:38,22490,813,8088,91571950,0,0,0
al2207,20220218,20220218,134639000,13:46:39,22490,813,8088,91571950,0,0,0
al2207,20220218,20220218,134639500,13:46:40,22490,813,8088,91571950,0,0,0
al2207,20220218,20220218,134640500,13:46:42,22490,813,8088,91571950,0,0,0
al2207,20220218,20220218,134646500,13:46:47,22490,813,8088,91571950,0,0,0
al2207,20220218,20220218,134651000,13:46:51,22490,813,8088,91571950,0,0,0
al2207,20220218,20220218,134701500,13:47:02,22490,813,8088,91571950,0,0,0
al2207,20220218,20220218,134709500,13:47:11,22490,813,8088,91571950,0,0,0
al2207,20220218,20220218,134713500,13:47:17,22490,813,8088,91571950,0,0,0
al2207,20220218,20220218,134722000,13:47:26,22490,813,8088,91571950,0,0,0
al2207,20220218,20220218,134723000,13:47:26,22490,813,8088,91571950,0,0,0
al2207,20220218,20220218,134723500,13:47:27,22490,813,8088,91571950,0,0,0
al2207,20220218,20220218,134727000,13:47:27,22490,813,8088,91571950,0,0,0
al2207,20220218,20220218,134729000,13:47:29,22490,813,8088,91571950,0,0,0
al2207,20220218,20220218,134730000,13:47:30,22490,813,8088,91571950,0,0,0
al2207,20220218,20220218,134736500,13:47:37,22490,813,8088,91571950,0,0,0
al2207,20220218,20220218,134738500,13:47:39,22485,818,8086,92134100,5,-2,562150
al2207,20220218,20220218,134739000,13:47:40,22485,818,8086,92134100,0,0,0
al2207,20220218,20220218,134739500,13:47:40,22485,818,8086,92134100,0,0,0
al2207,20220218,20220218,134740000,13:47:40,22485,818,8086,92134100,0,0,0
al2207,20220218,20220218,134740500,13:47:40,22485,818,8086,92134100,0,0,0
al2207,20220218,20220218,134741000,13:47:41,22485,818,8086,92134100,0,0,0
al2207,20220218,20220218,134742000,13:47:42,22485,818,8086,92134100,0,0,0
al2207,20220218,20220218,134743000,13:47:43,22485,818,8086,92134100,0,0,0
al2207,20220218,20220218,134743500,13:47:44,22485,818,8086,92134100,0,0,0
al2207,20220218,20220218,134744000,13:47:45,22485,818,8086,92134100,0,0,0
al2207,20220218,20220218,134744500,13:47:45,22485,818,8086,92134100,0,0,0
al2207,20220218,20220218,134745000,13:47:45,22470,821,8083,92471150,3,-3,337050
al2207,20220218,20220218,134745500,13:47:46,22470,821,8083,92471150,0,0,0
al2207,20220218,20220218,134746000,13:47:47,22470,821,8083,92471150,0,0,0
al2207,20220218,20220218,134746500,13:47:47,22475,822,8083,92583525,1,0,112375
al2207,20220218,20220218,134747000,13:47:47,22475,822,8083,92583525,0,0,0
al2207,20220218,20220218,134747500,13:47:47,22475,822,8083,92583525,0,0,0
al2207,20220218,20220218,134750000,13:47:50,22475,822,8083,92583525,0,0,0
al2207,20220218,20220218,134808000,13:48:08,22475,823,8083,92695900,1,0,112375
al2207,20220218,20220218,134817500,13:48:19,22475,823,8083,92695900,0,0,0
al2207,20220218,20220218,134818000,13:48:19,22475,823,8083,92695900,0,0,0
al2207,20220218,20220218,134818500,13:48:20,22475,823,8083,92695900,0,0,0
al2207,20220218,20220218,134824500,13:48:24,22475,823,8083,92695900,0,0,0
al2207,20220218,20220218,134825000,13:48:26,22475,823,8083,92695900,0,0,0
al2207,20220218,20220218,134827000,13:48:28,22475,823,8083,92695900,0,0,0
al2207,20220218,20220218,134827500,13:48:28,22475,823,8083,92695900,0,0,0
al2207,20220218,20220218,134828000,13:48:28,22475,823,8083,92695900,0,0,0
al2207,20220218,20220218,134831000,13:48:32,22475,823,8083,92695900,0,0,0
al2207,20220218,20220218,134831500,13:48:32,22475,823,8083,92695900,0,0,0
al2207,20220218,20220218,134833500,13:48:34,22475,823,8083,92695900,0,0,0
al2207,20220218,20220218,134839500,13:48:39,22475,823,8083,92695900,0,0,0
al2207,20220218,20220218,134843000,13:48:43,22475,823,8083,92695900,0,0,0
al2207,20220218,20220218,134845000,13:48:45,22475,823,8083,92695900,0,0,0
al2207,20220218,20220218,134902500,13:49:03,22475,823,8083,92695900,0,0,0
al2207,20220218,20220218,134928500,13:49:29,22475,823,8083,92695900,0,0,0
al2207,20220218,20220218,134929000,13:49:29,22475,823,8083,92695900,0,0,0
al2207,20220218,20220218,134936500,13:49:36,22475,823,8083,92695900,0,0,0
al2207,20220218,20220218,134941000,13:49:41,22475,823,8083,92695900,0,0,0
al2207,20220218,20220218,134942000,13:49:42,22475,826,8080,93033025,3,-3,337125
al2207,20220218,20220218,134943500,13:49:44,22475,826,8080,93033025,0,0,0
al2207,20220218,20220218,134944000,13:49:44,22475,826,8080,93033025,0,0,0
al2207,20220218,20220218,135004500,13:50:05,22475,826,8080,93033025,0,0,0
al2207,20220218,20220218,135005000,13:50:05,22475,826,8080,93033025,0,0,0
al2207,20220218,20220218,135005500,13:50:06,22475,826,8080,93033025,0,0,0
al2207,20220218,20220218,135006000,13:50:06,22475,826,8080,93033025,0,0,0
al2207,20220218,20220218,135007000,13:50:07,22475,826,8080,93033025,0,0,0
al2207,20220218,20220218,135007500,13:50:09,22475,826,8080,93033025,0,0,0
al2207,20220218,20220218,135025500,13:50:27,22475,826,8080,93033025,0,0,0
al2207,20220218,20220218,135026500,13:50:33,22475,826,8080,93033025,0,0,0
al2207,20220218,20220218,135029500,13:50:35,22475,826,8080,93033025,0,0,0
al2207,20220218,20220218,135030000,13:50:37,22475,826,8080,93033025,0,0,0
al2207,20220218,20220218,135035500,13:50:38,22475,826,8080,93033025,0,0,0
al2207,20220218,20220218,135040500,13:50:41,22475,826,8080,93033025,0,0,0
al2207,20220218,20220218,135047500,13:50:48,22475,826,8080,93033025,0,0,0
al2207,20220218,20220218,135054000,13:50:54,22475,826,8080,93033025,0,0,0
al2207,20220218,20220218,135054500,13:50:54,22475,826,8080,93033025,0,0,0
al2207,20220218,20220218,135055500,13:50:56,22475,827,8079,93145400,1,-1,112375
al2207,20220218,20220218,135056000,13:50:56,22475,827,8079,93145400,0,0,0
al2207,20220218,20220218,135056500,13:50:57,22475,827,8079,93145400,0,0,0
al2207,20220218,20220218,135057000,13:50:57,22475,827,8079,93145400,0,0,0
al2207,20220218,20220218,135058500,13:50:59,22475,827,8079,93145400,0,0,0
al2207,20220218,20220218,135059500,13:51:00,22475,827,8079,93145400,0,0,0
al2207,20220218,20220218,135107500,13:51:21,22475,827,8079,93145400,0,0,0
al2207,20220218,20220218,135108000,13:51:21,22475,827,8079,93145400,0,0,0
al2207,20220218,20220218,135119500,13:51:21,22475,827,8079,93145400,0,0,0
al2207,20220218,20220218,135122000,13:51:22,22475,827,8079,93145400,0,0,0
al2207,20220218,20220218,135125500,13:51:27,22475,827,8079,93145400,0,0,0
al2207,20220218,20220218,135126000,13:51:27,22475,827,8079,93145400,0,0,0
al2207,20220218,20220218,135140500,13:51:40,22475,827,8079,93145400,0,0,0
al2207,20220218,20220218,135200500,13:52:00,22475,827,8079,93145400,0,0,0
al2207,20220218,20220218,135201500,13:52:03,22475,827,8079,93145400,0,0,0
al2207,20220218,20220218,135202000,13:52:03,22475,827,8079,93145400,0,0,0
al2207,20220218,20220218,135202500,13:52:03,22475,827,8079,93145400,0,0,0
al2207,20220218,20220218,135203000,13:52:04,22475,827,8079,93145400,0,0,0
al2207,20220218,20220218,135203500,13:52:04,22475,827,8079,93145400,0,0,0
al2207,20220218,20220218,135204000,13:52:05,22475,827,8079,93145400,0,0,0
al2207,20220218,20220218,135204500,13:52:05,22475,827,8079,93145400,0,0,0
al2207,20220218,20220218,135207000,13:52:09,22475,827,8079,93145400,0,0,0
al2207,20220218,20220218,135219000,13:52:23,22475,827,8079,93145400,0,0,0
al2207,20220218,20220218,135219500,13:52:24,22475,827,8079,93145400,0,0,0
al2207,20220218,20220218,135226500,13:52:27,22475,827,8079,93145400,0,0,0
al2207,20220218,20220218,135227000,13:52:27,22475,827,8079,93145400,0,0,0
al2207,20220218,20220218,135227500,13:52:27,22475,827,8079,93145400,0,0,0
al2207,20220218,20220218,135228000,13:52:28,22475,827,8079,93145400,0,0,0
al2207,20220218,20220218,135229000,13:52:31,22475,827,8079,93145400,0,0,0
al2207,20220218,20220218,135229500,13:52:31,22475,827,8079,93145400,0,0,0
al2207,20220218,20220218,135230000,13:52:31,22475,827,8079,93145400,0,0,0
al2207,20220218,20220218,135237500,13:52:44,22475,827,8079,93145400,0,0,0
al2207,20220218,20220218,135238000,13:52:45,22475,827,8079,93145400,0,0,0
al2207,20220218,20220218,135247000,13:52:48,22475,827,8079,93145400,0,0,0
al2207,20220218,20220218,135247500,13:52:48,22475,827,8079,93145400,0,0,0
al2207,20220218,20220218,135248000,13:52:48,22475,827,8079,93145400,0,0,0
al2207,20220218,20220218,135249000,13:52:49,22475,827,8079,93145400,0,0,0
al2207,20220218,20220218,135250000,13:52:50,22475,827,8079,93145400,0,0,0
al2207,20220218,20220218,135251500,13:52:51,22475,827,8079,93145400,0,0,0
al2207,20220218,20220218,135252000,13:52:52,22475,827,8079,93145400,0,0,0
al2207,20220218,20220218,135252500,13:52:53,22475,827,8079,93145400,0,0,0
al2207,20220218,20220218,135255500,13:52:55,22475,827,8079,93145400,0,0,0
al2207,20220218,20220218,135257000,13:52:57,22475,827,8079,93145400,0,0,0
al2207,20220218,20220218,135258000,13:52:58,22475,827,8079,93145400,0,0,0
al2207,20220218,20220218,135258500,13:52:59,22475,827,8079,93145400,0,0,0
al2207,20220218,20220218,135259000,13:53:00,22475,827,8079,93145400,0,0,0
al2207,20220218,20220218,135259500,13:53:00,22475,827,8079,93145400,0,0,0
al2207,20220218,20220218,135301500,13:53:02,22475,827,8079,93145400,0,0,0
al2207,20220218,20220218,135302000,13:53:02,22475,827,8079,93145400,0,0,0
al2207,20220218,20220218,135302500,13:53:03,22475,827,8079,93145400,0,0,0
al2207,20220218,20220218,135303000,13:53:04,22475,827,8079,93145400,0,0,0
al2207,20220218,20220218,135303500,13:53:04,22475,827,8079,93145400,0,0,0
al2207,20220218,20220218,135304000,13:53:06,22475,827,8079,93145400,0,0,0
al2207,20220218,20220218,135304500,13:53:06,22475,827,8079,93145400,0,0,0
al2207,20220218,20220218,135307000,13:53:09,22475,827,8079,93145400,0,0,0
al2207,20220218,20220218,135313500,13:53:13,22475,827,8079,93145400,0,0,0
al2207,20220218,20220218,135314000,13:53:14,22475,827,8079,93145400,0,0,0
al2207,20220218,20220218,135314500,13:53:15,22475,827,8079,93145400,0,0,0
al2207,20220218,20220218,135315000,13:53:15,22475,827,8079,93145400,0,0,0
al2207,20220218,20220218,135315500,13:53:16,22475,827,8079,93145400,0,0,0
al2207,20220218,20220218,135317500,13:53:20,22475,827,8079,93145400,0,0,0
al2207,20220218,20220218,135319500,13:53:20,22475,827,8079,93145400,0,0,0
al2207,20220218,20220218,135326500,13:53:26,22475,827,8079,93145400,0,0,0
al2207,20220218,20220218,135327000,13:53:27,22475,827,8079,93145400,0,0,0
al2207,20220218,20220218,135329000,13:53:29,22475,827,8079,93145400,0,0,0
al2207,20220218,20220218,135334000,13:53:35,22475,827,8079,93145400,0,0,0
al2207,20220218,20220218,135335000,13:53:36,22475,827,8079,93145400,0,0,0
al2207,20220218,20220218,135335500,13:53:36,22475,827,8079,93145400,0,0,0
al2207,20220218,20220218,135336000,13:53:44,22475,827,8079,93145400,0,0,0
al2207,20220218,20220218,135343000,13:53:45,22475,827,8079,93145400,0,0,0
al2207,20220218,20220218,135344500,13:53:46,22475,827,8079,93145400,0,0,0
al2207,20220218,20220218,135345000,13:53:46,22475,827,8079,93145400,0,0,0
al2207,20220218,20220218,135347500,13:53:47,22475,827,8079,93145400,0,0,0
al2207,20220218,20220218,135350500,13:53:51,22475,827,8079,93145400,0,0,0
al2207,20220218,20220218,135351500,13:53:53,22475,827,8079,93145400,0,0,0
al2207,20220218,20220218,135352500,13:53:53,22475,827,8079,93145400,0,0,0
al2207,20220218,20220218,135353500,13:53:53,22475,827,8079,93145400,0,0,0
al2207,20220218,20220218,135355500,13:53:56,22475,827,8079,93145400,0,0,0
al2207,20220218,20220218,135356000,13:53:56,22475,827,8079,93145400,0,0,0
al2207,20220218,20220218,135356500,13:53:57,22475,827,8079,93145400,0,0,0
al2207,20220218,20220218,135357500,13:53:58,22475,827,8079,93145400,0,0,0
al2207,20220218,20220218,135358000,13:53:59,22475,827,8079,93145400,0,0,0
al2207,20220218,20220218,135358500,13:54:00,22475,827,8079,93145400,0,0,0
al2207,20220218,20220218,135359000,13:54:01,22475,827,8079,93145400,0,0,0
al2207,20220218,20220218,135400000,13:54:08,22475,827,8079,93145400,0,0,0
al2207,20220218,20220218,135400500,13:54:09,22475,827,8079,93145400,0,0,0
al2207,20220218,20220218,135407500,13:54:09,22475,827,8079,93145400,0,0,0
al2207,20220218,20220218,135408000,13:54:09,22475,827,8079,93145400,0,0,0
al2207,20220218,20220218,135409000,13:54:10,22475,827,8079,93145400,0,0,0
al2207,20220218,20220218,135409500,13:54:10,22475,827,8079,93145400,0,0,0
al2207,20220218,20220218,135410000,13:54:10,22475,827,8079,93145400,0,0,0
al2207,20220218,20220218,135410500,13:54:11,22475,827,8079,93145400,0,0,0
al2207,20220218,20220218,135411000,13:54:11,22475,827,8079,93145400,0,0,0
al2207,20220218,20220218,135411500,13:54:12,22475,827,8079,93145400,0,0,0
al2207,20220218,20220218,135412000,13:54:12,22475,827,8079,93145400,0,0,0
al2207,20220218,20220218,135412500,13:54:13,22475,827,8079,93145400,0,0,0
al2207,20220218,20220218,135415500,13:54:15,22475,827,8079,93145400,0,0,0
al2207,20220218,20220218,135416000,13:54:16,22475,827,8079,93145400,0,0,0
al2207,20220218,20220218,135419500,13:54:20,22475,827,8079,93145400,0,0,0
al2207,20220218,20220218,135420000,13:54:20,22475,827,8079,93145400,0,0,0
al2207,20220218,20220218,135420500,13:54:21,22475,827,8079,93145400,0,0,0
al2207,20220218,20220218,135421000,13:54:21,22475,827,8079,93145400,0,0,0
al2207,20220218,20220218,135422000,13:54:22,22475,827,8079,93145400,0,0,0
al2207,20220218,20220218,135426500,13:54:27,22475,827,8079,93145400,0,0,0
al2207,20220218,20220218,135427000,13:54:28,22475,827,8079,93145400,0,0,0
al2207,20220218,20220218,135434500,13:54:34,22475,827,8079,93145400,0,0,0
al2207,20220218,20220218,135435500,13:54:35,22475,827,8079,93145400,0,0,0
al2207,20220218,20220218,135437000,13:54:37,22475,827,8079,93145400,0,0,0
al2207,20220218,20220218,135437500,13:54:37,22475,827,8079,93145400,0,0,0
al2207,20220218,20220218,135439500,13:54:40,22475,827,8079,93145400,0,0,0
al2207,20220218,20220218,135440500,13:54:40,22475,827,8079,93145400,0,0,0
al2207,20220218,20220218,135442000,13:54:42,22475,827,8079,93145400,0,0,0
al2207,20220218,20220218,135444000,13:54:44,22475,827,8079,93145400,0,0,0
al2207,20220218,20220218,135444500,13:54:44,22475,827,8079,93145400,0,0,0
al2207,20220218,20220218,135445000,13:54:45,22475,827,8079,93145400,0,0,0
al2207,20220218,20220218,135448000,13:54:48,22475,827,8079,93145400,0,0,0
al2207,20220218,20220218,135449500,13:54:50,22475,827,8079,93145400,0,0,0
al2207,20220218,20220218,135450000,13:54:50,22475,827,8079,93145400,0,0,0
al2207,20220218,20220218,135450500,13:54:50,22475,827,8079,93145400,0,0,0
al2207,20220218,20220218,135453500,13:54:54,22475,827,8079,93145400,0,0,0
al2207,20220218,20220218,135454000,13:54:54,22475,827,8079,93145400,0,0,0
al2207,20220218,20220218,135454500,13:54:55,22475,827,8079,93145400,0,0,0
al2207,20220218,20220218,135456000,13:54:56,22475,827,8079,93145400,0,0,0
al2207,20220218,20220218,135456500,13:54:56,22475,827,8079,93145400,0,0,0
al2207,20220218,20220218,135457000,13:54:57,22475,827,8079,93145400,0,0,0
al2207,20220218,20220218,135457500,13:54:58,22475,827,8079,93145400,0,0,0
al2207,20220218,20220218,135459000,13:54:59,22475,827,8079,93145400,0,0,0
al2207,20220218,20220218,135459500,13:55:00,22475,827,8079,93145400,0,0,0
al2207,20220218,20220218,135500000,13:55:00,22475,827,8079,93145400,0,0,0
al2207,20220218,20220218,135501500,13:55:02,22475,827,8079,93145400,0,0,0
al2207,20220218,20220218,135502000,13:55:03,22475,827,8079,93145400,0,0,0
al2207,20220218,20220218,135502500,13:55:03,22475,827,8079,93145400,0,0,0
al2207,20220218,20220218,135507500,13:55:11,22475,827,8079,93145400,0,0,0
al2207,20220218,20220218,135508000,13:55:12,22475,827,8079,93145400,0,0,0
al2207,20220218,20220218,135511000,13:55:12,22475,827,8079,93145400,0,0,0
al2207,20220218,20220218,135512000,13:55:12,22475,827,8079,93145400,0,0,0
al2207,20220218,20220218,135512500,13:55:13,22475,827,8079,93145400,0,0,0
al2207,20220218,20220218,135513000,13:55:15,22475,827,8079,93145400,0,0,0
al2207,20220218,20220218,135514000,13:55:15,22475,827,8079,93145400,0,0,0
al2207,20220218,20220218,135515500,13:55:16,22475,827,8079,93145400,0,0,0
al2207,20220218,20220218,135516500,13:55:20,22475,827,8079,93145400,0,0,0
al2207,20220218,20220218,135517000,13:55:21,22475,827,8079,93145400,0,0,0
al2207,20220218,20220218,135518000,13:55:24,22475,827,8079,93145400,0,0,0
al2207,20220218,20220218,135518500,13:55:25,22475,827,8079,93145400,0,0,0
al2207,20220218,20220218,135523500,13:55:25,22475,827,8079,93145400,0,0,0
al2207,20220218,20220218,135526000,13:55:27,22475,827,8079,93145400,0,0,0
al2207,20220218,20220218,135527500,13:55:28,22475,827,8079,93145400,0,0,0
al2207,20220218,20220218,135528500,13:55:29,22475,827,8079,93145400,0,0,0
al2207,20220218,20220218,135529000,13:55:29,22475,827,8079,93145400,0,0,0
al2207,20220218,20220218,135529500,13:55:30,22475,827,8079,93145400,0,0,0
al2207,20220218,20220218,135530000,13:55:30,22475,827,8079,93145400,0,0,0
al2207,20220218,20220218,135534000,13:55:34,22475,827,8079,93145400,0,0,0
al2207,20220218,20220218,135534500,13:55:34,22475,827,8079,93145400,0,0,0
al2207,20220218,20220218,135535000,13:55:35,22475,827,8079,93145400,0,0,0
al2207,20220218,20220218,135535500,13:55:36,22475,827,8079,93145400,0,0,0
al2207,20220218,20220218,135536000,13:55:37,22475,827,8079,93145400,0,0,0
al2207,20220218,20220218,135536500,13:55:37,22475,827,8079,93145400,0,0,0
al2207,20220218,20220218,135537000,13:55:37,22475,827,8079,93145400,0,0,0
al2207,20220218,20220218,135538000,13:55:38,22475,827,8079,93145400,0,0,0
al2207,20220218,20220218,135539000,13:55:39,22475,827,8079,93145400,0,0,0
al2207,20220218,20220218,135539500,13:55:40,22475,827,8079,93145400,0,0,0
al2207,20220218,20220218,135540000,13:55:40,22475,827,8079,93145400,0,0,0
al2207,20220218,20220218,135541000,13:55:41,22475,827,8079,93145400,0,0,0
al2207,20220218,20220218,135541500,13:55:41,22475,827,8079,93145400,0,0,0
al2207,20220218,20220218,135542000,13:55:42,22475,827,8079,93145400,0,0,0
al2207,20220218,20220218,135542500,13:55:42,22475,827,8079,93145400,0,0,0
al2207,20220218,20220218,135543500,13:55:45,22475,827,8079,93145400,0,0,0
al2207,20220218,20220218,135544000,13:55:45,22475,827,8079,93145400,0,0,0
al2207,20220218,20220218,135545000,13:55:45,22475,827,8079,93145400,0,0,0
al2207,20220218,20220218,135545500,13:55:46,22475,827,8079,93145400,0,0,0
al2207,20220218,20220218,135546000,13:55:46,22475,827,8079,93145400,0,0,0
al2207,20220218,20220218,135546500,13:55:47,22475,827,8079,93145400,0,0,0
al2207,20220218,20220218,135547500,13:55:47,22475,827,8079,93145400,0,0,0
al2207,20220218,20220218,135550500,13:55:50,22475,827,8079,93145400,0,0,0
al2207,20220218,20220218,135552000,13:55:52,22475,827,8079,93145400,0,0,0
al2207,20220218,20220218,135552500,13:55:52,22475,827,8079,93145400,0,0,0
al2207,20220218,20220218,135553000,13:55:53,22475,827,8079,93145400,0,0,0
al2207,20220218,20220218,135554500,13:55:55,22475,827,8079,93145400,0,0,0
al2207,20220218,20220218,135617500,13:56:23,22475,827,8079,93145400,0,0,0
al2207,20220218,20220218,135620500,13:56:23,22475,827,8079,93145400,0,0,0
al2207,20220218,20220218,135625000,13:56:25,22475,827,8079,93145400,0,0,0
al2207,20220218,20220218,135626000,13:56:33,22475,827,8079,93145400,0,0,0
al2207,20220218,20220218,135626500,13:56:34,22475,827,8079,93145400,0,0,0
al2207,20220218,20220218,135632000,13:56:35,22475,827,8079,93145400,0,0,0
al2207,20220218,20220218,135636000,13:56:36,22475,827,8079,93145400,0,0,0
al2207,20220218,20220218,135640500,13:56:41,22475,827,8079,93145400,0,0,0
al2207,20220218,20220218,135643000,13:56:44,22475,827,8079,93145400,0,0,0
al2207,20220218,20220218,135644500,13:56:45,22475,827,8079,93145400,0,0,0
al2207,20220218,20220218,135653500,13:56:53,22475,827,8079,93145400,0,0,0
al2207,20220218,20220218,135654500,13:56:54,22475,827,8079,93145400,0,0,0
al2207,20220218,20220218,135655000,13:56:55,22475,827,8079,93145400,0,0,0
al2207,20220218,20220218,135657000,13:56:57,22475,827,8079,93145400,0,0,0
al2207,20220218,20220218,135659000,13:57:00,22475,827,8079,93145400,0,0,0
al2207,20220218,20220218,135700000,13:57:01,22475,827,8079,93145400,0,0,0
al2207,20220218,20220218,135700500,13:57:02,22475,827,8079,93145400,0,0,0
al2207,20220218,20220218,135701000,13:57:02,22475,827,8079,93145400,0,0,0
al2207,20220218,20220218,135706000,13:57:06,22475,827,8079,93145400,0,0,0
al2207,20220218,20220218,135706500,13:57:07,22475,827,8079,93145400,0,0,0
al2207,20220218,20220218,135707000,13:57:07,22475,827,8079,93145400,0,0,0
al2207,20220218,20220218,135707500,13:57:08,22475,827,8079,93145400,0,0,0
