al2204,20220218,20220218,112003000,11:20:03,22645,114904,159636,13041805425,114904,159636,13041805425
al2204,20220218,20220218,112004500,11:20:09,22645,114917,159628,13043277350,13,-8,1471925
al2204,20220218,20220218,112005000,11:20:10,22645,114919,159628,13043503800,2,0,226450
al2204,20220218,20220218,112006000,11:20:10,22645,114919,159628,13043503800,0,0,0
al2204,20220218,20220218,112006500,11:20:10,22645,114919,159628,13043503800,0,0,0
al2204,20220218,20220218,112007000,11:20:10,22645,114919,159628,13043503800,0,0,0
al2204,20220218,20220218,112007500,11:20:10,22645,114919,159628,13043503800,0,0,0
al2204,20220218,20220218,112008500,11:20:10,22645,114919,159628,13043503800,0,0,0
al2204,20220218,20220218,112009000,11:20:10,22645,114920,159628,13043617025,1,0,113225
al2204,20220218,20220218,112009500,11:20:10,22645,114920,159628,13043617025,0,0,0
al2204,20220218,20220218,112010000,11:20:10,22640,114921,159629,13043730225,1,1,113200
al2204,20220218,20220218,112010500,11:20:10,22645,114922,159630,13043843450,1,1,113225
al2204,20220218,20220218,112011000,11:20:11,22645,114922,159630,13043843450,0,0,0
al2204,20220218,20220218,112011500,11:20:12,22645,114923,159630,13043956675,1,0,113225
al2204,20220218,20220218,112013000,11:20:13,22645,114923,159630,13043956675,0,0,0
al2204,20220218,20220218,112014000,11:20:14,22640,114925,159632,13044183075,2,2,226400
al2204,20220218,20220218,112015500,11:20:16,22640,114925,159632,13044183075,0,0,0
al2204,20220218,20220218,112016500,11:20:16,22640,114925,159632,13044183075,0,0,0
al2204,20220218,20220218,112017000,11:20:17,22640,114925,159632,13044183075,0,0,0
al2204,20220218,20220218,112017500,11:20:17,22640,114925,159632,13044183075,0,0,0
al2204,20220218,20220218,112018000,11:20:18,22640,114925,159632,13044183075,0,0,0
al2204,20220218,20220218,112018500,11:20:18,22640,114925,159632,13044183075,0,0,0
al2204,20220218,20220218,112019000,11:20:19,22640,114925,159632,13044183075,0,0,0
al2204,20220218,20220218,112021000,11:20:21,22640,114925,159632,13044183075,0,0,0
al2204,20220218,20220218,112022000,11:20:22,22645,114926,159632,13044296300,1,0,113225
al2204,20220218,20220218,112023500,11:20:23,22645,114926,159632,13044296300,0,0,0
al2204,20220218,20220218,112024500,11:20:24,22645,114926,159632,13044296300,0,0,0
al2204,20220218,20220218,112025000,11:20:25,22645,114926,159632,13044296300,0,0,0
al2204,20220218,20220218,112025500,11:20:25,22640,114927,159631,13044409500,1,-1,113200
al2204,20220218,20220218,112029500,11:20:30,22640,114965,159656,13048711100,38,25,4301600
al2204,20220218,20220218,112030000,11:20:31,22640,114972,159660,13049503500,7,4,792400
al2204,20220218,20220218,112030500,11:20:31,22640,114972,159660,13049503500,0,0,0
al2204,20220218,20220218,112031000,11:20:32,22640,114972,159660,13049503500,0,0,0
al2204,20220218,20220218,112031500,11:20:32,22635,114973,159660,13049616675,1,0,113175
al2204,20220218,20220218,112032000,11:20:32,22635,114973,159660,13049616675,0,0,0
al2204,20220218,20220218,112032500,11:20:32,22635,114973,159660,13049616675,0,0,0
al2204,20220218,20220218,112033000,11:20:33,22635,114974,159660,13049729850,1,0,113175
al2204,20220218,20220218,112033500,11:20:33,22635,114975,159660,13049843025,1,0,113175
al2204,20220218,20220218,112034000,11:20:34,22635,114988,159666,13051314575,13,6,1471550
al2204,20220218,20220218,112034500,11:20:35,22635,114988,159666,13051314575,0,0,0
al2204,20220218,20220218,112035000,11:20:35,22635,114989,159665,13051427750,1,-1,113175
al2204,20220218,20220218,112035500,11:20:35,22635,115001,159666,13052785850,12,1,1358100
al2204,20220218,20220218,112036000,11:20:36,22635,115001,159666,13052785850,0,0,0
al2204,20220218,20220218,112036500,11:20:37,22635,115001,159666,13052785850,0,0,0
al2204,20220218,20220218,112037000,11:20:37,22635,115001,159666,13052785850,0,0,0
al2204,20220218,20220218,112037500,11:20:38,22635,115001,159666,13052785850,0,0,0
al2204,20220218,20220218,112038000,11:20:38,22635,115001,159666,13052785850,0,0,0
al2204,20220218,20220218,112038500,11:20:38,22640,115003,159665,13053012250,2,-1,226400
al2204,20220218,20220218,112039000,11:20:39,22640,115004,159664,13053125450,1,-1,113200
al2204,20220218,20220218,112039500,11:20:40,22640,115004,159664,13053125450,0,0,0
al2204,20220218,20220218,112040000,11:20:40,22640,115004,159664,13053125450,0,0,0
al2204,20220218,20220218,112041500,11:20:41,22640,115004,159664,13053125450,0,0,0
al2204,20220218,20220218,112042000,11:20:42,22640,115004,159664,13053125450,0,0,0
al2204,20220218,20220218,112042500,11:20:42,22640,115011,159667,13053917850,7,3,792400
al2204,20220218,20220218,112043000,11:20:43,22640,115012,159667,13054031050,1,0,113200
al2204,20220218,20220218,112043500,11:20:44,22640,115013,159667,13054144250,1,0,113200
al2204,20220218,20220218,112044000,11:20:44,22640,115013,159667,13054144250,0,0,0
al2204,20220218,20220218,112044500,11:20:45,22640,115013,159667,13054144250,0,0,0
al2204,20220218,20220218,112045000,11:20:45,22640,115016,159664,13054483850,3,-3,339600
al2204,20220218,20220218,112045500,11:20:46,22640,115016,159664,13054483850,0,0,0
al2204,20220218,20220218,112046000,11:20:46,22640,115016,159664,13054483850,0,0,0
al2204,20220218,20220218,112046500,11:20:46,22640,115016,159664,13054483850,0,0,0
al2204,20220218,20220218,112047000,11:20:47,22640,115016,159664,13054483850,0,0,0
al2204,20220218,20220218,112047500,11:20:48,22640,115016,159664,13054483850,0,0,0
al2204,20220218,20220218,112048000,11:20:48,22640,115016,159664,13054483850,0,0,0
al2204,20220218,20220218,112049500,11:20:50,22640,115017,159664,13054597050,1,0,113200
al2204,20220218,20220218,112050500,11:20:50,22640,115018,159664,13054710250,1,0,113200
al2204,20220218,20220218,112051000,11:20:51,22640,115020,159666,13054936650,2,2,226400
al2204,20220218,20220218,112051500,11:20:52,22640,115020,159666,13054936650,0,0,0
al2204,20220218,20220218,112052000,11:20:53,22640,115025,159663,13055502650,5,-3,566000
al2204,20220218,20220218,112052500,11:20:53,22640,115025,159663,13055502650,0,0,0
al2204,20220218,20220218,112053000,11:20:53,22640,115025,159663,13055502650,0,0,0
al2204,20220218,20220218,112056000,11:20:56,22640,115035,159672,13056634650,10,9,1132000
al2204,20220218,20220218,112056500,11:20:56,22640,115035,159672,13056634650,0,0,0
al2204,20220218,20220218,112057000,11:20:58,22640,115036,159671,13056747850,1,-1,113200
al2204,20220218,20220218,112057500,11:20:58,22640,115036,159671,13056747850,0,0,0
al2204,20220218,20220218,112058000,11:20:58,22640,115036,159671,13056747850,0,0,0
al2204,20220218,20220218,112058500,11:20:59,22640,115036,159671,13056747850,0,0,0
al2204,20220218,20220218,112100500,11:21:01,22640,115039,159668,13057087450,3,-3,339600
al2204,20220218,20220218,112101000,11:21:01,22645,115056,159666,13059012000,17,-2,1924550
al2204,20220218,20220218,112101500,11:21:02,22645,115056,159666,13059012000,0,0,0
al2204,20220218,20220218,112102500,11:21:03,22645,115057,159666,13059125225,1,0,113225
al2204,20220218,20220218,112103000,11:21:03,22640,115081,159662,13061842025,24,-4,2716800
al2204,20220218,20220218,112103500,11:21:04,22640,115086,159662,13062408025,5,0,566000
al2204,20220218,20220218,112104000,11:21:04,22640,115086,159662,13062408025,0,0,0
al2204,20220218,20220218,112104500,11:21:05,22640,115086,159662,13062408025,0,0,0
al2204,20220218,20220218,112105000,11:21:06,22640,115086,159662,13062408025,0,0,0
al2204,20220218,20220218,112105500,11:21:07,22640,115087,159662,13062521225,1,0,113200
al2204,20220218,20220218,112106000,11:21:07,22640,115087,159662,13062521225,0,0,0
al2204,20220218,20220218,112106500,11:21:08,22640,115087,159662,13062521225,0,0,0
al2204,20220218,20220218,112107500,11:21:10,22640,115087,159662,13062521225,0,0,0
al2204,20220218,20220218,112108000,11:21:10,22640,115089,159660,13062747625,2,-2,226400
al2204,20220218,20220218,112110000,11:21:10,22640,115089,159660,13062747625,0,0,0
al2204,20220218,20220218,112111000,11:21:11,22645,115097,159667,13063653425,8,7,905800
al2204,20220218,20220218,112111500,11:21:12,22645,115097,159667,13063653425,0,0,0
al2204,20220218,20220218,112112000,11:21:12,22640,115109,159660,13065011825,12,-7,1358400
al2204,20220218,20220218,112112500,11:21:13,22640,115109,159660,13065011825,0,0,0
al2204,20220218,20220218,112113000,11:21:13,22640,115109,159660,13065011825,0,0,0
al2204,20220218,20220218,112113500,11:21:13,22640,115115,159663,13065691025,6,3,679200
al2204,20220218,20220218,112114500,11:21:14,22640,115115,159663,13065691025,0,0,0
al2204,20220218,20220218,112115000,11:21:15,22645,115118,159664,13066030675,3,1,339650
al2204,20220218,20220218,112115500,11:21:15,22640,115120,159665,13066257075,2,1,226400
al2204,20220218,20220218,112116000,11:21:16,22645,115131,159665,13067502550,11,0,1245475
al2204,20220218,20220218,112116500,11:21:17,22645,115166,159694,13071465425,35,29,3962875
al2204,20220218,20220218,112117000,11:21:17,22645,115175,159698,13072484450,9,4,1019025
al2204,20220218,20220218,112117500,11:21:18,22645,115176,159699,13072597675,1,1,113225
al2204,20220218,20220218,112118000,11:21:18,22645,115187,159692,13073843150,11,-7,1245475
al2204,20220218,20220218,112118500,11:21:18,22645,115187,159692,13073843150,0,0,0
al2204,20220218,20220218,112119000,11:21:19,22650,115188,159692,13073956400,1,0,113250
al2204,20220218,20220218,112119500,11:21:19,22650,115188,159692,13073956400,0,0,0
al2204,20220218,20220218,112120000,11:21:20,22650,115188,159692,13073956400,0,0,0
al2204,20220218,20220218,112120500,11:21:21,22650,115188,159692,13073956400,0,0,0
al2204,20220218,20220218,112121000,11:21:22,22650,115188,159692,13073956400,0,0,0
al2204,20220218,20220218,112121500,11:21:22,22650,115188,159692,13073956400,0,0,0
al2204,20220218,20220218,112122000,11:21:22,22645,115189,159691,13074069625,1,-1,113225
al2204,20220218,20220218,112122500,11:21:22,22645,115189,159691,13074069625,0,0,0
al2204,20220218,20220218,112123000,11:21:23,22645,115189,159691,13074069625,0,0,0
al2204,20220218,20220218,112123500,11:21:23,22645,115190,159691,13074182850,1,0,113225
al2204,20220218,20220218,112124000,11:21:24,22645,115191,159691,13074296075,1,0,113225
al2204,20220218,20220218,112125500,11:23:32,22645,115193,159690,13074522525,2,-1,226450
al2204,20220218,20220218,112126000,11:23:33,22645,115193,159690,13074522525,0,0,0
al2204,20220218,20220218,112332500,11:23:33,22645,115193,159690,13074522525,0,0,0
al2204,20220218,20220218,112333000,11:23:33,22645,115193,159690,13074522525,0,0,0
al2204,20220218,20220218,112333500,11:23:33,22645,115193,159690,13074522525,0,0,0
al2204,20220218,20220218,112334000,11:23:34,22650,115521,159759,13111660150,328,69,37137625
al2204,20220218,20220218,112334500,11:23:34,22650,115522,159760,13111773400,1,1,113250
al2204,20220218,20220218,112335000,11:23:35,22650,115522,159760,13111773400,0,0,0
al2204,20220218,20220218,112335500,11:23:35,22650,115524,159759,13111999900,2,-1,226500
al2204,20220218,20220218,112336000,11:23:36,22650,115524,159759,13111999900,0,0,0
al2204,20220218,20220218,112336500,11:23:38,22650,115524,159759,13111999900,0,0,0
al2204,20220218,20220218,112337000,11:23:38,22650,115524,159759,13111999900,0,0,0
al2204,20220218,20220218,112340000,11:23:40,22650,115524,159759,13111999900,0,0,0
al2204,20220218,20220218,112340500,11:23:40,22650,115524,159759,13111999900,0,0,0
al2204,20220218,20220218,112342000,11:23:42,22650,115525,159760,13112113150,1,1,113250
al2204,20220218,20220218,112342500,11:23:42,22650,115525,159760,13112113150,0,0,0
al2204,20220218,20220218,112343000,11:23:43,22650,115525,159760,13112113150,0,0,0
al2204,20220218,20220218,112343500,11:23:43,22650,115525,159760,13112113150,0,0,0
al2204,20220218,20220218,112344000,11:23:45,22650,115525,159760,13112113150,0,0,0
al2204,20220218,20220218,112345000,11:23:48,22650,115534,159766,13113132400,9,6,1019250
al2204,20220218,20220218,112345500,11:23:48,22650,115534,159766,13113132400,0,0,0
al2204,20220218,20220218,112348000,11:23:48,22650,115534,159766,13113132400,0,0,0
al2204,20220218,20220218,112349000,11:23:49,22650,115534,159766,13113132400,0,0,0
al2204,20220218,20220218,112349500,11:23:50,22650,115534,159766,13113132400,0,0,0
al2204,20220218,20220218,112350000,11:23:50,22650,115539,159766,13113698650,5,0,566250
al2204,20220218,20220218,112350500,11:23:50,22650,115539,159766,13113698650,0,0,0
al2204,20220218,20220218,112351000,11:23:51,22650,115539,159766,13113698650,0,0,0
al2204,20220218,20220218,112351500,11:23:51,22655,115540,159766,13113811925,1,0,113275
al2204,20220218,20220218,112352500,11:23:52,22655,115540,159766,13113811925,0,0,0
al2204,20220218,20220218,112353500,11:23:53,22655,115540,159766,13113811925,0,0,0
al2204,20220218,20220218,112354000,11:23:54,22655,115540,159766,13113811925,0,0,0
al2204,20220218,20220218,112354500,11:23:55,22650,115548,159760,13114717925,8,-6,906000
al2204,20220218,20220218,112355000,11:23:55,22650,115548,159760,13114717925,0,0,0
al2204,20220218,20220218,112355500,11:23:55,22650,115548,159760,13114717925,0,0,0
al2204,20220218,20220218,112356000,11:23:56,22650,115548,159760,13114717925,0,0,0
al2204,20220218,20220218,112359000,11:23:59,22650,115549,159760,13114831175,1,0,113250
al2204,20220218,20220218,112359500,11:23:59,22650,115549,159760,13114831175,0,0,0
al2204,20220218,20220218,112400500,11:24:00,22650,115549,159760,13114831175,0,0,0
al2204,20220218,20220218,112401000,11:24:01,22650,115549,159760,13114831175,0,0,0
al2204,20220218,20220218,112401500,11:24:01,22650,115549,159760,13114831175,0,0,0
al2204,20220218,20220218,112402500,11:24:02,22650,115549,159760,13114831175,0,0,0
al2204,20220218,20220218,112403000,11:24:03,22650,115549,159760,13114831175,0,0,0
al2204,20220218,20220218,112403500,11:24:04,22650,115549,159760,13114831175,0,0,0
al2204,20220218,20220218,112406500,11:24:06,22650,115549,159760,13114831175,0,0,0
al2204,20220218,20220218,112407500,11:24:08,22650,115549,159760,13114831175,0,0,0
al2204,20220218,20220218,112408000,11:24:08,22650,115549,159760,13114831175,0,0,0
al2204,20220218,20220218,112408500,11:24:08,22650,115549,159760,13114831175,0,0,0
al2204,20220218,20220218,112409000,11:24:11,22650,115549,159760,13114831175,0,0,0
al2204,20220218,20220218,112409500,11:24:11,22650,115549,159760,13114831175,0,0,0
al2204,20220218,20220218,112410500,11:24:12,22650,115549,159760,13114831175,0,0,0
al2204,20220218,20220218,112411000,11:24:12,22650,115549,159760,13114831175,0,0,0
al2204,20220218,20220218,112411500,11:24:12,22650,115549,159760,13114831175,0,0,0
al2204,20220218,20220218,112412000,11:24:12,22650,115549,159760,13114831175,0,0,0
al2204,20220218,20220218,112412500,11:24:13,22650,115549,159760,13114831175,0,0,0
al2204,20220218,20220218,112413000,11:24:13,22650,115549,159760,13114831175,0,0,0
al2204,20220218,20220218,112414000,11:24:14,22650,115549,159760,13114831175,0,0,0
al2204,20220218,20220218,112414500,11:24:15,22650,115550,159761,13114944425,1,1,113250
al2204,20220218,20220218,112416000,11:24:16,22650,115550,159761,13114944425,0,0,0
al2204,20220218,20220218,112416500,11:24:17,22650,115550,159761,13114944425,0,0,0
al2204,20220218,20220218,112418000,11:24:18,22650,115550,159761,13114944425,0,0,0
al2204,20220218,20220218,112420000,11:24:20,22650,115553,159764,13115284175,3,3,339750
al2204,20220218,20220218,112420500,11:24:20,22650,115553,159764,13115284175,0,0,0
al2204,20220218,20220218,112421500,11:24:22,22650,115553,159764,13115284175,0,0,0
al2204,20220218,20220218,112422000,11:24:22,22650,115553,159764,13115284175,0,0,0
al2204,20220218,20220218,112422500,11:24:23,22650,115553,159764,13115284175,0,0,0
al2204,20220218,20220218,112423000,11:24:23,22650,115553,159764,13115284175,0,0,0
al2204,20220218,20220218,112423500,11:24:23,22650,115553,159764,13115284175,0,0,0
al2204,20220218,20220218,112424500,11:24:24,22655,115554,159765,13115397450,1,1,113275
al2204,20220218,20220218,112429500,11:24:29,22655,115554,159765,13115397450,0,0,0
al2204,20220218,20220218,112430500,11:24:30,22650,115555,159765,13115510700,1,0,113250
al2204,20220218,20220218,112431500,11:24:31,22650,115555,159765,13115510700,0,0,0
al2204,20220218,20220218,112432000,11:24:32,22650,115555,159765,13115510700,0,0,0
al2204,20220218,20220218,112432500,11:24:32,22650,115555,159765,13115510700,0,0,0
al2204,20220218,20220218,112433000,11:24:33,22650,115555,159765,13115510700,0,0,0
al2204,20220218,20220218,112434000,11:24:34,22650,115555,159765,13115510700,0,0,0
al2204,20220218,20220218,112436000,11:24:36,22650,115556,159765,13115623950,1,0,113250
al2204,20220218,20220218,112438000,11:24:39,22655,115562,159769,13116303600,6,4,679650
al2204,20220218,20220218,112438500,11:24:39,22655,115562,159769,13116303600,0,0,0
al2204,20220218,20220218,112439000,11:24:40,22655,115563,159769,13116416875,1,0,113275
al2204,20220218,20220218,112439500,11:24:40,22655,115563,159769,13116416875,0,0,0
al2204,20220218,20220218,112441500,11:24:41,22655,115563,159769,13116416875,0,0,0
al2204,20220218,20220218,112442000,11:24:42,22655,115564,159769,13116530150,1,0,113275
al2204,20220218,20220218,112442500,11:24:42,22655,115564,159769,13116530150,0,0,0
al2204,20220218,20220218,112443000,11:24:43,22655,115564,159769,13116530150,0,0,0
al2204,20220218,20220218,112445000,11:24:45,22655,115564,159769,13116530150,0,0,0
al2204,20220218,20220218,112445500,11:24:45,22655,115564,159769,13116530150,0,0,0
al2204,20220218,20220218,112446500,11:24:46,22650,115565,159770,13116643400,1,1,113250
al2204,20220218,20220218,112449000,11:24:49,22650,115565,159770,13116643400,0,0,0
al2204,20220218,20220218,112451000,11:24:51,22650,115565,159770,13116643400,0,0,0
al2204,20220218,20220218,112451500,11:24:52,22650,115565,159770,13116643400,0,0,0
al2204,20220218,20220218,112452000,11:24:52,22650,115565,159770,13116643400,0,0,0
al2204,20220218,20220218,112455500,11:24:56,22650,115566,159770,13116756650,1,0,113250
al2204,20220218,20220218,112456000,11:24:56,22650,115566,159770,13116756650,0,0,0
al2204,20220218,20220218,112456500,11:24:56,22650,115566,159770,13116756650,0,0,0
al2204,20220218,20220218,112457500,11:24:57,22650,115579,159773,13118228900,13,3,1472250
al2204,20220218,20220218,112458000,11:24:58,22650,115587,159770,13119134900,8,-3,906000
al2204,20220218,20220218,112458500,11:24:58,22650,115587,159770,13119134900,0,0,0
al2204,20220218,20220218,112459000,11:24:59,22645,115590,159770,13119474625,3,0,339725
al2204,20220218,20220218,112459500,11:24:59,22645,115591,159771,13119587850,1,1,113225
al2204,20220218,20220218,112500000,11:25:00,22645,115591,159771,13119587850,0,0,0
al2204,20220218,20220218,112500500,11:25:01,22645,115591,159771,13119587850,0,0,0
al2204,20220218,20220218,112501000,11:25:02,22645,115591,159771,13119587850,0,0,0
al2204,20220218,20220218,112501500,11:25:04,22645,115591,159771,13119587850,0,0,0
al2204,20220218,20220218,112502000,11:25:05,22645,115591,159771,13119587850,0,0,0
al2204,20220218,20220218,112502500,11:25:06,22645,115591,159771,13119587850,0,0,0
al2204,20220218,20220218,112508000,11:25:08,22650,115594,159774,13119927600,3,3,339750
al2204,20220218,20220218,112508500,11:25:08,22645,115598,159775,13120380500,4,1,452900
al2204,20220218,20220218,112512000,11:25:12,22645,115598,159775,13120380500,0,0,0
al2204,20220218,20220218,112512500,11:25:12,22650,115599,159775,13120493750,1,0,113250
al2204,20220218,20220218,112515500,11:25:16,22650,115599,159775,13120493750,0,0,0
al2204,20220218,20220218,112516000,11:25:16,22645,115600,159776,13120606975,1,1,113225
al2204,20220218,20220218,112517500,11:25:18,22645,115600,159776,13120606975,0,0,0
al2204,20220218,20220218,112518000,11:25:18,22645,115600,159776,13120606975,0,0,0
al2204,20220218,20220218,112519000,11:25:19,22645,115600,159776,13120606975,0,0,0
al2204,20220218,20220218,112519500,11:25:19,22645,115600,159776,13120606975,0,0,0
al2204,20220218,20220218,112522000,11:25:22,22645,115600,159776,13120606975,0,0,0
al2204,20220218,20220218,112522500,11:25:22,22645,115600,159776,13120606975,0,0,0
al2204,20220218,20220218,112523000,11:25:23,22645,115600,159776,13120606975,0,0,0
al2204,20220218,20220218,112523500,11:25:24,22645,115600,159776,13120606975,0,0,0
al2204,20220218,20220218,112524000,11:25:25,22645,115630,159768,13124003725,30,-8,3396750
al2204,20220218,20220218,112524500,11:25:25,22645,115630,159768,13124003725,0,0,0
al2204,20220218,20220218,112525000,11:25:25,22645,115652,159783,13126494675,22,15,2490950
al2204,20220218,20220218,112525500,11:25:26,22645,115652,159783,13126494675,0,0,0
al2204,20220218,20220218,112531500,11:25:32,22645,115652,159783,13126494675,0,0,0
al2204,20220218,20220218,112532000,11:25:32,22645,115652,159783,13126494675,0,0,0
al2204,20220218,20220218,112533000,11:25:33,22645,115652,159783,13126494675,0,0,0
al2204,20220218,20220218,112533500,11:25:33,22645,115652,159783,13126494675,0,0,0
al2204,20220218,20220218,112534000,11:25:34,22645,115664,159783,13127853375,12,0,1358700
al2204,20220218,20220218,112534500,11:25:35,22645,115664,159783,13127853375,0,0,0
al2204,20220218,20220218,112535000,11:25:36,22645,115666,159783,13128079825,2,0,226450
al2204,20220218,20220218,112535500,11:25:37,22645,115666,159783,13128079825,0,0,0
al2204,20220218,20220218,112537500,11:25:38,22645,115686,159794,13130344325,20,11,2264500
al2204,20220218,20220218,112538000,11:25:38,22645,115686,159794,13130344325,0,0,0
al2204,20220218,20220218,112538500,11:25:39,22645,115686,159794,13130344325,0,0,0
al2204,20220218,20220218,112539000,11:25:39,22645,115688,159796,13130570775,2,2,226450
al2204,20220218,20220218,112539500,11:25:40,22645,115688,159796,13130570775,0,0,0
al2204,20220218,20220218,112540000,11:25:40,22650,115689,159795,13130684025,1,-1,113250
al2204,20220218,20220218,112540500,11:25:40,22650,115689,159795,13130684025,0,0,0
al2204,20220218,20220218,112541000,11:25:41,22650,115689,159795,13130684025,0,0,0
al2204,20220218,20220218,112542500,11:25:42,22650,115689,159795,13130684025,0,0,0
al2204,20220218,20220218,112543000,11:25:43,22650,115690,159795,13130797275,1,0,113250
al2204,20220218,20220218,112544000,11:25:44,22650,115690,159795,13130797275,0,0,0
al2204,20220218,20220218,112544500,11:25:44,22645,115692,159795,13131023725,2,0,226450
al2204,20220218,20220218,112545000,11:25:45,22650,115710,159805,13133062225,18,10,2038500
al2204,20220218,20220218,112545500,11:25:46,22650,115715,159807,13133628475,5,2,566250
al2204,20220218,20220218,112546000,11:25:47,22650,115716,159808,13133741725,1,1,113250
al2204,20220218,20220218,112546500,11:25:48,22655,115718,159809,13133968250,2,1,226525
al2204,20220218,20220218,112547000,11:25:48,22655,115718,159809,13133968250,0,0,0
al2204,20220218,20220218,112547500,11:25:48,22655,115718,159809,13133968250,0,0,0
al2204,20220218,20220218,112548000,11:25:48,22655,115718,159809,13133968250,0,0,0
al2204,20220218,20220218,112548500,11:25:48,22655,115718,159809,13133968250,0,0,0
al2204,20220218,20220218,112549000,11:25:49,22655,115718,159809,13133968250,0,0,0
al2204,20220218,20220218,112549500,11:25:49,22655,115718,159809,13133968250,0,0,0
al2204,20220218,20220218,112551500,11:25:51,22655,115718,159809,13133968250,0,0,0
al2204,20220218,20220218,112552000,11:25:52,22655,115718,159809,13133968250,0,0,0
al2204,20220218,20220218,112553000,11:25:53,22655,115718,159809,13133968250,0,0,0
al2204,20220218,20220218,112554000,11:25:54,22655,115718,159809,13133968250,0,0,0
al2204,20220218,20220218,112554500,11:25:54,22645,115734,159815,13135779875,16,6,1811625
al2204,20220218,20220218,112555000,11:25:55,22645,115734,159815,13135779875,0,0,0
al2204,20220218,20220218,112555500,11:25:56,22645,115734,159815,13135779875,0,0,0
al2204,20220218,20220218,112556000,11:25:57,22645,115734,159815,13135779875,0,0,0
al2204,20220218,20220218,112556500,11:25:57,22645,115734,159815,13135779875,0,0,0
al2204,20220218,20220218,112557500,11:25:57,22645,115749,159819,13137478250,15,4,1698375
al2204,20220218,20220218,112558000,11:25:59,22645,115749,159819,13137478250,0,0,0
al2204,20220218,20220218,112558500,11:25:59,22645,115749,159819,13137478250,0,0,0
al2204,20220218,20220218,112559000,11:26:00,22645,115749,159819,13137478250,0,0,0
al2204,20220218,20220218,112559500,11:26:00,22645,115749,159819,13137478250,0,0,0
al2204,20220218,20220218,112600000,11:26:00,22650,115750,159819,13137591500,1,0,113250
al2204,20220218,20220218,112600500,11:26:01,22650,115750,159819,13137591500,0,0,0
al2204,20220218,20220218,112603000,11:26:03,22650,115750,159819,13137591500,0,0,0
al2204,20220218,20220218,112604000,11:26:05,22650,115758,159820,13138497500,8,1,906000
al2204,20220218,20220218,112604500,11:26:05,22650,115762,159820,13138950500,4,0,453000
al2204,20220218,20220218,112605000,11:26:05,22650,115762,159820,13138950500,0,0,0
al2204,20220218,20220218,112605500,11:26:06,22650,115762,159820,13138950500,0,0,0
al2204,20220218,20220218,112606000,11:26:06,22650,115762,159820,13138950500,0,0,0
al2204,20220218,20220218,112606500,11:26:09,22650,115762,159820,13138950500,0,0,0
al2204,20220218,20220218,112607000,11:26:09,22650,115762,159820,13138950500,0,0,0
al2204,20220218,20220218,112607500,11:26:09,22650,115764,159820,13139177000,2,0,226500
al2204,20220218,20220218,112608000,11:26:09,22650,115764,159820,13139177000,0,0,0
al2204,20220218,20220218,112609000,11:26:10,22650,115764,159820,13139177000,0,0,0
al2204,20220218,20220218,112609500,11:26:10,22650,115765,159820,13139290250,1,0,113250
al2204,20220218,20220218,112611500,11:26:13,22650,115765,159820,13139290250,0,0,0
al2204,20220218,20220218,112612500,11:26:14,22650,115786,159840,13141668500,21,20,2378250
al2204,20220218,20220218,112613000,11:26:15,22650,115786,159840,13141668500,0,0,0
al2204,20220218,20220218,112614000,11:26:15,22650,115786,159840,13141668500,0,0,0
al2204,20220218,20220218,112614500,11:26:15,22655,115790,159840,13142121550,4,0,453050
al2204,20220218,20220218,112615000,11:26:16,22650,115791,159840,13142234800,1,0,113250
al2204,20220218,20220218,112615500,11:26:16,22650,115792,159840,13142348050,1,0,113250
al2204,20220218,20220218,112616000,11:26:16,22650,115793,159839,13142461300,1,-1,113250
al2204,20220218,20220218,112616500,11:26:17,22650,115793,159839,13142461300,0,0,0
al2204,20220218,20220218,112617000,11:26:17,22650,115794,159840,13142574550,1,1,113250
al2204,20220218,20220218,112617500,11:26:17,22650,115794,159840,13142574550,0,0,0
al2204,20220218,20220218,112618000,11:26:18,22650,115794,159840,13142574550,0,0,0
al2204,20220218,20220218,112618500,11:26:19,22650,115794,159840,13142574550,0,0,0
al2204,20220218,20220218,112619000,11:26:19,22650,115797,159837,13142914300,3,-3,339750
al2204,20220218,20220218,112619500,11:26:20,22650,115797,159837,13142914300,0,0,0
al2204,20220218,20220218,112620000,11:26:20,22650,115797,159837,13142914300,0,0,0
al2204,20220218,20220218,112620500,11:26:20,22650,115797,159837,13142914300,0,0,0
al2204,20220218,20220218,112621500,11:26:21,22650,115797,159837,13142914300,0,0,0
al2204,20220218,20220218,112622000,11:26:22,22650,115797,159837,13142914300,0,0,0
al2204,20220218,20220218,112623500,11:26:23,22650,115797,159837,13142914300,0,0,0
al2204,20220218,20220218,112624000,11:26:24,22655,115806,159842,13143933775,9,5,1019475
al2204,20220218,20220218,112624500,11:26:24,22650,115808,159842,13144160275,2,0,226500
al2204,20220218,20220218,112625000,11:26:25,22650,115808,159842,13144160275,0,0,0
al2204,20220218,20220218,112625500,11:26:26,22650,115808,159842,13144160275,0,0,0
al2204,20220218,20220218,112626000,11:26:26,22655,115812,159842,13144613375,4,0,453100
al2204,20220218,20220218,112626500,11:26:26,22655,115812,159842,13144613375,0,0,0
al2204,20220218,20220218,112627000,11:26:27,22650,115815,159841,13144953125,3,-1,339750
al2204,20220218,20220218,112627500,11:26:27,22650,115829,159851,13146538725,14,10,1585600
al2204,20220218,20220218,112629500,11:26:30,22650,115839,159861,13147671225,10,10,1132500
al2204,20220218,20220218,112632000,11:26:32,22650,115849,159871,13148803725,10,10,1132500
al2204,20220218,20220218,112632500,11:26:32,22655,115850,159871,13148917000,1,0,113275
al2204,20220218,20220218,112634000,11:26:35,22650,115860,159881,13150049500,10,10,1132500
al2204,20220218,20220218,112635000,11:26:37,22650,115860,159881,13150049500,0,0,0
al2204,20220218,20220218,112635500,11:26:37,22650,115928,159881,13157750500,68,0,7701000
al2204,20220218,20220218,112636500,11:26:38,22650,115928,159881,13157750500,0,0,0
al2204,20220218,20220218,112637500,11:27:10,22645,115938,159888,13158882750,10,7,1132250
al2204,20220218,20220218,112638000,11:27:10,22645,115938,159888,13158882750,0,0,0
al2204,20220218,20220218,112653500,11:27:10,22645,116002,159902,13166128925,64,14,7246175
al2204,20220218,20220218,112709500,11:27:12,22645,116002,159902,13166128925,0,0,0
al2204,20220218,20220218,112710500,11:27:12,22645,116002,159902,13166128925,0,0,0
al2204,20220218,20220218,112712000,11:27:12,22645,116002,159902,13166128925,0,0,0
al2204,20220218,20220218,112713000,11:27:14,22645,116052,159916,13171790575,50,14,5661650
al2204,20220218,20220218,112713500,11:27:14,22645,116054,159914,13172017025,2,-2,226450
al2204,20220218,20220218,112714000,11:27:15,22645,116054,159914,13172017025,0,0,0
al2204,20220218,20220218,112715500,11:27:16,22645,116058,159917,13172469925,4,3,452900
al2204,20220218,20220218,112716000,11:27:17,22645,116064,159918,13173149275,6,1,679350
al2204,20220218,20220218,112716500,11:27:17,22650,116071,159922,13173942025,7,4,792750
al2204,20220218,20220218,112717000,11:27:17,22650,116071,159922,13173942025,0,0,0
al2204,20220218,20220218,112717500,11:27:17,22650,116071,159922,13173942025,0,0,0
al2204,20220218,20220218,112718000,11:27:18,22650,116071,159922,13173942025,0,0,0
al2204,20220218,20220218,112718500,11:27:19,22650,116071,159922,13173942025,0,0,0
al2204,20220218,20220218,112719500,11:27:20,22645,116081,159924,13175074275,10,2,1132250
al2204,20220218,20220218,112720500,11:27:21,22650,116082,159924,13175187525,1,0,113250
al2204,20220218,20220218,112722000,11:27:22,22645,116088,159929,13175866875,6,5,679350
al2204,20220218,20220218,112722500,11:27:22,22650,116094,159931,13176546250,6,2,679375
al2204,20220218,20220218,112723000,11:27:26,22650,116094,159931,13176546250,0,0,0
al2204,20220218,20220218,112724000,11:27:27,22645,116096,159929,13176772700,2,-2,226450
al2204,20220218,20220218,112726500,11:27:27,22650,116109,159940,13178244650,13,11,1471950
al2204,20220218,20220218,112727000,11:27:27,22645,116110,159939,13178357875,1,-1,113225
al2204,20220218,20220218,112727500,11:27:27,22645,116110,159939,13178357875,0,0,0
al2204,20220218,20220218,112728000,11:27:28,22645,116110,159939,13178357875,0,0,0
al2204,20220218,20220218,112729000,11:27:29,22645,116110,159939,13178357875,0,0,0
al2204,20220218,20220218,112729500,11:27:29,22645,116121,159941,13179603350,11,2,1245475
al2204,20220218,20220218,112730000,11:27:30,22640,116122,159941,13179716550,1,0,113200
al2204,20220218,20220218,112730500,11:27:31,22640,116125,159941,13180056150,3,0,339600
al2204,20220218,20220218,112731000,11:27:32,22640,116126,159941,13180169350,1,0,113200
al2204,20220218,20220218,112731500,11:27:35,22640,116126,159941,13180169350,0,0,0
al2204,20220218,20220218,112732000,11:27:36,22640,116126,159941,13180169350,0,0,0
al2204,20220218,20220218,112732500,11:27:36,22640,116126,159941,13180169350,0,0,0
al2204,20220218,20220218,112735500,11:27:36,22640,116126,159941,13180169350,0,0,0
al2204,20220218,20220218,112736000,11:27:37,22640,116126,159941,13180169350,0,0,0
al2204,20220218,20220218,112736500,11:27:38,22640,116126,159941,13180169350,0,0,0
al2204,20220218,20220218,112737000,11:27:38,22645,116135,159942,13181188425,9,1,1019075
al2204,20220218,20220218,112738000,11:27:38,22645,116135,159942,13181188425,0,0,0
al2204,20220218,20220218,112740000,11:27:40,22645,116135,159942,13181188425,0,0,0
al2204,20220218,20220218,112741000,11:27:41,22645,116141,159940,13181867775,6,-2,679350
al2204,20220218,20220218,112741500,11:27:42,22645,116141,159940,13181867775,0,0,0
al2204,20220218,20220218,112742000,11:27:42,22645,116142,159939,13181981000,1,-1,113225
al2204,20220218,20220218,112742500,11:27:43,22645,116150,159938,13182886800,8,-1,905800
al2204,20220218,20220218,112743000,11:27:43,22645,116150,159938,13182886800,0,0,0
al2204,20220218,20220218,112743500,11:27:43,22645,116150,159938,13182886800,0,0,0
al2204,20220218,20220218,112744000,11:27:44,22645,116154,159938,13183339700,4,0,452900
al2204,20220218,20220218,112744500,11:27:45,22645,116166,159940,13184698400,12,2,1358700
al2204,20220218,20220218,112745000,11:27:45,22645,116166,159940,13184698400,0,0,0
al2204,20220218,20220218,112745500,11:27:46,22645,116166,159940,13184698400,0,0,0
al2204,20220218,20220218,112746000,11:27:46,22645,116170,159940,13185151300,4,0,452900
al2204,20220218,20220218,112746500,11:27:47,22650,116172,159938,13185377800,2,-2,226500
al2204,20220218,20220218,112747000,11:27:47,22650,116172,159938,13185377800,0,0,0
al2204,20220218,20220218,112747500,11:27:47,22650,116172,159938,13185377800,0,0,0
al2204,20220218,20220218,112748000,11:27:53,22650,116172,159938,13185377800,0,0,0
al2204,20220218,20220218,112748500,11:27:54,22650,116172,159938,13185377800,0,0,0
al2204,20220218,20220218,112749000,11:27:54,22650,116172,159938,13185377800,0,0,0
al2204,20220218,20220218,112749500,11:27:54,22650,116172,159938,13185377800,0,0,0
al2204,20220218,20220218,112754000,11:27:54,22650,116172,159938,13185377800,0,0,0
al2204,20220218,20220218,112755500,11:27:55,22650,116172,159938,13185377800,0,0,0
al2204,20220218,20220218,112756000,11:27:56,22650,116172,159938,13185377800,0,0,0
al2204,20220218,20220218,112756500,11:27:56,22650,116172,159938,13185377800,0,0,0
al2204,20220218,20220218,112757000,11:27:57,22650,116172,159938,13185377800,0,0,0
al2204,20220218,20220218,112757500,11:27:57,22650,116172,159938,13185377800,0,0,0
al2204,20220218,20220218,112758000,11:27:58,22645,116180,159939,13186283575,8,1,905775
al2204,20220218,20220218,112759000,11:27:59,22645,116180,159939,13186283575,0,0,0
al2204,20220218,20220218,112759500,11:27:59,22640,116181,159939,13186396775,1,0,113200
al2204,20220218,20220218,112800000,11:28:00,22640,116194,159940,13187868375,13,1,1471600
al2204,20220218,20220218,112800500,11:28:01,22645,116197,159941,13188208050,3,1,339675
al2204,20220218,20220218,112801000,11:28:01,22645,116197,159941,13188208050,0,0,0
al2204,20220218,20220218,112801500,11:28:02,22645,116197,159941,13188208050,0,0,0
al2204,20220218,20220218,112802500,11:28:03,22645,116209,159941,13189566475,12,0,1358425
al2204,20220218,20220218,112803000,11:28:04,22645,116223,159947,13191151625,14,6,1585150
al2204,20220218,20220218,112803500,11:28:04,22645,116224,159946,13191264850,1,-1,113225
al2204,20220218,20220218,112804000,11:28:05,22645,116224,159946,13191264850,0,0,0
al2204,20220218,20220218,112804500,11:28:05,22645,116226,159948,13191491300,2,2,226450
al2204,20220218,20220218,112805000,11:28:06,22640,116227,159948,13191604500,1,0,113200
al2204,20220218,20220218,112805500,11:28:06,22640,116228,159947,13191717700,1,-1,113200
al2204,20220218,20220218,112806000,11:28:10,22640,116228,159947,13191717700,0,0,0
al2204,20220218,20220218,112806500,11:28:10,22640,116228,159947,13191717700,0,0,0
al2204,20220218,20220218,112807000,11:28:10,22640,116228,159947,13191717700,0,0,0
al2204,20220218,20220218,112810000,11:28:11,22640,116228,159947,13191717700,0,0,0
al2204,20220218,20220218,112810500,11:28:12,22640,116228,159947,13191717700,0,0,0
al2204,20220218,20220218,112811000,11:28:12,22640,116228,159947,13191717700,0,0,0
al2204,20220218,20220218,112812500,11:28:13,22640,116228,159947,13191717700,0,0,0
al2204,20220218,20220218,112813500,11:28:14,22640,116228,159947,13191717700,0,0,0
al2204,20220218,20220218,112814500,11:28:14,22640,116228,159947,13191717700,0,0,0
al2204,20220218,20220218,112816500,11:28:16,22640,116228,159947,13191717700,0,0,0
al2204,20220218,20220218,112817000,11:28:17,22640,116228,159947,13191717700,0,0,0
al2204,20220218,20220218,112818500,11:28:18,22640,116228,159947,13191717700,0,0,0
al2204,20220218,20220218,112819000,11:28:19,22645,116234,159948,13192397000,6,1,679300
al2204,20220218,20220218,112822000,11:28:22,22645,116253,159964,13194548275,19,16,2151275
al2204,20220218,20220218,112822500,11:28:22,22645,116253,159964,13194548275,0,0,0
al2204,20220218,20220218,112823000,11:28:23,22645,116253,159964,13194548275,0,0,0
al2204,20220218,20220218,112823500,11:28:23,22645,116255,159964,13194774725,2,0,226450
al2204,20220218,20220218,112824000,11:28:24,22645,116255,159964,13194774725,0,0,0
al2204,20220218,20220218,112824500,11:28:24,22645,116255,159964,13194774725,0,0,0
al2204,20220218,20220218,112825500,11:28:25,22645,116255,159964,13194774725,0,0,0
al2204,20220218,20220218,112826000,11:28:26,22645,116255,159964,13194774725,0,0,0
al2204,20220218,20220218,112826500,11:28:27,22645,116261,159960,13195454075,6,-4,679350
al2204,20220218,20220218,112827000,11:28:27,22645,116265,159958,13195906975,4,-2,452900
al2204,20220218,20220218,112827500,11:28:27,22645,116265,159958,13195906975,0,0,0
al2204,20220218,20220218,112828000,11:28:28,22645,116265,159958,13195906975,0,0,0
al2204,20220218,20220218,112828500,11:28:28,22645,116265,159958,13195906975,0,0,0
al2204,20220218,20220218,112829000,11:28:29,22645,116265,159958,13195906975,0,0,0
al2204,20220218,20220218,112829500,11:28:30,22645,116266,159957,13196020200,1,-1,113225
al2204,20220218,20220218,112830000,11:28:30,22645,116266,159957,13196020200,0,0,0
al2204,20220218,20220218,112831000,11:28:31,22645,116266,159957,13196020200,0,0,0
al2204,20220218,20220218,112831500,11:28:31,22640,116267,159956,13196133400,1,-1,113200
al2204,20220218,20220218,112832500,11:28:33,22640,116267,159956,13196133400,0,0,0
al2204,20220218,20220218,112833000,11:28:33,22645,116272,159956,13196699525,5,0,566125
al2204,20220218,20220218,112833500,11:28:34,22645,116272,159956,13196699525,0,0,0
al2204,20220218,20220218,112834000,11:28:34,22645,116272,159956,13196699525,0,0,0
al2204,20220218,20220218,112834500,11:28:34,22645,116272,159956,13196699525,0,0,0
al2204,20220218,20220218,112835000,11:28:35,22645,116272,159956,13196699525,0,0,0
al2204,20220218,20220218,112835500,11:28:37,22645,116272,159956,13196699525,0,0,0
al2204,20220218,20220218,112837000,11:28:37,22645,116272,159956,13196699525,0,0,0
al2204,20220218,20220218,112837500,11:28:37,22645,116272,159956,13196699525,0,0,0
al2204,20220218,20220218,112838500,11:28:38,22640,116273,159955,13196812725,1,-1,113200
al2204,20220218,20220218,112839000,11:28:40,22640,116273,159955,13196812725,0,0,0
al2204,20220218,20220218,112839500,11:28:40,22640,116273,159955,13196812725,0,0,0
al2204,20220218,20220218,112841000,11:28:41,22645,116282,159959,13197831750,9,4,1019025
al2204,20220218,20220218,112841500,11:28:41,22645,116283,159959,13197944975,1,0,113225
al2204,20220218,20220218,112842000,11:28:42,22640,116284,159959,13198058175,1,0,113200
al2204,20220218,20220218,112842500,11:28:42,22640,116284,159959,13198058175,0,0,0
al2204,20220218,20220218,112843000,11:28:43,22640,116284,159959,13198058175,0,0,0
al2204,20220218,20220218,112843500,11:28:44,22645,116286,159960,13198284625,2,1,226450
al2204,20220218,20220218,112844000,11:28:44,22650,116289,159960,13198624375,3,0,339750
al2204,20220218,20220218,112844500,11:28:44,22650,116289,159960,13198624375,0,0,0
al2204,20220218,20220218,112845000,11:28:45,22650,116289,159960,13198624375,0,0,0
al2204,20220218,20220218,112845500,11:28:46,22650,116289,159960,13198624375,0,0,0
al2204,20220218,20220218,112846000,11:28:46,22650,116289,159960,13198624375,0,0,0
al2204,20220218,20220218,112846500,11:28:46,22650,116289,159960,13198624375,0,0,0
al2204,20220218,20220218,112848000,11:28:48,22645,116292,159957,13198964050,3,-3,339675
al2204,20220218,20220218,112848500,11:28:48,22645,116296,159958,13199416950,4,1,452900
al2204,20220218,20220218,112849000,11:28:49,22645,116296,159958,13199416950,0,0,0
al2204,20220218,20220218,112849500,11:28:50,22645,116296,159958,13199416950,0,0,0
al2204,20220218,20220218,112850000,11:28:50,22645,116296,159958,13199416950,0,0,0
al2204,20220218,20220218,112851000,11:28:51,22645,116296,159958,13199416950,0,0,0
al2204,20220218,20220218,112853000,11:28:54,22645,116296,159958,13199416950,0,0,0
al2204,20220218,20220218,112854000,11:28:54,22645,116296,159958,13199416950,0,0,0
al2204,20220218,20220218,112856500,11:28:56,22645,116296,159958,13199416950,0,0,0
al2204,20220218,20220218,112858000,11:28:59,22645,116296,159958,13199416950,0,0,0
al2204,20220218,20220218,112858500,11:28:59,22645,116296,159958,13199416950,0,0,0
al2204,20220218,20220218,112859000,11:28:59,22645,116297,159959,13199530175,1,1,113225
al2204,20220218,20220218,112859500,11:29:00,22645,116297,159959,13199530175,0,0,0
al2204,20220218,20220218,112900000,11:29:00,22645,116297,159959,13199530175,0,0,0
al2204,20220218,20220218,112900500,11:29:01,22645,116299,159961,13199756625,2,2,226450
al2204,20220218,20220218,112901000,11:29:01,22650,116300,159960,13199869875,1,-1,113250
al2204,20220218,20220218,112901500,11:29:02,22645,116304,159959,13200322775,4,-1,452900
al2204,20220218,20220218,112902000,11:29:03,22645,116304,159959,13200322775,0,0,0
al2204,20220218,20220218,112902500,11:29:03,22645,116305,159958,13200436000,1,-1,113225
al2204,20220218,20220218,112903000,11:29:03,22645,116305,159958,13200436000,0,0,0
al2204,20220218,20220218,112905500,11:29:06,22650,116307,159957,13200662475,2,-1,226475
al2204,20220218,20220218,112906500,11:29:06,22650,116308,159958,13200775725,1,1,113250
al2204,20220218,20220218,112907000,11:29:08,22645,116309,159958,13200888950,1,0,113225
al2204,20220218,20220218,112909000,11:29:09,22645,116309,159958,13200888950,0,0,0
al2204,20220218,20220218,112909500,11:29:09,22645,116309,159958,13200888950,0,0,0
al2204,20220218,20220218,112910000,11:29:10,22645,116309,159958,13200888950,0,0,0
al2204,20220218,20220218,112910500,11:29:10,22645,116309,159958,13200888950,0,0,0
al2204,20220218,20220218,112912000,11:29:12,22645,116317,159965,13201794750,8,7,905800
al2204,20220218,20220218,112912500,11:29:12,22645,116317,159965,13201794750,0,0,0
al2204,20220218,20220218,112913000,11:29:13,22645,116326,159972,13202813775,9,7,1019025
al2204,20220218,20220218,112913500,11:29:14,22645,116334,159973,13203719575,8,1,905800
al2204,20220218,20220218,112914000,11:29:14,22645,116337,159973,13204059250,3,0,339675
al2204,20220218,20220218,112914500,11:29:15,22645,116337,159973,13204059250,0,0,0
al2204,20220218,20220218,112915000,11:29:15,22645,116337,159973,13204059250,0,0,0
al2204,20220218,20220218,112915500,11:29:16,22645,116337,159973,13204059250,0,0,0
al2204,20220218,20220218,112916000,11:29:16,22645,116337,159973,13204059250,0,0,0
al2204,20220218,20220218,112916500,11:29:18,22645,116337,159973,13204059250,0,0,0
al2204,20220218,20220218,112917000,11:29:20,22645,116337,159973,13204059250,0,0,0
al2204,20220218,20220218,112920500,11:29:21,22645,116338,159973,13204172475,1,0,113225
al2204,20220218,20220218,112921000,11:29:22,22645,116341,159976,13204512150,3,3,339675
al2204,20220218,20220218,112921500,11:29:24,22645,116343,159976,13204738600,2,0,226450
al2204,20220218,20220218,112922500,11:29:24,22645,116343,159976,13204738600,0,0,0
al2204,20220218,20220218,112924000,11:29:24,22645,116343,159976,13204738600,0,0,0
al2204,20220218,20220218,112924500,11:29:24,22650,116344,159976,13204851850,1,0,113250
al2204,20220218,20220218,112925500,11:29:25,22645,116345,159977,13204965075,1,1,113225
al2204,20220218,20220218,112926500,11:29:26,22645,116345,159977,13204965075,0,0,0
al2204,20220218,20220218,112927500,11:29:27,22645,116345,159977,13204965075,0,0,0
al2204,20220218,20220218,112928500,11:29:28,22650,116346,159978,13205078325,1,1,113250
al2204,20220218,20220218,112929000,11:29:29,22650,116346,159978,13205078325,0,0,0
al2204,20220218,20220218,112929500,11:29:29,22650,116346,159978,13205078325,0,0,0
al2204,20220218,20220218,112930500,11:29:30,22650,116346,159978,13205078325,0,0,0
al2204,20220218,20220218,112931000,11:29:32,22650,116346,159978,13205078325,0,0,0
al2204,20220218,20220218,112931500,11:29:32,22650,116346,159978,13205078325,0,0,0
al2204,20220218,20220218,112932500,11:29:36,22650,116347,159978,13205191575,1,0,113250
al2204,20220218,20220218,112933000,11:29:37,22650,116349,159978,13205418075,2,0,226500
al2204,20220218,20220218,112933500,11:29:38,22650,116349,159978,13205418075,0,0,0
al2204,20220218,20220218,112936500,11:29:38,22650,116371,159970,13207909575,22,-8,2491500
al2204,20220218,20220218,112937500,11:29:38,22655,116372,159971,13208022850,1,1,113275
al2204,20220218,20220218,112938000,11:29:38,22655,116372,159971,13208022850,0,0,0
al2204,20220218,20220218,112938500,11:29:39,22655,116372,159971,13208022850,0,0,0
al2204,20220218,20220218,112939000,11:29:39,22655,116372,159971,13208022850,0,0,0
al2204,20220218,20220218,112939500,11:29:40,22655,116372,159971,13208022850,0,0,0
al2204,20220218,20220218,112940000,11:29:40,22655,116372,159971,13208022850,0,0,0
al2204,20220218,20220218,112940500,11:29:40,22655,116372,159971,13208022850,0,0,0
al2204,20220218,20220218,112941000,11:29:41,22655,116372,159971,13208022850,0,0,0
al2204,20220218,20220218,112941500,11:29:42,22655,116372,159971,13208022850,0,0,0
al2204,20220218,20220218,112942000,11:29:44,22650,116375,159970,13208362600,3,-1,339750
al2204,20220218,20220218,112942500,11:29:44,22645,116395,159981,13210627100,20,11,2264500
al2204,20220218,20220218,112943000,11:29:45,22645,116395,159981,13210627100,0,0,0
al2204,20220218,20220218,112943500,11:29:45,22645,116395,159981,13210627100,0,0,0
al2204,20220218,20220218,112945000,11:29:46,22655,116396,159981,13210740375,1,0,113275
al2204,20220218,20220218,112945500,11:29:46,22655,116396,159981,13210740375,0,0,0
al2204,20220218,20220218,112946000,11:29:47,22650,116397,159980,13210853625,1,-1,113250
al2204,20220218,20220218,112946500,11:29:47,22650,116397,159980,13210853625,0,0,0
al2204,20220218,20220218,112947000,11:29:47,22650,116401,159980,13211306625,4,0,453000
al2204,20220218,20220218,112947500,11:29:48,22650,116401,159980,13211306625,0,0,0
al2204,20220218,20220218,112948000,11:29:49,22650,116401,159980,13211306625,0,0,0
al2204,20220218,20220218,112948500,11:29:50,22655,116402,159981,13211419900,1,1,113275
al2204,20220218,20220218,112949000,11:29:50,22655,116402,159981,13211419900,0,0,0
al2204,20220218,20220218,112949500,11:29:50,22655,116402,159981,13211419900,0,0,0
al2204,20220218,20220218,112950000,11:29:51,22645,116403,159982,13211533125,1,1,113225
al2204,20220218,20220218,112951500,11:29:52,22645,116403,159982,13211533125,0,0,0
al2204,20220218,20220218,112952000,11:29:53,22645,116407,159982,13211986025,4,0,452900
al2204,20220218,20220218,112952500,11:29:53,22645,116407,159982,13211986025,0,0,0
al2204,20220218,20220218,112953000,11:29:53,22645,116409,159982,13212212475,2,0,226450
al2204,20220218,20220218,112953500,11:29:54,22645,116409,159982,13212212475,0,0,0
al2204,20220218,20220218,112954000,11:29:54,22650,116413,159981,13212665475,4,-1,453000
al2204,20220218,20220218,112954500,11:29:54,22650,116413,159981,13212665475,0,0,0
al2204,20220218,20220218,112955500,11:29:56,22650,116413,159981,13212665475,0,0,0
al2204,20220218,20220218,112956000,11:29:56,22650,116413,159981,13212665475,0,0,0
al2204,20220218,20220218,112956500,11:30:00,22650,116413,159981,13212665475,0,0,0
al2204,20220218,20220218,112957000,11:30:01,22650,116413,159981,13212665475,0,0,0
al2204,20220218,20220218,112957500,11:30:02,22650,116413,159981,13212665475,0,0,0
al2204,20220218,20220218,112959500,11:30:02,22650,116413,159981,13212665475,0,0,0
al2204,20220218,20220218,113000000,11:30:03,22645,116420,159988,13213458200,7,7,792725
al2204,20220218,20220218,113001000,11:30:03,22655,116421,159988,13213571475,1,0,113275
al2204,20220218,20220218,113001500,11:30:03,22655,116421,159988,13213571475,0,0,0
al2204,20220218,20220218,133002000,13:30:08,22645,116429,159994,13214477425,8,6,905950
al2204,20220218,20220218,133002500,13:30:10,22650,116432,159996,13214817125,3,2,339700
al2204,20220218,20220218,133008000,13:30:10,22650,116432,159996,13214817125,0,0,0
al2204,20220218,20220218,133009500,13:30:10,22650,116432,159996,13214817125,0,0,0
al2204,20220218,20220218,133010000,13:30:11,22650,116432,159996,13214817125,0,0,0
al2204,20220218,20220218,133010500,13:30:12,22645,116590,160039,13232711025,158,43,17893900
al2204,20220218,20220218,133011000,13:30:13,22645,116590,160039,13232711025,0,0,0
al2204,20220218,20220218,133011500,13:30:13,22645,116596,160045,13233390375,6,6,679350
al2204,20220218,20220218,133012500,13:30:13,22645,116600,160045,13233843300,4,0,452925
al2204,20220218,20220218,133013000,13:30:14,22645,116604,160044,13234296200,4,-1,452900
al2204,20220218,20220218,133013500,13:30:14,22640,116606,160044,13234522600,2,0,226400
al2204,20220218,20220218,133014000,13:30:15,22640,116606,160044,13234522600,0,0,0
al2204,20220218,20220218,133014500,13:30:16,22645,116620,160045,13236107750,14,1,1585150
al2204,20220218,20220218,133015000,13:30:17,22645,116628,160042,13237013550,8,-3,905800
al2204,20220218,20220218,133016500,13:30:18,22645,116628,160042,13237013550,0,0,0
al2204,20220218,20220218,133017000,13:30:18,22645,116628,160042,13237013550,0,0,0
al2204,20220218,20220218,133017500,13:30:18,22645,116628,160042,13237013550,0,0,0
al2204,20220218,20220218,133018000,13:30:19,22650,116638,160046,13238146025,10,4,1132475
al2204,20220218,20220218,133018500,13:30:20,22650,116639,160046,13238259275,1,0,113250
al2204,20220218,20220218,133019000,13:30:20,22650,116645,160045,13238938775,6,-1,679500
al2204,20220218,20220218,133019500,13:30:20,22645,116647,160044,13239165250,2,-1,226475
al2204,20220218,20220218,133020000,13:30:21,22645,116647,160044,13239165250,0,0,0
al2204,20220218,20220218,133020500,13:30:21,22650,116649,160044,13239391750,2,0,226500
al2204,20220218,20220218,133021000,13:30:21,22650,116653,160046,13239844750,4,2,453000
al2204,20220218,20220218,133021500,13:30:22,22650,116653,160046,13239844750,0,0,0
al2204,20220218,20220218,133022000,13:30:38,22650,116655,160048,13240071250,2,2,226500
al2204,20220218,20220218,133022500,13:30:38,22650,116660,160049,13240637500,5,1,566250
al2204,20220218,20220218,133023000,13:30:38,22650,116661,160050,13240750750,1,1,113250
al2204,20220218,20220218,133037500,13:30:40,22655,116728,160025,13248339300,67,-25,7588550
al2204,20220218,20220218,133040500,13:30:42,22655,116728,160025,13248339300,0,0,0
al2204,20220218,20220218,133041000,13:30:43,22655,116730,160025,13248565875,2,0,226575
al2204,20220218,20220218,133041500,13:30:43,22655,116730,160025,13248565875,0,0,0
al2204,20220218,20220218,133042500,13:30:44,22660,116731,160025,13248679175,1,0,113300
al2204,20220218,20220218,133043000,13:30:44,22660,116731,160025,13248679175,0,0,0
al2204,20220218,20220218,133044500,13:30:46,22660,116731,160025,13248679175,0,0,0
al2204,20220218,20220218,133045000,13:30:46,22660,116737,160023,13249358875,6,-2,679700
al2204,20220218,20220218,133045500,13:30:46,22660,116737,160023,13249358875,0,0,0
al2204,20220218,20220218,133046000,13:30:47,22660,116737,160023,13249358875,0,0,0
al2204,20220218,20220218,133046500,13:30:47,22660,116737,160023,13249358875,0,0,0
al2204,20220218,20220218,133047000,13:30:48,22655,116738,160023,13249472150,1,0,113275
al2204,20220218,20220218,133047500,13:30:48,22655,116738,160023,13249472150,0,0,0
al2204,20220218,20220218,133048500,13:30:49,22655,116742,160021,13249925325,4,-2,453175
al2204,20220218,20220218,133049000,13:30:49,22655,116742,160021,13249925325,0,0,0
al2204,20220218,20220218,133049500,13:30:50,22660,116745,160021,13250265225,3,0,339900
al2204,20220218,20220218,133050000,13:30:51,22655,116746,160020,13250378500,1,-1,113275
al2204,20220218,20220218,133050500,13:30:51,22655,116749,160018,13250718325,3,-2,339825
al2204,20220218,20220218,133051000,13:30:52,22655,116749,160018,13250718325,0,0,0
al2204,20220218,20220218,133052000,13:30:53,22655,116749,160018,13250718325,0,0,0
al2204,20220218,20220218,133053500,13:30:54,22655,116749,160018,13250718325,0,0,0
al2204,20220218,20220218,133054000,13:30:55,22655,116749,160018,13250718325,0,0,0
al2204,20220218,20220218,133054500,13:30:55,22655,116750,160019,13250831600,1,1,113275
al2204,20220218,20220218,133055000,13:30:56,22655,116750,160019,13250831600,0,0,0
al2204,20220218,20220218,133056500,13:30:57,22655,116750,160019,13250831600,0,0,0
al2204,20220218,20220218,133057000,13:30:58,22655,116758,160019,13251737800,8,0,906200
al2204,20220218,20220218,133057500,13:30:58,22655,116761,160018,13252077625,3,-1,339825
al2204,20220218,20220218,133058000,13:30:58,22655,116763,160018,13252304175,2,0,226550
al2204,20220218,20220218,133058500,13:30:59,22655,116767,160014,13252757275,4,-4,453100
al2204,20220218,20220218,133059000,13:30:59,22655,116770,160013,13253097100,3,-1,339825
al2204,20220218,20220218,133059500,13:31:00,22655,116795,160034,13255928975,25,21,2831875
al2204,20220218,20220218,133100000,13:31:00,22655,116795,160034,13255928975,0,0,0
al2204,20220218,20220218,133100500,13:31:00,22655,116806,160041,13257175000,11,7,1246025
al2204,20220218,20220218,133101000,13:31:01,22660,116814,160045,13258081225,8,4,906225
al2204,20220218,20220218,133101500,13:31:01,22660,116816,160045,13258307825,2,0,226600
al2204,20220218,20220218,133102000,13:31:02,22660,116816,160045,13258307825,0,0,0
al2204,20220218,20220218,133103000,13:31:03,22660,116817,160045,13258421125,1,0,113300
al2204,20220218,20220218,133103500,13:31:04,22660,116817,160045,13258421125,0,0,0
al2204,20220218,20220218,133104000,13:31:06,22660,116817,160045,13258421125,0,0,0
al2204,20220218,20220218,133104500,13:31:07,22660,116819,160045,13258647725,2,0,226600
al2204,20220218,20220218,133105500,13:31:07,22650,116835,160036,13260460025,16,-9,1812300
al2204,20220218,20220218,133107000,13:31:08,22650,116835,160036,13260460025,0,0,0
al2204,20220218,20220218,133107500,13:31:09,22655,116846,160033,13261706050,11,-3,1246025
al2204,20220218,20220218,133108500,13:31:09,22655,116858,160030,13263065350,12,-3,1359300
al2204,20220218,20220218,133109000,13:31:09,22655,116858,160030,13263065350,0,0,0
al2204,20220218,20220218,133109500,13:31:10,22655,116858,160030,13263065350,0,0,0
al2204,20220218,20220218,133110000,13:31:11,22655,116858,160030,13263065350,0,0,0
al2204,20220218,20220218,133110500,13:31:11,22650,116860,160031,13263291875,2,1,226525
al2204,20220218,20220218,133111000,13:31:11,22650,116860,160031,13263291875,0,0,0
al2204,20220218,20220218,133111500,13:31:12,22655,116863,160031,13263631700,3,0,339825
al2204,20220218,20220218,133113000,13:31:13,22655,116863,160031,13263631700,0,0,0
al2204,20220218,20220218,133113500,13:31:14,22655,116863,160031,13263631700,0,0,0
al2204,20220218,20220218,133114000,13:31:15,22655,116867,160027,13264084800,4,-4,453100
al2204,20220218,20220218,133114500,13:31:15,22655,116867,160027,13264084800,0,0,0
al2204,20220218,20220218,133115000,13:31:15,22650,116868,160027,13264198050,1,0,113250
al2204,20220218,20220218,133115500,13:31:16,22650,116868,160027,13264198050,0,0,0
al2204,20220218,20220218,133116000,13:31:16,22650,116868,160027,13264198050,0,0,0
al2204,20220218,20220218,133117500,13:31:18,22650,116868,160027,13264198050,0,0,0
al2204,20220218,20220218,133118000,13:31:19,22650,116872,160023,13264651050,4,-4,453000
al2204,20220218,20220218,133119000,13:31:19,22650,116873,160023,13264764300,1,0,113250
al2204,20220218,20220218,133119500,13:31:20,22650,116873,160023,13264764300,0,0,0
al2204,20220218,20220218,133122000,13:31:22,22655,116874,160023,13264877575,1,0,113275
al2204,20220218,20220218,133122500,13:31:25,22655,116874,160023,13264877575,0,0,0
al2204,20220218,20220218,133123000,13:31:25,22655,116878,160027,13265330675,4,4,453100
al2204,20220218,20220218,133123500,13:31:25,22655,116879,160027,13265443950,1,0,113275
al2204,20220218,20220218,133124000,13:31:25,22655,116893,160034,13267029800,14,7,1585850
al2204,20220218,20220218,133124500,13:31:25,22650,116903,160034,13268162300,10,0,1132500
al2204,20220218,20220218,133155000,13:31:55,22655,116912,160041,13269181775,9,7,1019475
al2204,20220218,20220218,133158000,13:31:58,22655,116912,160041,13269181775,0,0,0
al2204,20220218,20220218,133158500,13:31:58,22655,116915,160043,13269521600,3,2,339825
al2204,20220218,20220218,133159000,13:31:59,22655,116915,160043,13269521600,0,0,0
al2204,20220218,20220218,133159500,13:32:00,22655,116915,160043,13269521600,0,0,0
al2204,20220218,20220218,133200000,13:32:00,22645,117042,159985,13283904775,127,-58,14383175
al2204,20220218,20220218,133200500,13:32:01,22645,117046,159987,13284357750,4,2,452975
al2204,20220218,20220218,133201000,13:32:01,22650,117047,159988,13284471000,1,1,113250
al2204,20220218,20220218,133201500,13:32:01,22650,117047,159988,13284471000,0,0,0
al2204,20220218,20220218,133202000,13:32:03,22645,117048,159988,13284584225,1,0,113225
al2204,20220218,20220218,133202500,13:32:04,22645,117048,159988,13284584225,0,0,0
al2204,20220218,20220218,133203000,13:32:05,22645,117048,159988,13284584225,0,0,0
al2204,20220218,20220218,133203500,13:32:05,22650,117049,159989,13284697475,1,1,113250
al2204,20220218,20220218,133204000,13:32:05,22650,117049,159989,13284697475,0,0,0
al2204,20220218,20220218,133205000,13:32:06,22650,117050,159989,13284810725,1,0,113250
al2204,20220218,20220218,133205500,13:32:06,22645,117052,159989,13285037175,2,0,226450
al2204,20220218,20220218,133206500,13:32:07,22650,117054,159989,13285263675,2,0,226500
al2204,20220218,20220218,133207000,13:32:07,22645,117055,159988,13285376900,1,-1,113225
al2204,20220218,20220218,133207500,13:32:07,22645,117055,159988,13285376900,0,0,0
al2204,20220218,20220218,133208000,13:32:09,22645,117071,159985,13287188500,16,-3,1811600
al2204,20220218,20220218,133208500,13:32:10,22645,117077,159989,13287867850,6,4,679350
al2204,20220218,20220218,133209000,13:32:10,22645,117077,159989,13287867850,0,0,0
al2204,20220218,20220218,133209500,13:32:10,22645,117077,159989,13287867850,0,0,0
al2204,20220218,20220218,133210000,13:32:11,22645,117077,159989,13287867850,0,0,0
al2204,20220218,20220218,133210500,13:32:13,22645,117098,159989,13290245075,21,0,2377225
al2204,20220218,20220218,133211000,13:32:14,22640,117194,159964,13301112275,96,-25,10867200
al2204,20220218,20220218,133213000,13:32:15,22640,117194,159964,13301112275,0,0,0
al2204,20220218,20220218,133214000,13:32:15,22635,117255,159970,13308016825,61,6,6904550
al2204,20220218,20220218,133214500,13:32:16,22635,117256,159969,13308130000,1,-1,113175
al2204,20220218,20220218,133215000,13:32:16,22635,117259,159967,13308469525,3,-2,339525
al2204,20220218,20220218,133215500,13:32:16,22635,117259,159967,13308469525,0,0,0
al2204,20220218,20220218,133216000,13:32:17,22635,117259,159967,13308469525,0,0,0
al2204,20220218,20220218,133216500,13:32:17,22635,117259,159967,13308469525,0,0,0
al2204,20220218,20220218,133217000,13:32:17,22635,117259,159967,13308469525,0,0,0
al2204,20220218,20220218,133217500,13:32:18,22635,117259,159967,13308469525,0,0,0
al2204,20220218,20220218,133218000,13:32:18,22635,117259,159967,13308469525,0,0,0
al2204,20220218,20220218,133218500,13:32:19,22635,117259,159967,13308469525,0,0,0
al2204,20220218,20220218,133219000,13:32:20,22635,117259,159967,13308469525,0,0,0
al2204,20220218,20220218,133219500,13:32:20,22635,117259,159967,13308469525,0,0,0
al2204,20220218,20220218,133220000,13:32:20,22640,117307,159974,13313903125,48,7,5433600
al2204,20220218,20220218,133220500,13:32:21,22635,117318,159970,13315148200,11,-4,1245075
al2204,20220218,20220218,133221000,13:32:21,22635,117320,159969,13315374550,2,-1,226350
al2204,20220218,20220218,133221500,13:32:22,22635,117325,159971,13315940425,5,2,565875
al2204,20220218,20220218,133222000,13:32:22,22635,117327,159971,13316166775,2,0,226350
al2204,20220218,20220218,133222500,13:32:24,22635,117328,159972,13316279950,1,1,113175
al2204,20220218,20220218,133223000,13:32:24,22635,117328,159972,13316279950,0,0,0
al2204,20220218,20220218,133223500,13:32:24,22635,117328,159972,13316279950,0,0,0
al2204,20220218,20220218,133224000,13:32:24,22635,117328,159972,13316279950,0,0,0
al2204,20220218,20220218,133224500,13:32:25,22635,117331,159972,13316619475,3,0,339525
al2204,20220218,20220218,133225000,13:32:25,22640,117332,159972,13316732675,1,0,113200
al2204,20220218,20220218,133226000,13:32:27,22640,117332,159972,13316732675,0,0,0
al2204,20220218,20220218,133226500,13:32:27,22635,117370,159971,13321033325,38,-1,4300650
al2204,20220218,20220218,133227000,13:32:27,22635,117386,159978,13322844125,16,7,1810800
al2204,20220218,20220218,133227500,13:32:28,22635,117387,159978,13322957300,1,0,113175
al2204,20220218,20220218,133228000,13:32:32,22640,117402,159980,13324655175,15,2,1697875
al2204,20220218,20220218,133228500,13:32:32,22635,117405,159980,13324994700,3,0,339525
al2204,20220218,20220218,133229000,13:32:33,22635,117450,159956,13330087575,45,-24,5092875
al2204,20220218,20220218,133232000,13:32:34,22635,117489,159973,13334501450,39,17,4413875
al2204,20220218,20220218,133232500,13:32:35,22635,117489,159973,13334501450,0,0,0
al2204,20220218,20220218,133234500,13:32:35,22635,117489,159973,13334501450,0,0,0
al2204,20220218,20220218,133235500,13:32:36,22635,117495,159977,13335180500,6,4,679050
al2204,20220218,20220218,133236000,13:32:37,22635,117495,159977,13335180500,0,0,0
al2204,20220218,20220218,133236500,13:32:37,22630,117505,159979,13336312000,10,2,1131500
al2204,20220218,20220218,133237000,13:32:37,22630,117513,159972,13337217225,8,-7,905225
al2204,20220218,20220218,133237500,13:32:37,22635,117515,159974,13337443575,2,2,226350
al2204,20220218,20220218,133238000,13:32:38,22630,117635,160031,13351022075,120,57,13578500
al2204,20220218,20220218,133238500,13:32:39,22630,117638,160033,13351361525,3,2,339450
al2204,20220218,20220218,133239000,13:32:39,22630,117638,160033,13351361525,0,0,0
al2204,20220218,20220218,133239500,13:32:40,22630,117638,160033,13351361525,0,0,0
al2204,20220218,20220218,133240500,13:32:41,22630,117638,160033,13351361525,0,0,0
al2204,20220218,20220218,133241000,13:32:41,22630,117638,160033,13351361525,0,0,0
al2204,20220218,20220218,133241500,13:32:42,22630,117639,160034,13351474675,1,1,113150
al2204,20220218,20220218,133242000,13:32:42,22630,117639,160034,13351474675,0,0,0
al2204,20220218,20220218,133242500,13:32:42,22635,117645,160034,13352153725,6,0,679050
al2204,20220218,20220218,133243000,13:32:43,22635,117661,160049,13353964250,16,15,1810525
al2204,20220218,20220218,133243500,13:32:43,22635,117661,160049,13353964250,0,0,0
al2204,20220218,20220218,133244000,13:32:44,22635,117661,160049,13353964250,0,0,0
al2204,20220218,20220218,133244500,13:32:45,22635,117661,160049,13353964250,0,0,0
al2204,20220218,20220218,133245000,13:32:45,22635,117661,160049,13353964250,0,0,0
al2204,20220218,20220218,133245500,13:32:45,22635,117662,160049,13354077425,1,0,113175
al2204,20220218,20220218,133246000,13:32:47,22635,117692,160050,13357471975,30,1,3394550
al2204,20220218,20220218,133246500,13:32:47,22635,117692,160050,13357471975,0,0,0
al2204,20220218,20220218,133247000,13:32:47,22625,117698,160053,13358150750,6,3,678775
al2204,20220218,20220218,133247500,13:32:48,22625,117707,160047,13359168950,9,-6,1018200
al2204,20220218,20220218,133248000,13:32:48,22630,117711,160047,13359621550,4,0,452600
al2204,20220218,20220218,133248500,13:32:49,22635,117743,160032,13363242375,32,-15,3620825
al2204,20220218,20220218,133249000,13:32:49,22635,117743,160032,13363242375,0,0,0
al2204,20220218,20220218,133249500,13:32:50,22630,117750,160036,13364034425,7,4,792050
al2204,20220218,20220218,133250000,13:32:50,22630,117750,160036,13364034425,0,0,0
al2204,20220218,20220218,133250500,13:32:52,22630,117750,160036,13364034425,0,0,0
al2204,20220218,20220218,133251000,13:32:52,22630,117750,160036,13364034425,0,0,0
al2204,20220218,20220218,133251500,13:32:53,22630,117750,160036,13364034425,0,0,0
al2204,20220218,20220218,133252500,13:32:53,22630,117750,160036,13364034425,0,0,0
al2204,20220218,20220218,133253500,13:32:54,22630,117750,160036,13364034425,0,0,0
al2204,20220218,20220218,133254000,13:32:54,22630,117750,160036,13364034425,0,0,0
al2204,20220218,20220218,133254500,13:32:55,22630,117771,160054,13366410575,21,18,2376150
al2204,20220218,20220218,133255000,13:32:55,22625,117786,160061,13368107650,15,7,1697075
al2204,20220218,20220218,133255500,13:32:55,22625,117786,160061,13368107650,0,0,0
al2204,20220218,20220218,133256000,13:32:56,22630,117787,160062,13368220800,1,1,113150
al2204,20220218,20220218,133256500,13:32:56,22630,117788,160063,13368333950,1,1,113150
al2204,20220218,20220218,133257000,13:32:59,22630,117789,160064,13368447100,1,1,113150
al2204,20220218,20220218,133257500,13:33:00,22630,117793,160066,13368899700,4,2,452600
al2204,20220218,20220218,133258000,13:33:00,22630,117794,160067,13369012850,1,1,113150
al2204,20220218,20220218,133258500,13:33:00,22630,117794,160067,13369012850,0,0,0
al2204,20220218,20220218,133259500,13:33:01,22630,117794,160067,13369012850,0,0,0
al2204,20220218,20220218,133300000,13:33:01,22635,117799,160063,13369578725,5,-4,565875
al2204,20220218,20220218,133300500,13:33:01,22635,117799,160063,13369578725,0,0,0
al2204,20220218,20220218,133301000,13:33:02,22635,117799,160063,13369578725,0,0,0
al2204,20220218,20220218,133301500,13:33:02,22635,117799,160063,13369578725,0,0,0
al2204,20220218,20220218,133302000,13:33:03,22635,117800,160062,13369691900,1,-1,113175
al2204,20220218,20220218,133302500,13:33:03,22630,117807,160066,13370483950,7,4,792050
al2204,20220218,20220218,133303000,13:33:04,22630,117807,160066,13370483950,0,0,0
al2204,20220218,20220218,133304000,13:33:04,22630,117807,160066,13370483950,0,0,0
al2204,20220218,20220218,133304500,13:33:05,22630,117807,160066,13370483950,0,0,0
al2204,20220218,20220218,133305000,13:33:05,22630,117812,160068,13371049700,5,2,565750
al2204,20220218,20220218,133305500,13:33:05,22630,117812,160068,13371049700,0,0,0
al2204,20220218,20220218,133306000,13:33:06,22630,117812,160068,13371049700,0,0,0
al2204,20220218,20220218,133306500,13:33:06,22635,117813,160069,13371162875,1,1,113175
al2204,20220218,20220218,133307000,13:33:07,22635,117813,160069,13371162875,0,0,0
al2204,20220218,20220218,133308000,13:33:08,22635,117813,160069,13371162875,0,0,0
al2204,20220218,20220218,133309000,13:33:09,22635,117813,160069,13371162875,0,0,0
al2204,20220218,20220218,133309500,13:33:10,22635,117835,160088,13373652725,22,19,2489850
al2204,20220218,20220218,133310000,13:33:11,22635,117837,160090,13373879075,2,2,226350
al2204,20220218,20220218,133310500,13:33:12,22635,117837,160090,13373879075,0,0,0
al2204,20220218,20220218,133311000,13:33:13,22640,117838,160091,13373992275,1,1,113200
al2204,20220218,20220218,133311500,13:33:14,22635,117845,160094,13374784500,7,3,792225
al2204,20220218,20220218,133312000,13:33:14,22635,117845,160094,13374784500,0,0,0
al2204,20220218,20220218,133313500,13:33:15,22635,117845,160094,13374784500,0,0,0
al2204,20220218,20220218,133314000,13:33:17,22635,117845,160094,13374784500,0,0,0
al2204,20220218,20220218,133314500,13:33:17,22635,117853,160094,13375689900,8,0,905400
al2204,20220218,20220218,133315000,13:33:18,22635,117853,160094,13375689900,0,0,0
al2204,20220218,20220218,133317000,13:33:18,22635,117853,160094,13375689900,0,0,0
al2204,20220218,20220218,133318000,13:33:19,22635,117853,160094,13375689900,0,0,0
al2204,20220218,20220218,133318500,13:33:19,22635,117853,160094,13375689900,0,0,0
al2204,20220218,20220218,133319000,13:33:20,22635,117873,160095,13377953450,20,1,2263550
al2204,20220218,20220218,133319500,13:33:20,22635,117873,160095,13377953450,0,0,0
al2204,20220218,20220218,133320500,13:33:21,22635,117873,160095,13377953450,0,0,0
al2204,20220218,20220218,133321000,13:33:22,22635,117882,160101,13378972025,9,6,1018575
al2204,20220218,20220218,133321500,13:33:22,22635,117882,160101,13378972025,0,0,0
al2204,20220218,20220218,133322000,13:33:22,22635,117882,160101,13378972025,0,0,0
al2204,20220218,20220218,133325000,13:33:26,22635,117883,160102,13379085200,1,1,113175
al2204,20220218,20220218,133325500,13:33:27,22635,117883,160102,13379085200,0,0,0
al2204,20220218,20220218,133326000,13:33:27,22635,117897,160104,13380669650,14,2,1584450
al2204,20220218,20220218,133326500,13:33:29,22635,117897,160104,13380669650,0,0,0
al2204,20220218,20220218,133327000,13:33:29,22635,117902,160104,13381235525,5,0,565875
al2204,20220218,20220218,133328500,13:33:30,22635,117920,160097,13383272675,18,-7,2037150
al2204,20220218,20220218,133329000,13:33:30,22635,117921,160096,13383385850,1,-1,113175
al2204,20220218,20220218,133329500,13:33:30,22635,117922,160097,13383499025,1,1,113175
al2204,20220218,20220218,133330000,13:33:30,22635,117922,160097,13383499025,0,0,0
al2204,20220218,20220218,133330500,13:33:31,22635,117922,160097,13383499025,0,0,0
al2204,20220218,20220218,133332000,13:33:32,22635,117923,160098,13383612200,1,1,113175
al2204,20220218,20220218,133332500,13:33:33,22635,117923,160098,13383612200,0,0,0
al2204,20220218,20220218,133333000,13:33:33,22640,117924,160099,13383725400,1,1,113200
al2204,20220218,20220218,133333500,13:33:33,22635,117928,160099,13384178100,4,0,452700
al2204,20220218,20220218,133334000,13:33:34,22635,117928,160099,13384178100,0,0,0
al2204,20220218,20220218,133334500,13:33:34,22635,117928,160099,13384178100,0,0,0
al2204,20220218,20220218,133335000,13:33:35,22635,117928,160099,13384178100,0,0,0
al2204,20220218,20220218,133335500,13:33:35,22635,117928,160099,13384178100,0,0,0
al2204,20220218,20220218,133336000,13:33:36,22635,117928,160099,13384178100,0,0,0
al2204,20220218,20220218,133337000,13:33:37,22635,117928,160099,13384178100,0,0,0
al2204,20220218,20220218,133337500,13:33:37,22640,117930,160100,13384404500,2,1,226400
al2204,20220218,20220218,133338000,13:33:38,22640,117930,160100,13384404500,0,0,0
al2204,20220218,20220218,133338500,13:33:39,22640,117930,160100,13384404500,0,0,0
al2204,20220218,20220218,133339000,13:33:39,22645,117961,160103,13387913750,31,3,3509250
al2204,20220218,20220218,133339500,13:33:40,22645,117965,160105,13388366650,4,2,452900
al2204,20220218,20220218,133340000,13:33:40,22645,117966,160105,13388479875,1,0,113225
al2204,20220218,20220218,133340500,13:33:41,22645,117971,160109,13389046000,5,4,566125
al2204,20220218,20220218,133341000,13:33:41,22645,117971,160109,13389046000,0,0,0
al2204,20220218,20220218,133341500,13:33:42,22645,117971,160109,13389046000,0,0,0
al2204,20220218,20220218,133342000,13:33:42,22645,117971,160109,13389046000,0,0,0
al2204,20220218,20220218,133343000,13:33:43,22645,117971,160109,13389046000,0,0,0
al2204,20220218,20220218,133343500,13:33:44,22645,117971,160109,13389046000,0,0,0
al2204,20220218,20220218,133344000,13:33:45,22645,117971,160109,13389046000,0,0,0
al2204,20220218,20220218,133344500,13:33:45,22645,117971,160109,13389046000,0,0,0
al2204,20220218,20220218,133345500,13:33:47,22640,117973,160109,13389272400,2,0,226400
al2204,20220218,20220218,133346000,13:33:47,22640,117974,160110,13389385600,1,1,113200
al2204,20220218,20220218,133347000,13:33:48,22640,117987,160110,13390857200,13,0,1471600
al2204,20220218,20220218,133347500,13:33:49,22640,117987,160110,13390857200,0,0,0
al2204,20220218,20220218,133348000,13:33:49,22640,117987,160110,13390857200,0,0,0
al2204,20220218,20220218,133348500,13:33:49,22640,117987,160110,13390857200,0,0,0
al2204,20220218,20220218,133349000,13:33:50,22640,117997,160111,13391989200,10,1,1132000
al2204,20220218,20220218,133349500,13:33:50,22640,117997,160111,13391989200,0,0,0
al2204,20220218,20220218,133351000,13:33:51,22635,118007,160120,13393120950,10,9,1131750
al2204,20220218,20220218,133351500,13:33:52,22635,118007,160120,13393120950,0,0,0
al2204,20220218,20220218,133352000,13:33:52,22635,118009,160121,13393347300,2,1,226350
al2204,20220218,20220218,133352500,13:33:52,22635,118009,160121,13393347300,0,0,0
al2204,20220218,20220218,133353000,13:33:53,22635,118009,160121,13393347300,0,0,0
al2204,20220218,20220218,133353500,13:33:53,22635,118019,160129,13394479050,10,8,1131750
al2204,20220218,20220218,133354000,13:33:54,22635,118021,160127,13394705400,2,-2,226350
al2204,20220218,20220218,133354500,13:33:55,22635,118030,160130,13395723975,9,3,1018575
al2204,20220218,20220218,133355000,13:33:56,22635,118031,160130,13395837150,1,0,113175
al2204,20220218,20220218,133355500,13:33:56,22630,118032,160130,13395950300,1,0,113150
al2204,20220218,20220218,133356000,13:33:57,22630,118032,160130,13395950300,0,0,0
al2204,20220218,20220218,133356500,13:33:57,22630,118042,160138,13397081800,10,8,1131500
al2204,20220218,20220218,133358500,13:33:59,22630,118052,160148,13398213300,10,10,1131500
al2204,20220218,20220218,133359000,13:33:59,22630,118054,160148,13398439600,2,0,226300
al2204,20220218,20220218,133359500,13:33:59,22630,118054,160148,13398439600,0,0,0
al2204,20220218,20220218,133400000,13:34:00,22635,118058,160144,13398892300,4,-4,452700
al2204,20220218,20220218,133400500,13:34:01,22630,118068,160141,13400023800,10,-3,1131500
al2204,20220218,20220218,133401000,13:34:01,22630,118074,160139,13400702700,6,-2,678900
al2204,20220218,20220218,133401500,13:34:02,22630,118084,160148,13401834200,10,9,1131500
al2204,20220218,20220218,133402000,13:34:10,22630,118084,160148,13401834200,0,0,0
al2204,20220218,20220218,133402500,13:34:10,22630,118085,160149,13401947350,1,1,113150
al2204,20220218,20220218,133409500,13:34:12,22630,118113,160166,13405115725,28,17,3168375
al2204,20220218,20220218,133410500,13:34:12,22630,118113,160166,13405115725,0,0,0
al2204,20220218,20220218,133411500,13:34:12,22630,118113,160166,13405115725,0,0,0
al2204,20220218,20220218,133412000,13:34:12,22630,118113,160166,13405115725,0,0,0
al2204,20220218,20220218,133413500,13:34:14,22630,118117,160163,13405568325,4,-3,452600
al2204,20220218,20220218,133414000,13:34:14,22630,118117,160163,13405568325,0,0,0
al2204,20220218,20220218,133414500,13:34:15,22630,118125,160166,13406473525,8,3,905200
al2204,20220218,20220218,133415000,13:34:15,22630,118129,160167,13406926125,4,1,452600
al2204,20220218,20220218,133416000,13:34:16,22630,118129,160167,13406926125,0,0,0
al2204,20220218,20220218,133416500,13:34:17,22630,118129,160167,13406926125,0,0,0
al2204,20220218,20220218,133417000,13:34:17,22630,118129,160167,13406926125,0,0,0
al2204,20220218,20220218,133417500,13:34:17,22630,118129,160167,13406926125,0,0,0
al2204,20220218,20220218,133418000,13:34:18,22630,118129,160167,13406926125,0,0,0
al2204,20220218,20220218,133418500,13:34:19,22630,118129,160167,13406926125,0,0,0
al2204,20220218,20220218,133419000,13:34:19,22640,118150,160177,13409302825,21,10,2376700
al2204,20220218,20220218,133419500,13:34:20,22640,118152,160177,13409529225,2,0,226400
al2204,20220218,20220218,133420000,13:34:20,22640,118153,160177,13409642425,1,0,113200
al2204,20220218,20220218,133420500,13:34:23,22640,118162,160170,13410661225,9,-7,1018800
al2204,20220218,20220218,133421000,13:34:23,22640,118162,160170,13410661225,0,0,0
al2204,20220218,20220218,133421500,13:34:23,22640,118162,160170,13410661225,0,0,0
al2204,20220218,20220218,133423000,13:34:24,22640,118162,160170,13410661225,0,0,0
al2204,20220218,20220218,133423500,13:34:24,22635,118176,160171,13412245675,14,1,1584450
al2204,20220218,20220218,133424000,13:34:24,22635,118176,160171,13412245675,0,0,0
al2204,20220218,20220218,133424500,13:34:24,22635,118176,160171,13412245675,0,0,0
al2204,20220218,20220218,133425000,13:34:25,22635,118181,160171,13412811550,5,0,565875
al2204,20220218,20220218,133425500,13:34:25,22635,118181,160171,13412811550,0,0,0
al2204,20220218,20220218,133426500,13:34:26,22635,118181,160171,13412811550,0,0,0
al2204,20220218,20220218,133427000,13:34:27,22635,118181,160171,13412811550,0,0,0
al2204,20220218,20220218,133427500,13:34:28,22635,118181,160171,13412811550,0,0,0
al2204,20220218,20220218,133428500,13:34:29,22635,118187,160172,13413490600,6,1,679050
al2204,20220218,20220218,133430000,13:34:30,22640,118193,160173,13414169800,6,1,679200
al2204,20220218,20220218,133431000,13:34:31,22640,118193,160173,13414169800,0,0,0
al2204,20220218,20220218,133432000,13:34:32,22640,118193,160173,13414169800,0,0,0
al2204,20220218,20220218,133432500,13:34:32,22640,118193,160173,13414169800,0,0,0
al2204,20220218,20220218,133433000,13:34:33,22640,118193,160173,13414169800,0,0,0
al2204,20220218,20220218,133433500,13:34:34,22640,118193,160173,13414169800,0,0,0
al2204,20220218,20220218,133434000,13:34:34,22635,118197,160176,13414622500,4,3,452700
al2204,20220218,20220218,133434500,13:34:35,22635,118201,160177,13415075200,4,1,452700
al2204,20220218,20220218,133435000,13:34:35,22635,118202,160176,13415188375,1,-1,113175
al2204,20220218,20220218,133435500,13:34:36,22635,118208,160180,13415867425,6,4,679050
al2204,20220218,20220218,133436000,13:34:36,22635,118208,160180,13415867425,0,0,0
al2204,20220218,20220218,133436500,13:34:36,22635,118210,160180,13416093775,2,0,226350
al2204,20220218,20220218,133437000,13:34:37,22635,118211,160181,13416206950,1,1,113175
al2204,20220218,20220218,133437500,13:34:38,22635,118215,160178,13416659650,4,-3,452700
al2204,20220218,20220218,133440000,13:34:40,22635,118215,160178,13416659650,0,0,0
al2204,20220218,20220218,133441000,13:34:41,22635,118221,160179,13417338700,6,1,679050
al2204,20220218,20220218,133441500,13:34:42,22635,118221,160179,13417338700,0,0,0
al2204,20220218,20220218,133442000,13:34:44,22635,118221,160179,13417338700,0,0,0
al2204,20220218,20220218,133442500,13:34:44,22635,118227,160185,13418017750,6,6,679050
al2204,20220218,20220218,133443500,13:34:45,22640,118229,160183,13418244150,2,-2,226400
al2204,20220218,20220218,133444000,13:34:45,22640,118229,160183,13418244150,0,0,0
al2204,20220218,20220218,133445500,13:34:46,22640,118232,160183,13418583750,3,0,339600
al2204,20220218,20220218,133446000,13:34:46,22640,118232,160183,13418583750,0,0,0
al2204,20220218,20220218,133446500,13:34:47,22640,118232,160183,13418583750,0,0,0
al2204,20220218,20220218,133447000,13:34:47,22640,118235,160184,13418923350,3,1,339600
al2204,20220218,20220218,133447500,13:34:47,22635,118242,160188,13419715575,7,4,792225
al2204,20220218,20220218,133448000,13:34:48,22635,118242,160188,13419715575,0,0,0
al2204,20220218,20220218,133448500,13:34:49,22635,118250,160186,13420620975,8,-2,905400
al2204,20220218,20220218,133449000,13:34:49,22635,118250,160186,13420620975,0,0,0
al2204,20220218,20220218,133449500,13:34:49,22635,118250,160186,13420620975,0,0,0
al2204,20220218,20220218,133450500,13:34:51,22635,118250,160186,13420620975,0,0,0
al2204,20220218,20220218,133451000,13:34:51,22635,118250,160186,13420620975,0,0,0
al2204,20220218,20220218,133451500,13:34:52,22635,118251,160186,13420734150,1,0,113175
al2204,20220218,20220218,133452000,13:34:52,22635,118256,160187,13421300025,5,1,565875
al2204,20220218,20220218,133452500,13:34:53,22635,118258,160187,13421526375,2,0,226350
al2204,20220218,20220218,133453000,13:34:53,22635,118265,160182,13422318575,7,-5,792200
al2204,20220218,20220218,133453500,13:34:55,22635,118270,160184,13422884450,5,2,565875
al2204,20220218,20220218,133454000,13:34:56,22640,118306,160199,13426959025,36,15,4074575
al2204,20220218,20220218,133454500,13:34:56,22635,118308,160199,13427185375,2,0,226350
al2204,20220218,20220218,133455000,13:34:56,22635,118308,160199,13427185375,0,0,0
al2204,20220218,20220218,133455500,13:34:56,22635,118308,160199,13427185375,0,0,0
al2204,20220218,20220218,133456000,13:34:57,22635,118308,160199,13427185375,0,0,0
al2204,20220218,20220218,133456500,13:34:57,22635,118308,160199,13427185375,0,0,0
al2204,20220218,20220218,133457000,13:34:57,22630,118309,160200,13427298525,1,1,113150
al2204,20220218,20220218,133457500,13:34:58,22630,118309,160200,13427298525,0,0,0
al2204,20220218,20220218,133458000,13:34:58,22630,118309,160200,13427298525,0,0,0
al2204,20220218,20220218,133459000,13:34:59,22630,118309,160200,13427298525,0,0,0
al2204,20220218,20220218,133459500,13:35:00,22630,118309,160200,13427298525,0,0,0
al2204,20220218,20220218,133500500,13:35:00,22630,118309,160200,13427298525,0,0,0
al2204,20220218,20220218,133501000,13:35:04,22630,118309,160200,13427298525,0,0,0
al2204,20220218,20220218,133501500,13:35:05,22630,118309,160200,13427298525,0,0,0
al2204,20220218,20220218,133502000,13:35:10,22630,118310,160201,13427411675,1,1,113150
al2204,20220218,20220218,133504500,13:35:10,22635,118331,160198,13429788350,21,-3,2376675
al2204,20220218,20220218,133505000,13:35:10,22635,118331,160198,13429788350,0,0,0
al2204,20220218,20220218,133509500,13:35:10,22635,118331,160198,13429788350,0,0,0
al2204,20220218,20220218,133510500,13:35:11,22635,118331,160198,13429788350,0,0,0
al2204,20220218,20220218,133511000,13:35:11,22630,118333,160200,13430014675,2,2,226325
al2204,20220218,20220218,133511500,13:35:12,22630,118340,160206,13430806725,7,6,792050
al2204,20220218,20220218,133513000,13:35:13,22630,118345,160211,13431372475,5,5,565750
al2204,20220218,20220218,133513500,13:35:14,22630,118345,160211,13431372475,0,0,0
al2204,20220218,20220218,133514000,13:35:14,22630,118345,160211,13431372475,0,0,0
al2204,20220218,20220218,133515000,13:35:15,22630,118345,160211,13431372475,0,0,0
al2204,20220218,20220218,133515500,13:35:16,22635,118354,160214,13432391050,9,3,1018575
al2204,20220218,20220218,133516000,13:35:16,22635,118367,160212,13433862325,13,-2,1471275
al2204,20220218,20220218,133516500,13:35:16,22640,118368,160213,13433975525,1,1,113200
al2204,20220218,20220218,133517000,13:35:17,22635,118373,160217,13434541400,5,4,565875
al2204,20220218,20220218,133517500,13:35:18,22640,118375,160217,13434767775,2,0,226375
al2204,20220218,20220218,133518000,13:35:19,22640,118375,160217,13434767775,0,0,0
al2204,20220218,20220218,133518500,13:35:19,22640,118380,160217,13435333775,5,0,566000
al2204,20220218,20220218,133519000,13:35:19,22640,118388,160215,13436239375,8,-2,905600
al2204,20220218,20220218,133519500,13:35:20,22640,118391,160218,13436578975,3,3,339600
al2204,20220218,20220218,133520000,13:35:20,22640,118392,160218,13436692175,1,0,113200
al2204,20220218,20220218,133520500,13:35:21,22640,118393,160219,13436805375,1,1,113200
al2204,20220218,20220218,133521000,13:35:21,22640,118393,160219,13436805375,0,0,0
al2204,20220218,20220218,133521500,13:35:22,22640,118393,160219,13436805375,0,0,0
al2204,20220218,20220218,133522000,13:35:22,22640,118393,160219,13436805375,0,0,0
al2204,20220218,20220218,133522500,13:35:23,22640,118393,160219,13436805375,0,0,0
al2204,20220218,20220218,133523000,13:35:23,22640,118393,160219,13436805375,0,0,0
al2204,20220218,20220218,133523500,13:35:23,22645,118397,160218,13437258275,4,-1,452900
al2204,20220218,20220218,133524000,13:35:25,22645,118397,160218,13437258275,0,0,0
al2204,20220218,20220218,133524500,13:35:25,22645,118409,160225,13438616975,12,7,1358700
al2204,20220218,20220218,133525000,13:35:25,22645,118414,160226,13439183175,5,1,566200
al2204,20220218,20220218,133525500,13:35:26,22645,118417,160228,13439522850,3,2,339675
al2204,20220218,20220218,133526000,13:35:26,22650,118419,160228,13439749350,2,0,226500
al2204,20220218,20220218,133526500,13:35:27,22650,118420,160228,13439862600,1,0,113250
al2204,20220218,20220218,133527000,13:35:27,22650,118429,160228,13440881850,9,0,1019250
al2204,20220218,20220218,133527500,13:35:31,22650,118429,160228,13440881850,0,0,0
al2204,20220218,20220218,133531000,13:35:33,22650,118436,160224,13441674600,7,-4,792750
al2204,20220218,20220218,133531500,13:35:41,22650,118437,160224,13441787850,1,0,113250
al2204,20220218,20220218,133532000,13:35:42,22650,118438,160224,13441901100,1,0,113250
al2204,20220218,20220218,133540000,13:35:43,22650,118438,160224,13441901100,0,0,0
al2204,20220218,20220218,133541000,13:35:43,22645,118473,160245,13445864400,35,21,3963300
al2204,20220218,20220218,133542000,13:35:43,22650,118475,160245,13446090900,2,0,226500
al2204,20220218,20220218,133542500,13:35:44,22650,118475,160245,13446090900,0,0,0
al2204,20220218,20220218,133543500,13:35:44,22645,118481,160243,13446770250,6,-2,679350
al2204,20220218,20220218,133544000,13:35:44,22645,118483,160242,13446996700,2,-1,226450
al2204,20220218,20220218,133544500,13:35:45,22645,118484,160241,13447109925,1,-1,113225
al2204,20220218,20220218,133545000,13:35:46,22645,118485,160240,13447223150,1,-1,113225
al2204,20220218,20220218,133545500,13:35:46,22645,118485,160240,13447223150,0,0,0
al2204,20220218,20220218,133546000,13:35:46,22645,118488,160239,13447562825,3,-1,339675
al2204,20220218,20220218,133546500,13:35:46,22645,118488,160239,13447562825,0,0,0
al2204,20220218,20220218,133547000,13:35:47,22645,118488,160239,13447562825,0,0,0
al2204,20220218,20220218,133547500,13:35:48,22645,118488,160239,13447562825,0,0,0
al2204,20220218,20220218,133548000,13:35:48,22645,118488,160239,13447562825,0,0,0
al2204,20220218,20220218,133548500,13:35:48,22645,118488,160239,13447562825,0,0,0
al2204,20220218,20220218,133549000,13:35:49,22645,118488,160239,13447562825,0,0,0
al2204,20220218,20220218,133549500,13:35:49,22645,118488,160239,13447562825,0,0,0
al2204,20220218,20220218,133550500,13:35:50,22645,118496,160236,13448468625,8,-3,905800
al2204,20220218,20220218,133551000,13:35:51,22650,118506,160235,13449600975,10,-1,1132350
al2204,20220218,20220218,133551500,13:35:51,22650,118514,160234,13450506975,8,-1,906000
al2204,20220218,20220218,133552000,13:35:52,22650,118515,160233,13450620225,1,-1,113250
al2204,20220218,20220218,133552500,13:35:53,22650,118516,160233,13450733475,1,0,113250
al2204,20220218,20220218,133553000,13:35:53,22650,118517,160232,13450846725,1,-1,113250
al2204,20220218,20220218,133553500,13:35:55,22650,118518,160231,13450959975,1,-1,113250
al2204,20220218,20220218,133554000,13:35:55,22650,118520,160230,13451186475,2,-1,226500
al2204,20220218,20220218,133554500,13:35:55,22645,118529,160235,13452205525,9,5,1019050
al2204,20220218,20220218,133555000,13:35:56,22645,118545,160224,13454017125,16,-11,1811600
al2204,20220218,20220218,133555500,13:35:56,22645,118549,160220,13454470025,4,-4,452900
al2204,20220218,20220218,133556000,13:35:56,22645,118550,160220,13454583250,1,0,113225
al2204,20220218,20220218,133556500,13:35:57,22645,118551,160219,13454696475,1,-1,113225
al2204,20220218,20220218,133557000,13:35:59,22645,118551,160219,13454696475,0,0,0
al2204,20220218,20220218,133557500,13:36:01,22645,118551,160219,13454696475,0,0,0
al2204,20220218,20220218,133558000,13:36:01,22645,118563,160223,13456055175,12,4,1358700
al2204,20220218,20220218,133559500,13:36:03,22645,118563,160223,13456055175,0,0,0
al2204,20220218,20220218,133601500,13:36:03,22635,118621,160190,13462620800,58,-33,6565625
al2204,20220218,20220218,133602500,13:36:03,22640,118627,160189,13463300000,6,-1,679200
al2204,20220218,20220218,133603000,13:36:05,22640,118643,160180,13465110825,16,-9,1810825
al2204,20220218,20220218,133603500,13:36:05,22630,118648,160178,13465676650,5,-2,565825
al2204,20220218,20220218,133605000,13:36:06,22635,118668,160173,13467940100,20,-5,2263450
al2204,20220218,20220218,133605500,13:36:07,22635,118669,160172,13468053275,1,-1,113175
al2204,20220218,20220218,133606000,13:36:07,22635,118670,160171,13468166450,1,-1,113175
al2204,20220218,20220218,133606500,13:36:07,22635,118687,160174,13470090125,17,3,1923675
al2204,20220218,20220218,133607000,13:36:08,22635,118688,160174,13470203300,1,0,113175
al2204,20220218,20220218,133607500,13:36:08,22635,118689,160173,13470316475,1,-1,113175
al2204,20220218,20220218,133608000,13:36:08,22635,118690,160172,13470429650,1,-1,113175
al2204,20220218,20220218,133608500,13:36:08,22635,118691,160172,13470542825,1,0,113175
al2204,20220218,20220218,133609000,13:36:09,22635,118703,160172,13471900650,12,0,1357825
al2204,20220218,20220218,133609500,13:36:10,22630,118709,160176,13472579550,6,4,678900
al2204,20220218,20220218,133610000,13:36:11,22635,118726,160176,13474503175,17,0,1923625
al2204,20220218,20220218,133610500,13:36:11,22630,118742,160187,13476313575,16,11,1810400
al2204,20220218,20220218,133611000,13:36:12,22630,118752,160184,13477445075,10,-3,1131500
al2204,20220218,20220218,133611500,13:36:12,22630,118757,160179,13478010825,5,-5,565750
al2204,20220218,20220218,133612000,13:36:12,22630,118765,160180,13478916025,8,1,905200
al2204,20220218,20220218,133612500,13:36:12,22630,118766,160179,13479029175,1,-1,113150
al2204,20220218,20220218,133613000,13:36:13,22630,118767,160178,13479142325,1,-1,113150
al2204,20220218,20220218,133613500,13:36:14,22625,118776,160178,13480160450,9,0,1018125
al2204,20220218,20220218,133614000,13:36:14,22630,118783,160184,13480952350,7,6,791900
al2204,20220218,20220218,133614500,13:36:14,22625,118792,160193,13481970475,9,9,1018125
al2204,20220218,20220218,133615000,13:36:15,22625,118798,160192,13482649225,6,-1,678750
al2204,20220218,20220218,133615500,13:36:15,22625,118798,160192,13482649225,0,0,0
al2204,20220218,20220218,133616500,13:36:17,22625,118798,160192,13482649225,0,0,0
al2204,20220218,20220218,133617000,13:36:19,22625,118802,160192,13483101725,4,0,452500
al2204,20220218,20220218,133617500,13:36:19,22625,118809,160196,13483893600,7,4,791875
al2204,20220218,20220218,133618000,13:36:19,22630,118810,160195,13484006750,1,-1,113150
al2204,20220218,20220218,133618500,13:36:19,22625,118859,160173,13489550125,49,-22,5543375
al2204,20220218,20220218,133619000,13:36:19,22625,118862,160171,13489889525,3,-2,339400
al2204,20220218,20220218,133619500,13:36:19,22630,118868,160171,13490568375,6,0,678850
al2204,20220218,20220218,133620000,13:36:20,22630,118874,160171,13491247275,6,0,678900
al2204,20220218,20220218,133620500,13:36:20,22630,118878,160174,13491699875,4,3,452600
al2204,20220218,20220218,133621000,13:36:21,22625,118882,160176,13492152475,4,2,452600
al2204,20220218,20220218,133621500,13:36:21,22625,118882,160176,13492152475,0,0,0
al2204,20220218,20220218,133622000,13:36:22,22625,118882,160176,13492152475,0,0,0
al2204,20220218,20220218,133622500,13:36:22,22625,118883,160176,13492265600,1,0,113125
al2204,20220218,20220218,133623000,13:36:23,22625,118883,160176,13492265600,0,0,0
al2204,20220218,20220218,133624000,13:36:24,22630,118888,160179,13492831350,5,3,565750
al2204,20220218,20220218,133624500,13:36:24,22630,118893,160175,13493397100,5,-4,565750
al2204,20220218,20220218,133625000,13:36:25,22630,118898,160175,13493962850,5,0,565750
al2204,20220218,20220218,133625500,13:36:26,22630,118902,160178,13494415450,4,3,452600
al2204,20220218,20220218,133626000,13:36:26,22630,118905,160177,13494754900,3,-1,339450
al2204,20220218,20220218,133626500,13:36:27,22630,118905,160177,13494754900,0,0,0
al2204,20220218,20220218,133627000,13:36:28,22630,118907,160175,13494981200,2,-2,226300
al2204,20220218,20220218,133627500,13:36:28,22630,118907,160175,13494981200,0,0,0
al2204,20220218,20220218,133628000,13:36:28,22630,118907,160175,13494981200,0,0,0
al2204,20220218,20220218,133628500,13:36:29,22630,118907,160175,13494981200,0,0,0
al2204,20220218,20220218,133629000,13:36:30,22630,118907,160175,13494981200,0,0,0
al2204,20220218,20220218,133629500,13:36:30,22630,118907,160175,13494981200,0,0,0
al2204,20220218,20220218,133630000,13:36:30,22630,118907,160175,13494981200,0,0,0
al2204,20220218,20220218,133630500,13:36:31,22630,118907,160175,13494981200,0,0,0
al2204,20220218,20220218,133631000,13:36:31,22630,118909,160173,13495207500,2,-2,226300
al2204,20220218,20220218,133631500,13:36:31,22630,118909,160173,13495207500,0,0,0
al2204,20220218,20220218,133632000,13:36:32,22630,118909,160173,13495207500,0,0,0
al2204,20220218,20220218,133632500,13:36:32,22630,118909,160173,13495207500,0,0,0
al2204,20220218,20220218,133633000,13:36:33,22635,118915,160179,13495886550,6,6,679050
al2204,20220218,20220218,133634500,13:36:35,22635,118921,160183,13496565600,6,4,679050
al2204,20220218,20220218,133635000,13:36:35,22635,118921,160183,13496565600,0,0,0
al2204,20220218,20220218,133635500,13:36:36,22635,118921,160183,13496565600,0,0,0
al2204,20220218,20220218,133636000,13:36:36,22635,118934,160189,13498036875,13,6,1471275
al2204,20220218,20220218,133636500,13:36:36,22635,118936,160189,13498263225,2,0,226350
al2204,20220218,20220218,133637000,13:36:38,22635,118936,160189,13498263225,0,0,0
al2204,20220218,20220218,133637500,13:36:38,22635,118938,160187,13498489575,2,-2,226350
al2204,20220218,20220218,133638000,13:36:38,22635,118938,160187,13498489575,0,0,0
al2204,20220218,20220218,133638500,13:36:39,22635,118941,160187,13498829100,3,0,339525
al2204,20220218,20220218,133639000,13:36:39,22635,118943,160187,13499055450,2,0,226350
al2204,20220218,20220218,133639500,13:36:39,22635,118943,160187,13499055450,0,0,0
al2204,20220218,20220218,133640000,13:36:40,22635,118943,160187,13499055450,0,0,0
al2204,20220218,20220218,133640500,13:36:40,22635,118946,160190,13499394975,3,3,339525
al2204,20220218,20220218,133641000,13:36:41,22635,118946,160190,13499394975,0,0,0
al2204,20220218,20220218,133641500,13:36:42,22635,118952,160192,13500074025,6,2,679050
al2204,20220218,20220218,133642000,13:36:42,22635,118954,160193,13500300375,2,1,226350
al2204,20220218,20220218,133642500,13:36:43,22635,118954,160193,13500300375,0,0,0
al2204,20220218,20220218,133643000,13:36:43,22635,118954,160193,13500300375,0,0,0
al2204,20220218,20220218,133643500,13:36:44,22640,118960,160197,13500979575,6,4,679200
al2204,20220218,20220218,133644000,13:36:44,22635,118962,160198,13501205925,2,1,226350
al2204,20220218,20220218,133644500,13:36:44,22630,118963,160198,13501319075,1,0,113150
al2204,20220218,20220218,133645000,13:36:45,22630,118963,160198,13501319075,0,0,0
al2204,20220218,20220218,133645500,13:36:46,22640,118964,160199,13501432275,1,1,113200
al2204,20220218,20220218,133646000,13:36:46,22640,118964,160199,13501432275,0,0,0
al2204,20220218,20220218,133646500,13:36:46,22640,118964,160199,13501432275,0,0,0
al2204,20220218,20220218,133648000,13:36:48,22630,118965,160199,13501545425,1,0,113150
al2204,20220218,20220218,133648500,13:36:48,22630,118965,160199,13501545425,0,0,0
al2204,20220218,20220218,133649000,13:36:49,22630,118965,160199,13501545425,0,0,0
al2204,20220218,20220218,133649500,13:36:49,22630,118965,160199,13501545425,0,0,0
al2204,20220218,20220218,133651500,13:36:52,22630,118965,160199,13501545425,0,0,0
al2204,20220218,20220218,133652000,13:36:52,22630,118965,160199,13501545425,0,0,0
al2204,20220218,20220218,133652500,13:36:53,22630,118965,160199,13501545425,0,0,0
al2204,20220218,20220218,133653500,13:36:54,22635,118971,160199,13502224475,6,0,679050
al2204,20220218,20220218,133654000,13:36:54,22635,118971,160199,13502224475,0,0,0
al2204,20220218,20220218,133654500,13:36:54,22635,118971,160199,13502224475,0,0,0
al2204,20220218,20220218,133658500,13:36:59,22635,118971,160199,13502224475,0,0,0
al2204,20220218,20220218,133659000,13:36:59,22635,118971,160199,13502224475,0,0,0
al2204,20220218,20220218,133700500,13:37:00,22635,118971,160199,13502224475,0,0,0
al2204,20220218,20220218,133701000,13:37:01,22635,118971,160199,13502224475,0,0,0
al2204,20220218,20220218,133702000,13:37:02,22635,118971,160199,13502224475,0,0,0
al2204,20220218,20220218,133702500,13:37:03,22635,118974,160197,13502564000,3,-2,339525
al2204,20220218,20220218,133703000,13:37:03,22635,118974,160197,13502564000,0,0,0
al2204,20220218,20220218,133703500,13:37:03,22635,118980,160203,13503243050,6,6,679050
al2204,20220218,20220218,133704000,13:37:04,22635,118980,160203,13503243050,0,0,0
al2204,20220218,20220218,133704500,13:37:05,22640,118985,160208,13503809050,5,5,566000
al2204,20220218,20220218,133705000,13:37:05,22635,118987,160208,13504035400,2,0,226350
al2204,20220218,20220218,133705500,13:37:07,22635,118990,160211,13504374925,3,3,339525
al2204,20220218,20220218,133706000,13:37:08,22635,118990,160211,13504374925,0,0,0
al2204,20220218,20220218,133707000,13:37:08,22635,118990,160211,13504374925,0,0,0
al2204,20220218,20220218,133707500,13:37:08,22635,118990,160211,13504374925,0,0,0
al2204,20220218,20220218,133708000,13:37:08,22635,118990,160211,13504374925,0,0,0
al2204,20220218,20220218,133708500,13:37:08,22635,118990,160211,13504374925,0,0,0
al2204,20220218,20220218,133709500,13:37:10,22635,118990,160211,13504374925,0,0,0
al2204,20220218,20220218,133710000,13:37:11,22635,118990,160211,13504374925,0,0,0
al2204,20220218,20220218,133710500,13:37:11,22635,118990,160211,13504374925,0,0,0
al2204,20220218,20220218,133711000,13:37:11,22635,118990,160211,13504374925,0,0,0
al2204,20220218,20220218,133711500,13:37:13,22635,118990,160211,13504374925,0,0,0
al2204,20220218,20220218,133712000,13:37:13,22635,118990,160211,13504374925,0,0,0
al2204,20220218,20220218,133712500,13:37:13,22635,118992,160213,13504601275,2,2,226350
al2204,20220218,20220218,133713000,13:37:13,22635,118993,160213,13504714450,1,0,113175
al2204,20220218,20220218,133713500,13:37:14,22635,118997,160211,13505167150,4,-2,452700
al2204,20220218,20220218,133714000,13:37:14,22635,119001,160210,13505619850,4,-1,452700
al2204,20220218,20220218,133714500,13:37:15,22635,119001,160210,13505619850,0,0,0
al2204,20220218,20220218,133715000,13:37:15,22635,119001,160210,13505619850,0,0,0
al2204,20220218,20220218,133715500,13:37:16,22635,119001,160210,13505619850,0,0,0
al2204,20220218,20220218,133716000,13:37:16,22635,119001,160210,13505619850,0,0,0
al2204,20220218,20220218,133716500,13:37:17,22635,119001,160210,13505619850,0,0,0
al2204,20220218,20220218,133717000,13:37:18,22640,119002,160210,13505733050,1,0,113200
al2204,20220218,20220218,133717500,13:37:18,22640,119002,160210,13505733050,0,0,0
al2204,20220218,20220218,133718000,13:37:18,22640,119002,160210,13505733050,0,0,0
al2204,20220218,20220218,133718500,13:37:19,22640,119002,160210,13505733050,0,0,0
al2204,20220218,20220218,133719000,13:37:19,22640,119003,160211,13505846250,1,1,113200
al2204,20220218,20220218,133720000,13:37:21,22640,119003,160211,13505846250,0,0,0
al2204,20220218,20220218,133721500,13:37:22,22640,119003,160211,13505846250,0,0,0
al2204,20220218,20220218,133722000,13:37:22,22635,119004,160210,13505959425,1,-1,113175
al2204,20220218,20220218,133722500,13:37:22,22635,119004,160210,13505959425,0,0,0
al2204,20220218,20220218,133724000,13:37:24,22635,119004,160210,13505959425,0,0,0
al2204,20220218,20220218,133724500,13:37:25,22635,119004,160210,13505959425,0,0,0
al2204,20220218,20220218,133728000,13:37:28,22635,119004,160210,13505959425,0,0,0
al2204,20220218,20220218,133728500,13:37:28,22635,119004,160210,13505959425,0,0,0
al2204,20220218,20220218,133729000,13:37:29,22635,119006,160208,13506185775,2,-2,226350
al2204,20220218,20220218,133729500,13:37:30,22635,119011,160208,13506751650,5,0,565875
al2204,20220218,20220218,133731500,13:37:31,22635,119011,160208,13506751650,0,0,0
al2204,20220218,20220218,133732000,13:37:32,22635,119016,160211,13507317525,5,3,565875
al2204,20220218,20220218,133733000,13:37:33,22635,119020,160209,13507770225,4,-2,452700
al2204,20220218,20220218,133733500,13:37:33,22635,119044,160209,13510486425,24,0,2716200
al2204,20220218,20220218,133734000,13:37:34,22635,119047,160210,13510825950,3,1,339525
al2204,20220218,20220218,133734500,13:37:34,22635,119048,160210,13510939125,1,0,113175
al2204,20220218,20220218,133735000,13:37:35,22635,119049,160210,13511052300,1,0,113175
al2204,20220218,20220218,133735500,13:37:36,22635,119050,160210,13511165475,1,0,113175
al2204,20220218,20220218,133736000,13:37:36,22635,119051,160210,13511278650,1,0,113175
al2204,20220218,20220218,133736500,13:37:37,22630,119052,160211,13511391800,1,1,113150
al2204,20220218,20220218,133738000,13:37:38,22630,119052,160211,13511391800,0,0,0
al2204,20220218,20220218,133738500,13:37:39,22635,119054,160211,13511618150,2,0,226350
al2204,20220218,20220218,133739000,13:37:39,22635,119055,160211,13511731325,1,0,113175
al2204,20220218,20220218,133739500,13:37:39,22635,119056,160211,13511844500,1,0,113175
al2204,20220218,20220218,133742500,13:37:43,22635,119056,160211,13511844500,0,0,0
al2204,20220218,20220218,133743500,13:37:44,22635,119056,160211,13511844500,0,0,0
al2204,20220218,20220218,133744500,13:37:45,22635,119056,160211,13511844500,0,0,0
al2204,20220218,20220218,133745000,13:37:45,22635,119056,160211,13511844500,0,0,0
al2204,20220218,20220218,133746500,13:37:47,22635,119066,160213,13512976250,10,2,1131750
al2204,20220218,20220218,133747000,13:37:47,22635,119066,160213,13512976250,0,0,0
al2204,20220218,20220218,133747500,13:37:48,22635,119066,160213,13512976250,0,0,0
al2204,20220218,20220218,133748500,13:37:48,22635,119066,160213,13512976250,0,0,0
al2204,20220218,20220218,133749000,13:37:49,22635,119066,160213,13512976250,0,0,0
al2204,20220218,20220218,133749500,13:37:49,22635,119066,160213,13512976250,0,0,0
