al2203,20220218,20220218,112003000,11:20:08,22665,166464,157102,18918979375,166464,-3565,18918979375
al2203,20220218,20220218,112004500,11:20:09,22665,166530,157094,18926458825,66,-8,7479450
al2203,20220218,20220218,112006000,11:20:10,22665,166530,157094,18926458825,0,0,0
al2203,20220218,20220218,112007000,11:20:10,22665,166530,157094,18926458825,0,0,0
al2203,20220218,20220218,112007500,11:20:10,22665,166530,157094,18926458825,0,0,0
al2203,20220218,20220218,112008000,11:20:10,22665,166530,157094,18926458825,0,0,0
al2203,20220218,20220218,112008500,11:20:10,22660,166532,157095,18926685450,2,1,226625
al2203,20220218,20220218,112009500,11:20:10,22660,166532,157095,18926685450,0,0,0
al2203,20220218,20220218,112010000,11:20:10,22660,166532,157095,18926685450,0,0,0
al2203,20220218,20220218,112010500,11:20:10,22660,166532,157095,18926685450,0,0,0
al2203,20220218,20220218,112011000,11:20:11,22660,166533,157095,18926798750,1,0,113300
al2203,20220218,20220218,112011500,11:20:12,22665,166534,157096,18926912075,1,1,113325
al2203,20220218,20220218,112012000,11:20:12,22660,166535,157095,18927025375,1,-1,113300
al2203,20220218,20220218,112012500,11:20:13,22660,166556,157099,18929404675,21,4,2379300
al2203,20220218,20220218,112013000,11:20:13,22660,166556,157099,18929404675,0,0,0
al2203,20220218,20220218,112014500,11:20:14,22660,166556,157099,18929404675,0,0,0
al2203,20220218,20220218,112015000,11:20:15,22660,166556,157099,18929404675,0,0,0
al2203,20220218,20220218,112015500,11:20:16,22665,166557,157100,18929518000,1,1,113325
al2203,20220218,20220218,112016500,11:20:16,22665,166557,157100,18929518000,0,0,0
al2203,20220218,20220218,112017000,11:20:17,22665,166557,157100,18929518000,0,0,0
al2203,20220218,20220218,112017500,11:20:17,22665,166557,157100,18929518000,0,0,0
al2203,20220218,20220218,112018000,11:20:18,22665,166557,157100,18929518000,0,0,0
al2203,20220218,20220218,112019000,11:20:19,22665,166557,157100,18929518000,0,0,0
al2203,20220218,20220218,112019500,11:20:20,22665,166557,157100,18929518000,0,0,0
al2203,20220218,20220218,112020000,11:20:20,22665,166557,157100,18929518000,0,0,0
al2203,20220218,20220218,112020500,11:20:21,22665,166559,157102,18929744650,2,2,226650
al2203,20220218,20220218,112021000,11:20:21,22660,166560,157101,18929857950,1,-1,113300
al2203,20220218,20220218,112021500,11:20:21,22660,166560,157101,18929857950,0,0,0
al2203,20220218,20220218,112023000,11:20:23,22660,166560,157101,18929857950,0,0,0
al2203,20220218,20220218,112023500,11:20:23,22660,166560,157101,18929857950,0,0,0
al2203,20220218,20220218,112024000,11:20:24,22660,166560,157101,18929857950,0,0,0
al2203,20220218,20220218,112024500,11:20:24,22660,166560,157101,18929857950,0,0,0
al2203,20220218,20220218,112025000,11:20:25,22660,166560,157101,18929857950,0,0,0
al2203,20220218,20220218,112025500,11:20:25,22660,166560,157101,18929857950,0,0,0
al2203,20220218,20220218,112026000,11:20:26,22660,166560,157101,18929857950,0,0,0
al2203,20220218,20220218,112027000,11:20:27,22660,166560,157101,18929857950,0,0,0
al2203,20220218,20220218,112028000,11:20:28,22660,166560,157101,18929857950,0,0,0
al2203,20220218,20220218,112028500,11:20:28,22660,166560,157101,18929857950,0,0,0
al2203,20220218,20220218,112029000,11:20:29,22660,166568,157095,18930764350,8,-6,906400
al2203,20220218,20220218,112029500,11:20:30,22660,166612,157094,18935749550,44,-1,4985200
al2203,20220218,20220218,112030000,11:20:31,22660,166613,157094,18935862850,1,0,113300
al2203,20220218,20220218,112030500,11:20:31,22660,166613,157094,18935862850,0,0,0
al2203,20220218,20220218,112031000,11:20:32,22655,166616,157094,18936202675,3,0,339825
al2203,20220218,20220218,112031500,11:20:32,22660,166621,157089,18936769175,5,-5,566500
al2203,20220218,20220218,112032000,11:20:32,22655,166622,157090,18936882450,1,1,113275
al2203,20220218,20220218,112032500,11:20:32,22655,166719,157155,18947871400,97,65,10988950
al2203,20220218,20220218,112033000,11:20:33,22655,166719,157155,18947871400,0,0,0
al2203,20220218,20220218,112033500,11:20:33,22660,166725,157156,18948551175,6,1,679775
al2203,20220218,20220218,112034000,11:20:34,22655,166738,157165,18950023750,13,9,1472575
al2203,20220218,20220218,112034500,11:20:35,22655,166759,157165,18952402525,21,0,2378775
al2203,20220218,20220218,112035000,11:20:35,22655,166801,157156,18957160175,42,-9,4757650
al2203,20220218,20220218,112035500,11:20:35,22655,166824,157145,18959765625,23,-11,2605450
al2203,20220218,20220218,112036000,11:20:36,22655,166844,157135,18962031250,20,-10,2265625
al2203,20220218,20220218,112036500,11:20:37,22655,166844,157135,18962031250,0,0,0
al2203,20220218,20220218,112037000,11:20:37,22655,166845,157136,18962144525,1,1,113275
al2203,20220218,20220218,112037500,11:20:38,22655,166845,157136,18962144525,0,0,0
al2203,20220218,20220218,112038000,11:20:38,22655,166845,157136,18962144525,0,0,0
al2203,20220218,20220218,112038500,11:20:38,22660,166848,157137,18962484400,3,1,339875
al2203,20220218,20220218,112039000,11:20:39,22660,166848,157137,18962484400,0,0,0
al2203,20220218,20220218,112039500,11:20:40,22660,166848,157137,18962484400,0,0,0
al2203,20220218,20220218,112040000,11:20:40,22655,166855,157134,18963277325,7,-3,792925
al2203,20220218,20220218,112040500,11:20:41,22655,166855,157134,18963277325,0,0,0
al2203,20220218,20220218,112041000,11:20:41,22655,166858,157136,18963617150,3,2,339825
al2203,20220218,20220218,112041500,11:20:41,22655,166858,157136,18963617150,0,0,0
al2203,20220218,20220218,112042500,11:20:42,22655,166858,157136,18963617150,0,0,0
al2203,20220218,20220218,112043000,11:20:43,22655,166859,157137,18963730425,1,1,113275
al2203,20220218,20220218,112043500,11:20:44,22655,166859,157137,18963730425,0,0,0
al2203,20220218,20220218,112044000,11:20:44,22655,166859,157137,18963730425,0,0,0
al2203,20220218,20220218,112044500,11:20:45,22655,166859,157137,18963730425,0,0,0
al2203,20220218,20220218,112045500,11:20:46,22660,166863,157135,18964183575,4,-2,453150
al2203,20220218,20220218,112046000,11:20:46,22660,166863,157135,18964183575,0,0,0
al2203,20220218,20220218,112046500,11:20:46,22660,166863,157135,18964183575,0,0,0
al2203,20220218,20220218,112047000,11:20:48,22660,166871,157133,18965089975,8,-2,906400
al2203,20220218,20220218,112047500,11:20:48,22660,166871,157133,18965089975,0,0,0
al2203,20220218,20220218,112048000,11:20:48,22660,166871,157133,18965089975,0,0,0
al2203,20220218,20220218,112048500,11:20:50,22660,166871,157133,18965089975,0,0,0
al2203,20220218,20220218,112050500,11:20:50,22660,166871,157133,18965089975,0,0,0
al2203,20220218,20220218,112051000,11:20:51,22660,166878,157134,18965883075,7,1,793100
al2203,20220218,20220218,112051500,11:20:52,22660,166878,157134,18965883075,0,0,0
al2203,20220218,20220218,112052000,11:20:53,22660,166878,157134,18965883075,0,0,0
al2203,20220218,20220218,112054000,11:20:54,22660,166878,157134,18965883075,0,0,0
al2203,20220218,20220218,112054500,11:20:55,22660,166878,157134,18965883075,0,0,0
al2203,20220218,20220218,112055000,11:20:55,22660,166878,157134,18965883075,0,0,0
al2203,20220218,20220218,112056500,11:20:56,22660,166894,157140,18967695875,16,6,1812800
al2203,20220218,20220218,112057000,11:20:58,22660,166894,157140,18967695875,0,0,0
al2203,20220218,20220218,112057500,11:20:58,22660,166894,157140,18967695875,0,0,0
al2203,20220218,20220218,112058000,11:20:58,22665,166896,157140,18967922500,2,0,226625
al2203,20220218,20220218,112058500,11:20:59,22665,166896,157140,18967922500,0,0,0
al2203,20220218,20220218,112059000,11:21:00,22660,166898,157140,18968149100,2,0,226600
al2203,20220218,20220218,112059500,11:21:00,22665,166899,157141,18968262425,1,1,113325
al2203,20220218,20220218,112100000,11:21:00,22665,166899,157141,18968262425,0,0,0
al2203,20220218,20220218,112100500,11:21:01,22665,166899,157141,18968262425,0,0,0
al2203,20220218,20220218,112101000,11:21:01,22660,166904,157144,18968828925,5,3,566500
al2203,20220218,20220218,112101500,11:21:02,22660,166904,157144,18968828925,0,0,0
al2203,20220218,20220218,112102000,11:21:03,22660,166904,157144,18968828925,0,0,0
al2203,20220218,20220218,112102500,11:21:03,22665,166905,157144,18968942250,1,0,113325
al2203,20220218,20220218,112103500,11:21:04,22660,166922,157148,18970868350,17,4,1926100
al2203,20220218,20220218,112104000,11:21:04,22660,166935,157144,18972341250,13,-4,1472900
al2203,20220218,20220218,112104500,11:21:05,22660,166949,157140,18973927450,14,-4,1586200
al2203,20220218,20220218,112105000,11:21:06,22660,166955,157141,18974607250,6,1,679800
al2203,20220218,20220218,112105500,11:21:07,22660,166955,157141,18974607250,0,0,0
al2203,20220218,20220218,112106000,11:21:07,22660,166956,157141,18974720550,1,0,113300
al2203,20220218,20220218,112106500,11:21:08,22660,166956,157141,18974720550,0,0,0
al2203,20220218,20220218,112107000,11:21:10,22660,166957,157142,18974833850,1,1,113300
al2203,20220218,20220218,112107500,11:21:10,22665,166959,157141,18975060500,2,-1,226650
al2203,20220218,20220218,112108000,11:21:10,22665,166959,157141,18975060500,0,0,0
al2203,20220218,20220218,112110000,11:21:10,22665,166959,157141,18975060500,0,0,0
al2203,20220218,20220218,112110500,11:21:11,22665,166959,157141,18975060500,0,0,0
al2203,20220218,20220218,112112000,11:21:12,22660,166981,157138,18977553225,22,-3,2492725
al2203,20220218,20220218,112112500,11:21:13,22660,166981,157138,18977553225,0,0,0
al2203,20220218,20220218,112113000,11:21:13,22665,166982,157139,18977666550,1,1,113325
al2203,20220218,20220218,112113500,11:21:13,22665,166982,157139,18977666550,0,0,0
al2203,20220218,20220218,112114000,11:21:14,22665,167003,157151,18980046375,21,12,2379825
al2203,20220218,20220218,112114500,11:21:14,22665,167003,157151,18980046375,0,0,0
al2203,20220218,20220218,112115000,11:21:15,22665,167003,157151,18980046375,0,0,0
al2203,20220218,20220218,112115500,11:21:15,22665,167003,157151,18980046375,0,0,0
al2203,20220218,20220218,112116000,11:21:16,22665,167003,157151,18980046375,0,0,0
al2203,20220218,20220218,112116500,11:21:17,22665,167060,157148,18986505100,57,-3,6458725
al2203,20220218,20220218,112117000,11:21:17,22665,167074,157150,18988091650,14,2,1586550
al2203,20220218,20220218,112117500,11:21:18,22660,167094,157144,18990358125,20,-6,2266475
al2203,20220218,20220218,112118000,11:21:18,22665,167096,157143,18990584775,2,-1,226650
al2203,20220218,20220218,112118500,11:21:18,22665,167096,157143,18990584775,0,0,0
al2203,20220218,20220218,112119500,11:21:20,22665,167096,157143,18990584775,0,0,0
al2203,20220218,20220218,112120000,11:21:21,22665,167096,157143,18990584775,0,0,0
al2203,20220218,20220218,112120500,11:21:22,22670,167097,157142,18990698125,1,-1,113350
al2203,20220218,20220218,112121000,11:21:22,22670,167104,157144,18991491575,7,2,793450
al2203,20220218,20220218,112121500,11:21:22,22670,167104,157144,18991491575,0,0,0
al2203,20220218,20220218,112122000,11:21:22,22670,167104,157144,18991491575,0,0,0
al2203,20220218,20220218,112122500,11:21:22,22670,167104,157144,18991491575,0,0,0
al2203,20220218,20220218,112123000,11:21:23,22670,167105,157145,18991604925,1,1,113350
al2203,20220218,20220218,112123500,11:21:23,22670,167105,157145,18991604925,0,0,0
al2203,20220218,20220218,112124000,11:21:24,22670,167105,157145,18991604925,0,0,0
al2203,20220218,20220218,112124500,11:21:25,22670,167105,157145,18991604925,0,0,0
al2203,20220218,20220218,112125500,11:23:32,22670,167105,157145,18991604925,0,0,0
al2203,20220218,20220218,112126000,11:23:33,22670,167105,157145,18991604925,0,0,0
al2203,20220218,20220218,112332000,11:23:33,22670,167105,157145,18991604925,0,0,0
al2203,20220218,20220218,112333000,11:23:33,22670,167582,157145,19045657200,477,0,54052275
al2203,20220218,20220218,112333500,11:23:33,22670,167582,157145,19045657200,0,0,0
al2203,20220218,20220218,112334000,11:23:34,22670,167582,157145,19045657200,0,0,0
al2203,20220218,20220218,112334500,11:23:34,22670,167583,157145,19045770550,1,0,113350
al2203,20220218,20220218,112335000,11:23:35,22670,167583,157145,19045770550,0,0,0
al2203,20220218,20220218,112336000,11:23:36,22670,167587,157144,19046223950,4,-1,453400
al2203,20220218,20220218,112338000,11:23:38,22665,167592,157149,19046790575,5,5,566625
al2203,20220218,20220218,112338500,11:23:38,22665,167592,157149,19046790575,0,0,0
al2203,20220218,20220218,112339000,11:23:39,22665,167592,157149,19046790575,0,0,0
al2203,20220218,20220218,112339500,11:23:39,22665,167592,157149,19046790575,0,0,0
al2203,20220218,20220218,112340500,11:23:40,22665,167592,157149,19046790575,0,0,0
al2203,20220218,20220218,112341000,11:23:41,22665,167592,157149,19046790575,0,0,0
al2203,20220218,20220218,112343500,11:23:43,22665,167592,157149,19046790575,0,0,0
al2203,20220218,20220218,112344000,11:23:46,22665,167592,157149,19046790575,0,0,0
al2203,20220218,20220218,112344500,11:23:48,22670,167594,157147,19047017275,2,-2,226700
al2203,20220218,20220218,112345000,11:23:48,22670,167623,157135,19050304425,29,-12,3287150
al2203,20220218,20220218,112345500,11:23:48,22670,167629,157135,19050984575,6,0,680150
al2203,20220218,20220218,112348000,11:23:48,22670,167629,157135,19050984575,0,0,0
al2203,20220218,20220218,112348500,11:23:49,22670,167629,157135,19050984575,0,0,0
al2203,20220218,20220218,112349000,11:23:49,22670,167629,157135,19050984575,0,0,0
al2203,20220218,20220218,112349500,11:23:50,22670,167629,157135,19050984575,0,0,0
al2203,20220218,20220218,112350000,11:23:50,22670,167629,157135,19050984575,0,0,0
al2203,20220218,20220218,112350500,11:23:50,22670,167632,157136,19051324650,3,1,340075
al2203,20220218,20220218,112351000,11:23:51,22670,167632,157136,19051324650,0,0,0
al2203,20220218,20220218,112351500,11:23:51,22670,167635,157136,19051664750,3,0,340100
al2203,20220218,20220218,112352500,11:23:52,22670,167635,157136,19051664750,0,0,0
al2203,20220218,20220218,112353000,11:23:53,22670,167635,157136,19051664750,0,0,0
al2203,20220218,20220218,112354000,11:23:54,22675,167636,157136,19051778125,1,0,113375
al2203,20220218,20220218,112354500,11:23:55,22675,167636,157136,19051778125,0,0,0
al2203,20220218,20220218,112355000,11:23:55,22675,167636,157136,19051778125,0,0,0
al2203,20220218,20220218,112355500,11:23:55,22675,167636,157136,19051778125,0,0,0
al2203,20220218,20220218,112356000,11:23:56,22675,167636,157136,19051778125,0,0,0
al2203,20220218,20220218,112356500,11:23:56,22675,167636,157136,19051778125,0,0,0
al2203,20220218,20220218,112357000,11:23:57,22675,167646,157131,19052911875,10,-5,1133750
al2203,20220218,20220218,112357500,11:23:57,22670,167651,157129,19053478625,5,-2,566750
al2203,20220218,20220218,112358000,11:23:58,22670,167651,157129,19053478625,0,0,0
al2203,20220218,20220218,112358500,11:23:58,22670,167651,157129,19053478625,0,0,0
al2203,20220218,20220218,112359000,11:23:59,22670,167651,157129,19053478625,0,0,0
al2203,20220218,20220218,112359500,11:23:59,22670,167651,157129,19053478625,0,0,0
al2203,20220218,20220218,112400000,11:24:00,22670,167651,157129,19053478625,0,0,0
al2203,20220218,20220218,112401000,11:24:01,22670,167651,157129,19053478625,0,0,0
al2203,20220218,20220218,112401500,11:24:01,22670,167651,157129,19053478625,0,0,0
al2203,20220218,20220218,112402000,11:24:02,22670,167667,157124,19055292450,16,-5,1813825
al2203,20220218,20220218,112402500,11:24:02,22670,167669,157124,19055519150,2,0,226700
al2203,20220218,20220218,112403000,11:24:03,22670,167669,157124,19055519150,0,0,0
al2203,20220218,20220218,112403500,11:24:04,22670,167669,157124,19055519150,0,0,0
al2203,20220218,20220218,112404000,11:24:04,22670,167669,157124,19055519150,0,0,0
al2203,20220218,20220218,112405000,11:24:05,22670,167669,157124,19055519150,0,0,0
al2203,20220218,20220218,112405500,11:24:05,22670,167669,157124,19055519150,0,0,0
al2203,20220218,20220218,112406500,11:24:06,22675,167672,157126,19055859275,3,2,340125
al2203,20220218,20220218,112407000,11:24:07,22675,167672,157126,19055859275,0,0,0
al2203,20220218,20220218,112407500,11:24:08,22675,167672,157126,19055859275,0,0,0
al2203,20220218,20220218,112408500,11:24:08,22675,167672,157126,19055859275,0,0,0
al2203,20220218,20220218,112409000,11:24:11,22675,167672,157126,19055859275,0,0,0
al2203,20220218,20220218,112409500,11:24:12,22675,167673,157125,19055972650,1,-1,113375
al2203,20220218,20220218,112411500,11:24:12,22670,167674,157124,19056086000,1,-1,113350
al2203,20220218,20220218,112412500,11:24:13,22675,167695,157111,19058466875,21,-13,2380875
al2203,20220218,20220218,112413000,11:24:14,22675,167695,157111,19058466875,0,0,0
al2203,20220218,20220218,112414000,11:24:14,22675,167695,157111,19058466875,0,0,0
al2203,20220218,20220218,112414500,11:24:15,22675,167695,157111,19058466875,0,0,0
al2203,20220218,20220218,112415500,11:24:15,22675,167695,157111,19058466875,0,0,0
al2203,20220218,20220218,112417000,11:24:17,22675,167695,157111,19058466875,0,0,0
al2203,20220218,20220218,112418500,11:24:19,22675,167696,157111,19058580250,1,0,113375
al2203,20220218,20220218,112420000,11:24:20,22675,167697,157111,19058693625,1,0,113375
al2203,20220218,20220218,112420500,11:24:21,22675,167697,157111,19058693625,0,0,0
al2203,20220218,20220218,112421000,11:24:21,22675,167697,157111,19058693625,0,0,0
al2203,20220218,20220218,112422500,11:24:23,22675,167697,157111,19058693625,0,0,0
al2203,20220218,20220218,112423000,11:24:23,22670,167698,157111,19058806975,1,0,113350
al2203,20220218,20220218,112423500,11:24:23,22670,167698,157111,19058806975,0,0,0
al2203,20220218,20220218,112424000,11:24:24,22670,167698,157111,19058806975,0,0,0
al2203,20220218,20220218,112424500,11:24:24,22670,167698,157111,19058806975,0,0,0
al2203,20220218,20220218,112425000,11:24:25,22670,167698,157111,19058806975,0,0,0
al2203,20220218,20220218,112425500,11:24:25,22670,167698,157111,19058806975,0,0,0
al2203,20220218,20220218,112426500,11:24:26,22675,167699,157111,19058920350,1,0,113375
al2203,20220218,20220218,112427500,11:24:28,22675,167699,157111,19058920350,0,0,0
al2203,20220218,20220218,112428000,11:24:28,22675,167699,157111,19058920350,0,0,0
al2203,20220218,20220218,112429000,11:24:29,22670,167700,157110,19059033700,1,-1,113350
al2203,20220218,20220218,112430000,11:24:30,22670,167700,157110,19059033700,0,0,0
al2203,20220218,20220218,112430500,11:24:30,22670,167701,157110,19059147050,1,0,113350
al2203,20220218,20220218,112431000,11:24:31,22675,167751,157151,19064815800,50,41,5668750
al2203,20220218,20220218,112431500,11:24:31,22675,167760,157157,19065836175,9,6,1020375
al2203,20220218,20220218,112432000,11:24:32,22675,167760,157157,19065836175,0,0,0
al2203,20220218,20220218,112432500,11:24:32,22675,167760,157157,19065836175,0,0,0
al2203,20220218,20220218,112433000,11:24:33,22675,167762,157158,19066062925,2,1,226750
al2203,20220218,20220218,112433500,11:24:33,22675,167762,157158,19066062925,0,0,0
al2203,20220218,20220218,112434000,11:24:34,22670,167772,157148,19067196425,10,-10,1133500
al2203,20220218,20220218,112434500,11:24:34,22670,167773,157147,19067309775,1,-1,113350
al2203,20220218,20220218,112436000,11:24:36,22675,167774,157146,19067423150,1,-1,113375
al2203,20220218,20220218,112436500,11:24:36,22675,167774,157146,19067423150,0,0,0
al2203,20220218,20220218,112437000,11:24:37,22675,167774,157146,19067423150,0,0,0
al2203,20220218,20220218,112437500,11:24:37,22675,167774,157146,19067423150,0,0,0
al2203,20220218,20220218,112438500,11:24:39,22675,167774,157146,19067423150,0,0,0
al2203,20220218,20220218,112439000,11:24:40,22675,167774,157146,19067423150,0,0,0
al2203,20220218,20220218,112441500,11:24:41,22675,167774,157146,19067423150,0,0,0
al2203,20220218,20220218,112442000,11:24:42,22675,167774,157146,19067423150,0,0,0
al2203,20220218,20220218,112442500,11:24:42,22670,167779,157146,19067989900,5,0,566750
al2203,20220218,20220218,112445500,11:24:45,22675,167781,157147,19068216650,2,1,226750
al2203,20220218,20220218,112446000,11:24:46,22670,167782,157148,19068330000,1,1,113350
al2203,20220218,20220218,112446500,11:24:46,22670,167782,157148,19068330000,0,0,0
al2203,20220218,20220218,112448000,11:24:48,22670,167782,157148,19068330000,0,0,0
al2203,20220218,20220218,112448500,11:24:49,22670,167782,157148,19068330000,0,0,0
al2203,20220218,20220218,112449000,11:24:49,22670,167782,157148,19068330000,0,0,0
al2203,20220218,20220218,112449500,11:24:49,22670,167782,157148,19068330000,0,0,0
al2203,20220218,20220218,112450000,11:24:50,22675,167783,157148,19068443375,1,0,113375
al2203,20220218,20220218,112451500,11:24:52,22670,167784,157149,19068556725,1,1,113350
al2203,20220218,20220218,112452500,11:24:52,22675,167785,157148,19068670100,1,-1,113375
al2203,20220218,20220218,112453000,11:24:53,22675,167785,157148,19068670100,0,0,0
al2203,20220218,20220218,112453500,11:24:53,22675,167785,157148,19068670100,0,0,0
al2203,20220218,20220218,112454500,11:24:54,22670,167786,157148,19068783450,1,0,113350
al2203,20220218,20220218,112455000,11:24:55,22670,167787,157149,19068896800,1,1,113350
al2203,20220218,20220218,112455500,11:24:56,22670,167787,157149,19068896800,0,0,0
al2203,20220218,20220218,112456000,11:24:56,22670,167787,157149,19068896800,0,0,0
al2203,20220218,20220218,112456500,11:24:56,22670,167807,157156,19071163800,20,7,2267000
al2203,20220218,20220218,112457000,11:24:57,22670,167874,157175,19078758250,67,19,7594450
al2203,20220218,20220218,112457500,11:24:57,22670,167874,157175,19078758250,0,0,0
al2203,20220218,20220218,112458000,11:24:58,22670,167875,157175,19078871600,1,0,113350
al2203,20220218,20220218,112458500,11:24:58,22670,167887,157179,19080231800,12,4,1360200
al2203,20220218,20220218,112459000,11:24:59,22665,167888,157180,19080345125,1,1,113325
al2203,20220218,20220218,112459500,11:24:59,22665,167888,157180,19080345125,0,0,0
al2203,20220218,20220218,112501000,11:25:02,22665,167888,157180,19080345125,0,0,0
al2203,20220218,20220218,112501500,11:25:05,22665,167889,157180,19080458450,1,0,113325
al2203,20220218,20220218,112502000,11:25:05,22665,167889,157180,19080458450,0,0,0
al2203,20220218,20220218,112502500,11:25:06,22665,167889,157180,19080458450,0,0,0
al2203,20220218,20220218,112504500,11:25:06,22665,167889,157180,19080458450,0,0,0
al2203,20220218,20220218,112505500,11:25:06,22670,167890,157180,19080571800,1,0,113350
al2203,20220218,20220218,112506000,11:25:06,22665,167891,157181,19080685125,1,1,113325
al2203,20220218,20220218,112506500,11:25:07,22665,167891,157181,19080685125,0,0,0
al2203,20220218,20220218,112507500,11:25:07,22670,167893,157181,19080911825,2,0,226700
al2203,20220218,20220218,112508000,11:25:08,22670,167898,157183,19081478575,5,2,566750
al2203,20220218,20220218,112509500,11:25:09,22670,167899,157182,19081591925,1,-1,113350
al2203,20220218,20220218,112510000,11:25:10,22670,167899,157182,19081591925,0,0,0
al2203,20220218,20220218,112510500,11:25:10,22670,167899,157182,19081591925,0,0,0
al2203,20220218,20220218,112512500,11:25:12,22670,167904,157178,19082158675,5,-4,566750
al2203,20220218,20220218,112513000,11:25:13,22665,167905,157179,19082272000,1,1,113325
al2203,20220218,20220218,112514000,11:25:15,22665,167905,157179,19082272000,0,0,0
al2203,20220218,20220218,112516000,11:25:16,22665,167905,157179,19082272000,0,0,0
al2203,20220218,20220218,112516500,11:25:16,22665,167905,157179,19082272000,0,0,0
al2203,20220218,20220218,112518000,11:25:18,22665,167906,157180,19082385325,1,1,113325
al2203,20220218,20220218,112518500,11:25:19,22665,167906,157180,19082385325,0,0,0
al2203,20220218,20220218,112519500,11:25:19,22665,167906,157180,19082385325,0,0,0
al2203,20220218,20220218,112520000,11:25:21,22670,167917,157172,19083632150,11,-8,1246825
al2203,20220218,20220218,112520500,11:25:21,22665,167918,157173,19083745475,1,1,113325
al2203,20220218,20220218,112521000,11:25:22,22665,167918,157173,19083745475,0,0,0
al2203,20220218,20220218,112521500,11:25:22,22665,167918,157173,19083745475,0,0,0
al2203,20220218,20220218,112522000,11:25:22,22665,167918,157173,19083745475,0,0,0
al2203,20220218,20220218,112522500,11:25:22,22665,167920,157175,19083972125,2,2,226650
al2203,20220218,20220218,112523500,11:25:24,22665,167920,157175,19083972125,0,0,0
al2203,20220218,20220218,112524000,11:25:25,22665,167946,157160,19086918575,26,-15,2946450
al2203,20220218,20220218,112524500,11:25:25,22665,167950,157158,19087371875,4,-2,453300
al2203,20220218,20220218,112525000,11:25:25,22665,167950,157158,19087371875,0,0,0
al2203,20220218,20220218,112525500,11:25:26,22665,167950,157158,19087371875,0,0,0
al2203,20220218,20220218,112526000,11:25:26,22665,167950,157158,19087371875,0,0,0
al2203,20220218,20220218,112527000,11:25:27,22665,167950,157158,19087371875,0,0,0
al2203,20220218,20220218,112527500,11:25:28,22660,167951,157158,19087485175,1,0,113300
al2203,20220218,20220218,112528000,11:25:28,22660,167951,157158,19087485175,0,0,0
al2203,20220218,20220218,112529000,11:25:29,22665,167952,157157,19087598500,1,-1,113325
al2203,20220218,20220218,112529500,11:25:30,22665,167953,157157,19087711825,1,0,113325
al2203,20220218,20220218,112530500,11:25:31,22665,167957,157158,19088165125,4,1,453300
al2203,20220218,20220218,112531000,11:25:31,22665,167957,157158,19088165125,0,0,0
al2203,20220218,20220218,112531500,11:25:32,22665,167966,157152,19089185050,9,-6,1019925
al2203,20220218,20220218,112532000,11:25:32,22665,167966,157152,19089185050,0,0,0
al2203,20220218,20220218,112532500,11:25:33,22665,167966,157152,19089185050,0,0,0
al2203,20220218,20220218,112533000,11:25:33,22660,167968,157151,19089411675,2,-1,226625
al2203,20220218,20220218,112533500,11:25:33,22660,167968,157151,19089411675,0,0,0
al2203,20220218,20220218,112534000,11:25:34,22660,167968,157151,19089411675,0,0,0
al2203,20220218,20220218,112534500,11:25:35,22660,167969,157152,19089524975,1,1,113300
al2203,20220218,20220218,112535000,11:25:36,22660,167969,157152,19089524975,0,0,0
al2203,20220218,20220218,112535500,11:25:37,22660,167969,157152,19089524975,0,0,0
al2203,20220218,20220218,112536000,11:25:37,22660,167969,157152,19089524975,0,0,0
al2203,20220218,20220218,112537000,11:25:38,22665,167978,157150,19090544900,9,-2,1019925
al2203,20220218,20220218,112537500,11:25:38,22665,168002,157172,19093264700,24,22,2719800
al2203,20220218,20220218,112538000,11:25:38,22665,168007,157171,19093831325,5,-1,566625
al2203,20220218,20220218,112538500,11:25:39,22665,168009,157169,19094057975,2,-2,226650
al2203,20220218,20220218,112539000,11:25:39,22665,168009,157169,19094057975,0,0,0
al2203,20220218,20220218,112539500,11:25:40,22665,168009,157169,19094057975,0,0,0
al2203,20220218,20220218,112540500,11:25:41,22665,168009,157169,19094057975,0,0,0
al2203,20220218,20220218,112541500,11:25:41,22665,168009,157169,19094057975,0,0,0
al2203,20220218,20220218,112542500,11:25:43,22665,168011,157167,19094284625,2,-2,226650
al2203,20220218,20220218,112543000,11:25:43,22665,168012,157167,19094397950,1,0,113325
al2203,20220218,20220218,112545000,11:25:45,22670,168015,157168,19094737975,3,1,340025
al2203,20220218,20220218,112545500,11:25:46,22670,168016,157167,19094851325,1,-1,113350
al2203,20220218,20220218,112546000,11:25:47,22670,168016,157167,19094851325,0,0,0
al2203,20220218,20220218,112546500,11:25:48,22670,168016,157167,19094851325,0,0,0
al2203,20220218,20220218,112548000,11:25:48,22665,168017,157166,19094964650,1,-1,113325
al2203,20220218,20220218,112548500,11:25:48,22665,168029,157162,19096324550,12,-4,1359900
al2203,20220218,20220218,112549000,11:25:49,22670,168039,157157,19097458050,10,-5,1133500
al2203,20220218,20220218,112549500,11:25:49,22670,168039,157157,19097458050,0,0,0
al2203,20220218,20220218,112550000,11:25:50,22670,168039,157157,19097458050,0,0,0
al2203,20220218,20220218,112553000,11:25:53,22670,168039,157157,19097458050,0,0,0
al2203,20220218,20220218,112554500,11:25:55,22670,168054,157149,19099158300,15,-8,1700250
al2203,20220218,20220218,112555000,11:25:55,22670,168054,157149,19099158300,0,0,0
al2203,20220218,20220218,112556000,11:25:57,22670,168054,157149,19099158300,0,0,0
al2203,20220218,20220218,112557000,11:25:57,22670,168056,157149,19099385000,2,0,226700
al2203,20220218,20220218,112557500,11:25:57,22670,168071,157147,19101085250,15,-2,1700250
al2203,20220218,20220218,112558000,11:25:59,22670,168071,157147,19101085250,0,0,0
al2203,20220218,20220218,112558500,11:25:59,22670,168071,157147,19101085250,0,0,0
al2203,20220218,20220218,112600000,11:26:00,22670,168071,157147,19101085250,0,0,0
al2203,20220218,20220218,112601000,11:26:01,22670,168071,157147,19101085250,0,0,0
al2203,20220218,20220218,112601500,11:26:03,22670,168072,157148,19101198600,1,1,113350
al2203,20220218,20220218,112602000,11:26:03,22670,168072,157148,19101198600,0,0,0
al2203,20220218,20220218,112602500,11:26:03,22670,168072,157148,19101198600,0,0,0
al2203,20220218,20220218,112603500,11:26:04,22670,168087,157148,19102898850,15,0,1700250
al2203,20220218,20220218,112604000,11:26:05,22670,168091,157146,19103352250,4,-2,453400
al2203,20220218,20220218,112604500,11:26:05,22670,168091,157146,19103352250,0,0,0
al2203,20220218,20220218,112605000,11:26:05,22670,168091,157146,19103352250,0,0,0
al2203,20220218,20220218,112605500,11:26:06,22670,168091,157146,19103352250,0,0,0
al2203,20220218,20220218,112607000,11:26:09,22670,168091,157146,19103352250,0,0,0
al2203,20220218,20220218,112609000,11:26:10,22670,168092,157146,19103465600,1,0,113350
al2203,20220218,20220218,112610500,11:26:11,22670,168093,157145,19103578950,1,-1,113350
al2203,20220218,20220218,112612000,11:26:14,22670,168093,157145,19103578950,0,0,0
al2203,20220218,20220218,112614500,11:26:15,22665,168096,157144,19103918975,3,-1,340025
al2203,20220218,20220218,112615000,11:26:16,22665,168096,157144,19103918975,0,0,0
al2203,20220218,20220218,112615500,11:26:16,22665,168096,157144,19103918975,0,0,0
al2203,20220218,20220218,112616000,11:26:16,22665,168096,157144,19103918975,0,0,0
al2203,20220218,20220218,112617000,11:26:17,22665,168096,157144,19103918975,0,0,0
al2203,20220218,20220218,112617500,11:26:17,22670,168117,157159,19106299325,21,15,2380350
al2203,20220218,20220218,112618000,11:26:18,22670,168122,157159,19106866075,5,0,566750
al2203,20220218,20220218,112618500,11:26:19,22670,168136,157156,19108452975,14,-3,1586900
al2203,20220218,20220218,112619000,11:26:19,22670,168136,157156,19108452975,0,0,0
al2203,20220218,20220218,112619500,11:26:20,22670,168144,157150,19109359775,8,-6,906800
al2203,20220218,20220218,112620000,11:26:20,22670,168145,157150,19109473125,1,0,113350
al2203,20220218,20220218,112620500,11:26:20,22670,168147,157148,19109699825,2,-2,226700
al2203,20220218,20220218,112621000,11:26:21,22670,168147,157148,19109699825,0,0,0
al2203,20220218,20220218,112622000,11:26:22,22670,168147,157148,19109699825,0,0,0
al2203,20220218,20220218,112622500,11:26:22,22670,168147,157148,19109699825,0,0,0
al2203,20220218,20220218,112623500,11:26:23,22670,168147,157148,19109699825,0,0,0
al2203,20220218,20220218,112625000,11:26:25,22675,168148,157147,19109813200,1,-1,113375
al2203,20220218,20220218,112625500,11:26:26,22675,168148,157147,19109813200,0,0,0
al2203,20220218,20220218,112627000,11:26:27,22670,168149,157147,19109926550,1,0,113350
al2203,20220218,20220218,112627500,11:26:27,22675,168159,157142,19111060300,10,-5,1133750
al2203,20220218,20220218,112628000,11:26:28,22675,168160,157143,19111173675,1,1,113375
al2203,20220218,20220218,112629000,11:26:29,22675,168160,157143,19111173675,0,0,0
al2203,20220218,20220218,112629500,11:26:31,22675,168174,157138,19112760825,14,-5,1587150
al2203,20220218,20220218,112630000,11:26:31,22670,168176,157138,19112987525,2,0,226700
al2203,20220218,20220218,112630500,11:26:31,22670,168177,157138,19113100875,1,0,113350
al2203,20220218,20220218,112631000,11:26:31,22670,168179,157138,19113327575,2,0,226700
al2203,20220218,20220218,112631500,11:26:32,22670,168183,157141,19113780975,4,3,453400
al2203,20220218,20220218,112632000,11:26:32,22675,168194,157142,19115028075,11,1,1247100
al2203,20220218,20220218,112632500,11:26:32,22675,168194,157142,19115028075,0,0,0
al2203,20220218,20220218,112633000,11:26:33,22670,168196,157143,19115254775,2,1,226700
al2203,20220218,20220218,112633500,11:26:34,22675,168201,157145,19115821575,5,2,566800
al2203,20220218,20220218,112634000,11:26:37,22675,168211,157145,19116955325,10,0,1133750
al2203,20220218,20220218,112634500,11:26:37,22670,168224,157150,19118428875,13,5,1473550
al2203,20220218,20220218,112635000,11:26:37,22670,168224,157150,19118428875,0,0,0
al2203,20220218,20220218,112635500,11:26:38,22670,168224,157150,19118428875,0,0,0
al2203,20220218,20220218,112636500,11:26:38,22670,168226,157152,19118655575,2,2,226700
al2203,20220218,20220218,112637500,11:27:10,22670,168236,157151,19119789075,10,-1,1133500
al2203,20220218,20220218,112638000,11:27:10,22670,168236,157151,19119789075,0,0,0
al2203,20220218,20220218,112653500,11:27:10,22665,168395,157141,19137808700,159,-10,18019625
al2203,20220218,20220218,112710000,11:27:12,22670,168409,157151,19139395575,14,10,1586875
al2203,20220218,20220218,112711000,11:27:12,22670,168409,157151,19139395575,0,0,0
al2203,20220218,20220218,112712500,11:27:13,22670,168409,157151,19139395575,0,0,0
al2203,20220218,20220218,112713000,11:27:14,22670,168424,157142,19141095700,15,-9,1700125
al2203,20220218,20220218,112713500,11:27:14,22670,168424,157142,19141095700,0,0,0
al2203,20220218,20220218,112714000,11:27:15,22670,168424,157142,19141095700,0,0,0
al2203,20220218,20220218,112715500,11:27:16,22670,168434,157132,19142229200,10,-10,1133500
al2203,20220218,20220218,112716000,11:27:17,22665,168435,157133,19142342525,1,1,113325
al2203,20220218,20220218,112716500,11:27:17,22670,168436,157133,19142455875,1,0,113350
al2203,20220218,20220218,112717500,11:27:17,22665,168437,157133,19142569200,1,0,113325
al2203,20220218,20220218,112719500,11:27:20,22670,168447,157129,19143702700,10,-4,1133500
al2203,20220218,20220218,112720000,11:27:20,22670,168448,157130,19143816050,1,1,113350
al2203,20220218,20220218,112720500,11:27:21,22670,168448,157130,19143816050,0,0,0
al2203,20220218,20220218,112721000,11:27:21,22670,168448,157130,19143816050,0,0,0
al2203,20220218,20220218,112721500,11:27:22,22665,168452,157128,19144269350,4,-2,453300
al2203,20220218,20220218,112722000,11:27:22,22670,168463,157127,19145516200,11,-1,1246850
al2203,20220218,20220218,112722500,11:27:22,22670,168463,157127,19145516200,0,0,0
al2203,20220218,20220218,112723000,11:27:26,22670,168463,157127,19145516200,0,0,0
al2203,20220218,20220218,112723500,11:27:27,22665,168468,157130,19146082825,5,3,566625
al2203,20220218,20220218,112724000,11:27:27,22665,168468,157130,19146082825,0,0,0
al2203,20220218,20220218,112726500,11:27:27,22665,168468,157130,19146082825,0,0,0
al2203,20220218,20220218,112727000,11:27:27,22665,168468,157130,19146082825,0,0,0
al2203,20220218,20220218,112727500,11:27:27,22665,168468,157130,19146082825,0,0,0
al2203,20220218,20220218,112728000,11:27:28,22665,168468,157130,19146082825,0,0,0
al2203,20220218,20220218,112729500,11:27:30,22670,168496,157123,19149256525,28,-7,3173700
al2203,20220218,20220218,112730500,11:27:31,22670,168496,157123,19149256525,0,0,0
al2203,20220218,20220218,112731000,11:27:33,22670,168496,157123,19149256525,0,0,0
al2203,20220218,20220218,112732500,11:27:36,22670,168497,157122,19149369875,1,-1,113350
al2203,20220218,20220218,112735000,11:27:36,22670,168497,157122,19149369875,0,0,0
al2203,20220218,20220218,112736000,11:27:37,22665,168500,157121,19149709850,3,-1,339975
al2203,20220218,20220218,112736500,11:27:38,22665,168500,157121,19149709850,0,0,0
al2203,20220218,20220218,112737000,11:27:38,22670,168501,157121,19149823200,1,0,113350
al2203,20220218,20220218,112738000,11:27:39,22670,168501,157121,19149823200,0,0,0
al2203,20220218,20220218,112740000,11:27:40,22665,168504,157118,19150163175,3,-3,339975
al2203,20220218,20220218,112740500,11:27:40,22665,168504,157118,19150163175,0,0,0
al2203,20220218,20220218,112741000,11:27:41,22665,168515,157126,19151409750,11,8,1246575
al2203,20220218,20220218,112741500,11:27:42,22665,168515,157126,19151409750,0,0,0
al2203,20220218,20220218,112742000,11:27:42,22665,168523,157127,19152316225,8,1,906475
al2203,20220218,20220218,112742500,11:27:43,22665,168523,157127,19152316225,0,0,0
al2203,20220218,20220218,112743000,11:27:43,22665,168523,157127,19152316225,0,0,0
al2203,20220218,20220218,112744000,11:27:44,22665,168525,157125,19152542875,2,-2,226650
al2203,20220218,20220218,112744500,11:27:45,22660,168540,157121,19154242725,15,-4,1699850
al2203,20220218,20220218,112745000,11:27:45,22665,168544,157118,19154696025,4,-3,453300
al2203,20220218,20220218,112745500,11:27:46,22665,168544,157118,19154696025,0,0,0
al2203,20220218,20220218,112746000,11:27:46,22665,168544,157118,19154696025,0,0,0
al2203,20220218,20220218,112746500,11:27:47,22665,168544,157118,19154696025,0,0,0
al2203,20220218,20220218,112747000,11:27:47,22665,168544,157118,19154696025,0,0,0
al2203,20220218,20220218,112748000,11:27:53,22665,168545,157119,19154809350,1,1,113325
al2203,20220218,20220218,112748500,11:27:54,22665,168545,157119,19154809350,0,0,0
al2203,20220218,20220218,112749500,11:27:54,22665,168545,157119,19154809350,0,0,0
al2203,20220218,20220218,112753000,11:27:54,22665,168545,157119,19154809350,0,0,0
al2203,20220218,20220218,112755000,11:27:55,22665,168545,157119,19154809350,0,0,0
al2203,20220218,20220218,112755500,11:27:55,22660,168548,157121,19155149275,3,2,339925
al2203,20220218,20220218,112756000,11:27:56,22660,168549,157121,19155262575,1,0,113300
al2203,20220218,20220218,112756500,11:27:56,22660,168549,157121,19155262575,0,0,0
al2203,20220218,20220218,112758500,11:27:59,22660,168550,157121,19155375875,1,0,113300
al2203,20220218,20220218,112759000,11:27:59,22660,168550,157121,19155375875,0,0,0
al2203,20220218,20220218,112800000,11:28:00,22665,168563,157118,19156849050,13,-3,1473175
al2203,20220218,20220218,112800500,11:28:01,22665,168563,157118,19156849050,0,0,0
al2203,20220218,20220218,112801000,11:28:01,22665,168563,157118,19156849050,0,0,0
al2203,20220218,20220218,112801500,11:28:02,22665,168563,157118,19156849050,0,0,0
al2203,20220218,20220218,112802000,11:28:03,22665,168567,157122,19157302350,4,4,453300
al2203,20220218,20220218,112802500,11:28:03,22665,168578,157118,19158548925,11,-4,1246575
al2203,20220218,20220218,112803000,11:28:04,22665,168585,157123,19159342200,7,5,793275
al2203,20220218,20220218,112803500,11:28:04,22665,168594,157117,19160362025,9,-6,1019825
al2203,20220218,20220218,112804000,11:28:05,22665,168596,157119,19160588675,2,2,226650
al2203,20220218,20220218,112804500,11:28:06,22665,168596,157119,19160588675,0,0,0
al2203,20220218,20220218,112805000,11:28:06,22665,168596,157119,19160588675,0,0,0
al2203,20220218,20220218,112805500,11:28:08,22660,168598,157121,19160815300,2,2,226625
al2203,20220218,20220218,112806000,11:28:10,22665,168599,157122,19160928625,1,1,113325
al2203,20220218,20220218,112806500,11:28:10,22660,168600,157122,19161041925,1,0,113300
al2203,20220218,20220218,112807000,11:28:10,22660,168602,157121,19161268525,2,-1,226600
al2203,20220218,20220218,112810000,11:28:11,22660,168602,157121,19161268525,0,0,0
al2203,20220218,20220218,112811000,11:28:12,22665,168605,157123,19161608475,3,2,339950
al2203,20220218,20220218,112811500,11:28:12,22665,168605,157123,19161608475,0,0,0
al2203,20220218,20220218,112812000,11:28:13,22660,168606,157122,19161721775,1,-1,113300
al2203,20220218,20220218,112812500,11:28:13,22660,168608,157121,19161948375,2,-1,226600
al2203,20220218,20220218,112813000,11:28:13,22660,168610,157121,19162174975,2,0,226600
al2203,20220218,20220218,112814500,11:28:14,22665,168611,157122,19162288300,1,1,113325
al2203,20220218,20220218,112815000,11:28:15,22660,168612,157121,19162401600,1,-1,113300
al2203,20220218,20220218,112817500,11:28:17,22660,168613,157121,19162514900,1,0,113300
al2203,20220218,20220218,112818000,11:28:18,22660,168613,157121,19162514900,0,0,0
al2203,20220218,20220218,112818500,11:28:18,22660,168613,157121,19162514900,0,0,0
al2203,20220218,20220218,112819000,11:28:19,22665,168615,157119,19162741550,2,-2,226650
al2203,20220218,20220218,112819500,11:28:20,22665,168615,157119,19162741550,0,0,0
al2203,20220218,20220218,112820000,11:28:20,22660,168616,157119,19162854850,1,0,113300
al2203,20220218,20220218,112820500,11:28:20,22660,168616,157119,19162854850,0,0,0
al2203,20220218,20220218,112822500,11:28:22,22660,168616,157119,19162854850,0,0,0
al2203,20220218,20220218,112823000,11:28:23,22660,168616,157119,19162854850,0,0,0
al2203,20220218,20220218,112823500,11:28:23,22665,168626,157124,19163988100,10,5,1133250
al2203,20220218,20220218,112824000,11:28:24,22665,168626,157124,19163988100,0,0,0
al2203,20220218,20220218,112824500,11:28:24,22670,168627,157123,19164101450,1,-1,113350
al2203,20220218,20220218,112825000,11:28:25,22670,168627,157123,19164101450,0,0,0
al2203,20220218,20220218,112825500,11:28:25,22665,168628,157123,19164214775,1,0,113325
al2203,20220218,20220218,112826000,11:28:26,22665,168628,157123,19164214775,0,0,0
al2203,20220218,20220218,112826500,11:28:27,22665,168628,157123,19164214775,0,0,0
al2203,20220218,20220218,112827000,11:28:27,22665,168629,157123,19164328100,1,0,113325
al2203,20220218,20220218,112827500,11:28:27,22670,168639,157122,19165461500,10,-1,1133400
al2203,20220218,20220218,112828000,11:28:28,22670,168639,157122,19165461500,0,0,0
al2203,20220218,20220218,112828500,11:28:28,22670,168639,157122,19165461500,0,0,0
al2203,20220218,20220218,112829000,11:28:29,22665,168643,157118,19165914800,4,-4,453300
al2203,20220218,20220218,112829500,11:28:30,22665,168643,157118,19165914800,0,0,0
al2203,20220218,20220218,112830000,11:28:30,22665,168643,157118,19165914800,0,0,0
al2203,20220218,20220218,112830500,11:28:31,22665,168643,157118,19165914800,0,0,0
al2203,20220218,20220218,112831000,11:28:31,22665,168643,157118,19165914800,0,0,0
al2203,20220218,20220218,112831500,11:28:31,22665,168644,157118,19166028125,1,0,113325
al2203,20220218,20220218,112832500,11:28:33,22665,168644,157118,19166028125,0,0,0
al2203,20220218,20220218,112834000,11:28:34,22665,168644,157118,19166028125,0,0,0
al2203,20220218,20220218,112834500,11:28:34,22665,168644,157118,19166028125,0,0,0
al2203,20220218,20220218,112835000,11:28:35,22665,168645,157118,19166141450,1,0,113325
al2203,20220218,20220218,112835500,11:28:37,22665,168645,157118,19166141450,0,0,0
al2203,20220218,20220218,112836000,11:28:37,22665,168645,157118,19166141450,0,0,0
al2203,20220218,20220218,112836500,11:28:37,22665,168645,157118,19166141450,0,0,0
al2203,20220218,20220218,112837000,11:28:37,22665,168645,157118,19166141450,0,0,0
al2203,20220218,20220218,112838000,11:28:38,22665,168645,157118,19166141450,0,0,0
al2203,20220218,20220218,112841000,11:28:41,22665,168645,157118,19166141450,0,0,0
al2203,20220218,20220218,112841500,11:28:41,22660,168647,157118,19166368075,2,0,226625
al2203,20220218,20220218,112842000,11:28:42,22665,168660,157118,19167841300,13,0,1473225
al2203,20220218,20220218,112842500,11:28:43,22665,168666,157118,19168521250,6,0,679950
al2203,20220218,20220218,112843000,11:28:43,22665,168676,157122,19169654500,10,4,1133250
al2203,20220218,20220218,112843500,11:28:44,22665,168676,157122,19169654500,0,0,0
al2203,20220218,20220218,112844000,11:28:44,22665,168676,157122,19169654500,0,0,0
al2203,20220218,20220218,112844500,11:28:45,22665,168676,157122,19169654500,0,0,0
al2203,20220218,20220218,112845000,11:28:45,22665,168680,157122,19170107800,4,0,453300
al2203,20220218,20220218,112845500,11:28:46,22665,168681,157121,19170221125,1,-1,113325
al2203,20220218,20220218,112846000,11:28:46,22665,168681,157121,19170221125,0,0,0
al2203,20220218,20220218,112846500,11:28:46,22665,168681,157121,19170221125,0,0,0
al2203,20220218,20220218,112847000,11:28:47,22665,168681,157121,19170221125,0,0,0
al2203,20220218,20220218,112848500,11:28:48,22670,168685,157117,19170674525,4,-4,453400
al2203,20220218,20220218,112849000,11:28:49,22665,168686,157117,19170787850,1,0,113325
al2203,20220218,20220218,112850000,11:28:50,22665,168686,157117,19170787850,0,0,0
al2203,20220218,20220218,112852000,11:28:53,22665,168686,157117,19170787850,0,0,0
al2203,20220218,20220218,112852500,11:28:53,22665,168686,157117,19170787850,0,0,0
al2203,20220218,20220218,112853000,11:28:54,22665,168686,157117,19170787850,0,0,0
al2203,20220218,20220218,112853500,11:28:54,22665,168686,157117,19170787850,0,0,0
al2203,20220218,20220218,112854000,11:28:54,22665,168686,157117,19170787850,0,0,0
al2203,20220218,20220218,112854500,11:28:54,22665,168686,157117,19170787850,0,0,0
al2203,20220218,20220218,112855500,11:28:56,22665,168687,157117,19170901175,1,0,113325
al2203,20220218,20220218,112856000,11:28:56,22665,168687,157117,19170901175,0,0,0
al2203,20220218,20220218,112857500,11:28:58,22665,168687,157117,19170901175,0,0,0
al2203,20220218,20220218,112858000,11:28:59,22665,168687,157117,19170901175,0,0,0
al2203,20220218,20220218,112858500,11:28:59,22665,168687,157117,19170901175,0,0,0
al2203,20220218,20220218,112859000,11:28:59,22670,168688,157116,19171014525,1,-1,113350
al2203,20220218,20220218,112859500,11:29:00,22670,168688,157116,19171014525,0,0,0
al2203,20220218,20220218,112900000,11:29:00,22670,168688,157116,19171014525,0,0,0
al2203,20220218,20220218,112900500,11:29:01,22670,168692,157113,19171467875,4,-3,453350
al2203,20220218,20220218,112901000,11:29:01,22665,168697,157118,19172034500,5,5,566625
al2203,20220218,20220218,112901500,11:29:02,22665,168698,157117,19172147825,1,-1,113325
al2203,20220218,20220218,112902000,11:29:03,22665,168700,157115,19172374500,2,-2,226675
al2203,20220218,20220218,112902500,11:29:03,22665,168701,157115,19172487825,1,0,113325
al2203,20220218,20220218,112903000,11:29:03,22665,168701,157115,19172487825,0,0,0
al2203,20220218,20220218,112903500,11:29:04,22665,168702,157116,19172601150,1,1,113325
al2203,20220218,20220218,112904000,11:29:04,22665,168702,157116,19172601150,0,0,0
al2203,20220218,20220218,112904500,11:29:04,22665,168702,157116,19172601150,0,0,0
al2203,20220218,20220218,112905000,11:29:05,22665,168702,157116,19172601150,0,0,0
al2203,20220218,20220218,112907500,11:29:08,22665,168702,157116,19172601150,0,0,0
al2203,20220218,20220218,112908500,11:29:08,22670,168704,157115,19172827850,2,-1,226700
al2203,20220218,20220218,112909000,11:29:09,22670,168707,157116,19173167900,3,1,340050
al2203,20220218,20220218,112909500,11:29:09,22670,168707,157116,19173167900,0,0,0
al2203,20220218,20220218,112910000,11:29:10,22665,168708,157117,19173281225,1,1,113325
al2203,20220218,20220218,112910500,11:29:10,22670,168711,157119,19173621250,3,2,340025
al2203,20220218,20220218,112911000,11:29:11,22670,168711,157119,19173621250,0,0,0
al2203,20220218,20220218,112911500,11:29:12,22665,168714,157117,19173961225,3,-2,339975
al2203,20220218,20220218,112912000,11:29:12,22665,168716,157116,19174187875,2,-1,226650
al2203,20220218,20220218,112912500,11:29:12,22670,168722,157114,19174867875,6,-2,680000
al2203,20220218,20220218,112913000,11:29:13,22670,168722,157114,19174867875,0,0,0
al2203,20220218,20220218,112913500,11:29:14,22670,168722,157114,19174867875,0,0,0
al2203,20220218,20220218,112914000,11:29:14,22665,168732,157110,19176001125,10,-4,1133250
al2203,20220218,20220218,112914500,11:29:15,22665,168732,157110,19176001125,0,0,0
al2203,20220218,20220218,112915000,11:29:15,22670,168737,157113,19176567875,5,3,566750
al2203,20220218,20220218,112915500,11:29:16,22670,168737,157113,19176567875,0,0,0
al2203,20220218,20220218,112916500,11:29:18,22665,168740,157114,19176907850,3,1,339975
al2203,20220218,20220218,112917000,11:29:20,22670,168745,157117,19177474600,5,3,566750
al2203,20220218,20220218,112917500,11:29:21,22670,168755,157117,19178607875,10,0,1133275
al2203,20220218,20220218,112918000,11:29:21,22670,168755,157117,19178607875,0,0,0
al2203,20220218,20220218,112920500,11:29:21,22670,168761,157112,19179287975,6,-5,680100
al2203,20220218,20220218,112921000,11:29:22,22660,168764,157110,19179627875,3,-2,339900
al2203,20220218,20220218,112921500,11:29:24,22660,168764,157110,19179627875,0,0,0
al2203,20220218,20220218,112922000,11:29:24,22670,168769,157111,19180194625,5,1,566750
al2203,20220218,20220218,112922500,11:29:24,22670,168769,157111,19180194625,0,0,0
al2203,20220218,20220218,112924000,11:29:24,22670,168769,157111,19180194625,0,0,0
al2203,20220218,20220218,112925500,11:29:25,22665,168775,157114,19180874700,6,3,680075
al2203,20220218,20220218,112926000,11:29:26,22665,168777,157114,19181101350,2,0,226650
al2203,20220218,20220218,112927000,11:29:27,22670,168784,157119,19181894800,7,5,793450
al2203,20220218,20220218,112927500,11:29:27,22665,168785,157118,19182008125,1,-1,113325
al2203,20220218,20220218,112928000,11:29:28,22665,168785,157118,19182008125,0,0,0
al2203,20220218,20220218,112928500,11:29:29,22670,168790,157119,19182574875,5,1,566750
al2203,20220218,20220218,112929000,11:29:29,22665,168791,157119,19182688200,1,0,113325
al2203,20220218,20220218,112929500,11:29:29,22665,168791,157119,19182688200,0,0,0
al2203,20220218,20220218,112930000,11:29:30,22665,168791,157119,19182688200,0,0,0
al2203,20220218,20220218,112930500,11:29:31,22665,168791,157119,19182688200,0,0,0
al2203,20220218,20220218,112931000,11:29:32,22665,168793,157120,19182914850,2,1,226650
al2203,20220218,20220218,112931500,11:29:32,22665,168793,157120,19182914850,0,0,0
al2203,20220218,20220218,112932000,11:29:36,22665,168793,157120,19182914850,0,0,0
al2203,20220218,20220218,112932500,11:29:36,22665,168793,157120,19182914850,0,0,0
al2203,20220218,20220218,112933000,11:29:37,22665,168794,157120,19183028175,1,0,113325
al2203,20220218,20220218,112933500,11:29:38,22665,168794,157120,19183028175,0,0,0
al2203,20220218,20220218,112936500,11:29:38,22670,168811,157109,19184955050,17,-11,1926875
al2203,20220218,20220218,112937500,11:29:38,22670,168811,157109,19184955050,0,0,0
al2203,20220218,20220218,112938000,11:29:38,22670,168811,157109,19184955050,0,0,0
al2203,20220218,20220218,112938500,11:29:39,22675,168812,157110,19185068425,1,1,113375
al2203,20220218,20220218,112939000,11:29:39,22670,168813,157111,19185181775,1,1,113350
al2203,20220218,20220218,112939500,11:29:40,22670,168833,157115,19187448775,20,4,2267000
al2203,20220218,20220218,112940000,11:29:40,22670,168837,157115,19187902175,4,0,453400
al2203,20220218,20220218,112940500,11:29:40,22670,168840,157115,19188242225,3,0,340050
al2203,20220218,20220218,112941000,11:29:41,22670,168851,157125,19189489075,11,10,1246850
al2203,20220218,20220218,112941500,11:29:42,22670,168852,157126,19189602425,1,1,113350
al2203,20220218,20220218,112942000,11:29:44,22670,168852,157126,19189602425,0,0,0
al2203,20220218,20220218,112942500,11:29:44,22670,168860,157130,19190509225,8,4,906800
al2203,20220218,20220218,112943000,11:29:45,22670,168863,157131,19190849275,3,1,340050
al2203,20220218,20220218,112943500,11:29:45,22670,168863,157131,19190849275,0,0,0
al2203,20220218,20220218,112944500,11:29:45,22675,168867,157130,19191302700,4,-1,453425
al2203,20220218,20220218,112945000,11:29:46,22670,168868,157131,19191416050,1,1,113350
al2203,20220218,20220218,112945500,11:29:46,22670,168869,157130,19191529400,1,-1,113350
al2203,20220218,20220218,112946000,11:29:47,22670,168870,157130,19191642750,1,0,113350
al2203,20220218,20220218,112947000,11:29:47,22670,168870,157130,19191642750,0,0,0
al2203,20220218,20220218,112947500,11:29:48,22670,168871,157130,19191756100,1,0,113350
al2203,20220218,20220218,112948000,11:29:49,22670,168873,157131,19191982800,2,1,226700
al2203,20220218,20220218,112948500,11:29:50,22670,168873,157131,19191982800,0,0,0
al2203,20220218,20220218,112949500,11:29:51,22670,168873,157131,19191982800,0,0,0
al2203,20220218,20220218,112950000,11:29:51,22670,168874,157132,19192096150,1,1,113350
al2203,20220218,20220218,112950500,11:29:51,22670,168875,157132,19192209500,1,0,113350
al2203,20220218,20220218,112951500,11:29:52,22670,168875,157132,19192209500,0,0,0
al2203,20220218,20220218,112952000,11:29:53,22670,168878,157134,19192549550,3,2,340050
al2203,20220218,20220218,112952500,11:29:53,22670,168887,157134,19193569700,9,0,1020150
al2203,20220218,20220218,112953000,11:29:54,22670,168889,157132,19193796400,2,-2,226700
al2203,20220218,20220218,112953500,11:29:54,22670,168890,157131,19193909750,1,-1,113350
al2203,20220218,20220218,112954000,11:29:54,22670,168890,157131,19193909750,0,0,0
al2203,20220218,20220218,112954500,11:29:54,22670,168890,157131,19193909750,0,0,0
al2203,20220218,20220218,112955000,11:29:55,22675,168909,157131,19196063875,19,0,2154125
al2203,20220218,20220218,112955500,11:29:56,22675,168909,157131,19196063875,0,0,0
al2203,20220218,20220218,112956000,11:30:00,22675,168909,157131,19196063875,0,0,0
al2203,20220218,20220218,112956500,11:30:00,22675,168910,157132,19196177250,1,1,113375
al2203,20220218,20220218,112957000,11:30:02,22675,168910,157132,19196177250,0,0,0
al2203,20220218,20220218,112957500,11:30:02,22675,168910,157132,19196177250,0,0,0
al2203,20220218,20220218,112959500,11:30:02,22675,168910,157132,19196177250,0,0,0
al2203,20220218,20220218,113000000,11:30:03,22675,168910,157132,19196177250,0,0,0
al2203,20220218,20220218,113001000,11:30:03,22675,168910,157132,19196177250,0,0,0
al2203,20220218,20220218,113001500,11:30:03,22675,168910,157132,19196177250,0,0,0
al2203,20220218,20220218,133002000,13:30:08,22670,168988,157161,19205019675,78,29,8842425
al2203,20220218,20220218,133002500,13:30:10,22675,169018,157147,19208420850,30,-14,3401175
al2203,20220218,20220218,133008000,13:30:10,22680,169202,157175,19229282675,184,28,20861825
al2203,20220218,20220218,133009500,13:30:10,22670,169224,157168,19231776575,22,-7,2493900
al2203,20220218,20220218,133010000,13:30:11,22670,169233,157167,19232796725,9,-1,1020150
al2203,20220218,20220218,133010500,13:30:12,22670,169233,157167,19232796725,0,0,0
al2203,20220218,20220218,133011000,13:30:13,22665,169250,157161,19234723250,17,-6,1926525
al2203,20220218,20220218,133011500,13:30:13,22665,169250,157161,19234723250,0,0,0
al2203,20220218,20220218,133012500,13:30:13,22665,169255,157161,19235289875,5,0,566625
al2203,20220218,20220218,133013000,13:30:14,22660,169256,157161,19235403175,1,0,113300
al2203,20220218,20220218,133013500,13:30:14,22660,169258,157159,19235629775,2,-2,226600
al2203,20220218,20220218,133014000,13:30:15,22660,169258,157159,19235629775,0,0,0
al2203,20220218,20220218,133014500,13:30:16,22665,169286,157159,19238802875,28,0,3173100
al2203,20220218,20220218,133015000,13:30:18,22665,169286,157159,19238802875,0,0,0
al2203,20220218,20220218,133016500,13:30:18,22665,169286,157159,19238802875,0,0,0
al2203,20220218,20220218,133017000,13:30:18,22665,169287,157160,19238916200,1,1,113325
al2203,20220218,20220218,133017500,13:30:18,22665,169288,157159,19239029525,1,-1,113325
al2203,20220218,20220218,133018000,13:30:19,22670,169292,157159,19239482925,4,0,453400
al2203,20220218,20220218,133018500,13:30:20,22670,169292,157159,19239482925,0,0,0
al2203,20220218,20220218,133019000,13:30:20,22665,169293,157159,19239596250,1,0,113325
al2203,20220218,20220218,133019500,13:30:21,22665,169295,157157,19239822900,2,-2,226650
al2203,20220218,20220218,133020000,13:30:21,22665,169295,157157,19239822900,0,0,0
al2203,20220218,20220218,133020500,13:30:21,22665,169296,157157,19239936225,1,0,113325
al2203,20220218,20220218,133021000,13:30:21,22665,169296,157157,19239936225,0,0,0
al2203,20220218,20220218,133022000,13:30:38,22665,169299,157157,19240276250,3,0,340025
al2203,20220218,20220218,133022500,13:30:38,22665,169299,157157,19240276250,0,0,0
al2203,20220218,20220218,133023000,13:30:40,22670,169307,157161,19241183050,8,4,906800
al2203,20220218,20220218,133038000,13:30:40,22675,169416,157201,19253539775,109,40,12356725
al2203,20220218,20220218,133038500,13:30:42,22675,169425,157204,19254560150,9,3,1020375
al2203,20220218,20220218,133040500,13:30:42,22675,169436,157200,19255807275,11,-4,1247125
al2203,20220218,20220218,133041000,13:30:43,22675,169437,157200,19255920650,1,0,113375
al2203,20220218,20220218,133042000,13:30:44,22675,169437,157200,19255920650,0,0,0
al2203,20220218,20220218,133042500,13:30:44,22675,169437,157200,19255920650,0,0,0
al2203,20220218,20220218,133043000,13:30:44,22675,169442,157201,19256487525,5,1,566875
al2203,20220218,20220218,133044500,13:30:46,22675,169448,157202,19257167775,6,1,680250
al2203,20220218,20220218,133045500,13:30:46,22675,169448,157202,19257167775,0,0,0
al2203,20220218,20220218,133046000,13:30:47,22675,169454,157197,19257848025,6,-5,680250
al2203,20220218,20220218,133046500,13:30:47,22680,169456,157196,19258074800,2,-1,226775
al2203,20220218,20220218,133047000,13:30:48,22675,169461,157195,19258641675,5,-1,566875
al2203,20220218,20220218,133047500,13:30:48,22675,169461,157195,19258641675,0,0,0
al2203,20220218,20220218,133048000,13:30:49,22680,169464,157198,19258981875,3,3,340200
al2203,20220218,20220218,133048500,13:30:49,22675,169465,157199,19259095250,1,1,113375
al2203,20220218,20220218,133049500,13:30:50,22675,169465,157199,19259095250,0,0,0
al2203,20220218,20220218,133050000,13:30:51,22680,169468,157202,19259435450,3,3,340200
al2203,20220218,20220218,133050500,13:30:51,22675,169469,157203,19259548825,1,1,113375
al2203,20220218,20220218,133051000,13:30:52,22675,169469,157203,19259548825,0,0,0
al2203,20220218,20220218,133051500,13:30:52,22675,169469,157203,19259548825,0,0,0
al2203,20220218,20220218,133052000,13:30:53,22680,169478,157212,19260569425,9,9,1020600
al2203,20220218,20220218,133053000,13:30:54,22680,169478,157212,19260569425,0,0,0
al2203,20220218,20220218,133053500,13:30:54,22680,169478,157212,19260569425,0,0,0
al2203,20220218,20220218,133054000,13:30:55,22680,169478,157212,19260569425,0,0,0
al2203,20220218,20220218,133054500,13:30:55,22675,169480,157214,19260796175,2,2,226750
al2203,20220218,20220218,133055000,13:30:56,22675,169480,157214,19260796175,0,0,0
al2203,20220218,20220218,133055500,13:30:56,22680,169484,157217,19261249725,4,3,453550
al2203,20220218,20220218,133056000,13:30:57,22675,169491,157216,19262043350,7,-1,793625
al2203,20220218,20220218,133056500,13:30:57,22675,169492,157216,19262156725,1,0,113375
al2203,20220218,20220218,133057000,13:30:58,22675,169498,157216,19262836975,6,0,680250
al2203,20220218,20220218,133057500,13:30:58,22675,169506,157215,19263743975,8,-1,907000
al2203,20220218,20220218,133058000,13:30:58,22675,169510,157211,19264197475,4,-4,453500
al2203,20220218,20220218,133058500,13:30:59,22680,169513,157212,19264537625,3,1,340150
al2203,20220218,20220218,133059000,13:30:59,22675,169517,157212,19264991125,4,0,453500
al2203,20220218,20220218,133059500,13:31:00,22670,169518,157213,19265104475,1,1,113350
al2203,20220218,20220218,133100000,13:31:00,22675,169533,157220,19266805100,15,7,1700625
al2203,20220218,20220218,133100500,13:31:00,22680,169540,157221,19267598850,7,1,793750
al2203,20220218,20220218,133101000,13:31:01,22680,169540,157221,19267598850,0,0,0
al2203,20220218,20220218,133101500,13:31:01,22680,169541,157220,19267712250,1,-1,113400
al2203,20220218,20220218,133102000,13:31:02,22680,169550,157218,19268732825,9,-2,1020575
al2203,20220218,20220218,133102500,13:31:03,22675,169562,157226,19270093525,12,8,1360700
al2203,20220218,20220218,133103000,13:31:03,22675,169567,157229,19270660400,5,3,566875
al2203,20220218,20220218,133103500,13:31:05,22675,169567,157229,19270660400,0,0,0
al2203,20220218,20220218,133104000,13:31:06,22675,169567,157229,19270660400,0,0,0
al2203,20220218,20220218,133104500,13:31:07,22675,169567,157229,19270660400,0,0,0
al2203,20220218,20220218,133105500,13:31:07,22680,169574,157229,19271454200,7,0,793800
al2203,20220218,20220218,133107000,13:31:08,22680,169574,157229,19271454200,0,0,0
al2203,20220218,20220218,133107500,13:31:09,22680,169581,157236,19272248000,7,7,793800
al2203,20220218,20220218,133108500,13:31:09,22675,169583,157234,19272474750,2,-2,226750
al2203,20220218,20220218,133109000,13:31:09,22680,169587,157235,19272928350,4,1,453600
al2203,20220218,20220218,133109500,13:31:10,22680,169587,157235,19272928350,0,0,0
al2203,20220218,20220218,133110000,13:31:11,22675,169606,157230,19275082475,19,-5,2154125
al2203,20220218,20220218,133110500,13:31:11,22675,169606,157230,19275082475,0,0,0
al2203,20220218,20220218,133111000,13:31:11,22675,169606,157230,19275082475,0,0,0
al2203,20220218,20220218,133111500,13:31:12,22675,169610,157230,19275535975,4,0,453500
al2203,20220218,20220218,133112000,13:31:12,22675,169611,157229,19275649350,1,-1,113375
al2203,20220218,20220218,133112500,13:31:13,22675,169629,157226,19277690100,18,-3,2040750
al2203,20220218,20220218,133113000,13:31:13,22675,169632,157224,19278030225,3,-2,340125
al2203,20220218,20220218,133113500,13:31:14,22675,169633,157224,19278143600,1,0,113375
al2203,20220218,20220218,133114000,13:31:15,22675,169644,157223,19279390725,11,-1,1247125
al2203,20220218,20220218,133114500,13:31:15,22675,169644,157223,19279390725,0,0,0
al2203,20220218,20220218,133115000,13:31:15,22675,169644,157223,19279390725,0,0,0
al2203,20220218,20220218,133115500,13:31:16,22675,169644,157223,19279390725,0,0,0
al2203,20220218,20220218,133116000,13:31:16,22670,169648,157223,19279844150,4,0,453425
al2203,20220218,20220218,133116500,13:31:17,22670,169648,157223,19279844150,0,0,0
al2203,20220218,20220218,133117000,13:31:18,22670,169648,157223,19279844150,0,0,0
al2203,20220218,20220218,133117500,13:31:18,22675,169650,157223,19280070900,2,0,226750
al2203,20220218,20220218,133120000,13:31:20,22675,169650,157223,19280070900,0,0,0
al2203,20220218,20220218,133122000,13:31:23,22675,169650,157223,19280070900,0,0,0
al2203,20220218,20220218,133122500,13:31:25,22675,169650,157223,19280070900,0,0,0
al2203,20220218,20220218,133123000,13:31:25,22670,169657,157217,19280864500,7,-6,793600
al2203,20220218,20220218,133123500,13:31:25,22675,169661,157215,19281317925,4,-2,453425
al2203,20220218,20220218,133124000,13:31:25,22675,169675,157227,19282905175,14,12,1587250
al2203,20220218,20220218,133124500,13:31:25,22675,169675,157227,19282905175,0,0,0
al2203,20220218,20220218,133138000,13:31:38,22675,169675,157227,19282905175,0,0,0
al2203,20220218,20220218,133158000,13:31:58,22675,169675,157227,19282905175,0,0,0
al2203,20220218,20220218,133158500,13:31:58,22675,169686,157229,19284152300,11,2,1247125
al2203,20220218,20220218,133159000,13:31:59,22670,169688,157227,19284379000,2,-2,226700
al2203,20220218,20220218,133159500,13:32:00,22670,169688,157227,19284379000,0,0,0
al2203,20220218,20220218,133200000,13:32:01,22665,169875,157219,19305576025,187,-8,21197025
al2203,20220218,20220218,133200500,13:32:01,22660,169878,157216,19305915975,3,-3,339950
al2203,20220218,20220218,133201000,13:32:01,22670,169881,157216,19306255925,3,0,339950
al2203,20220218,20220218,133202500,13:32:04,22670,169881,157216,19306255925,0,0,0
al2203,20220218,20220218,133203000,13:32:05,22670,169881,157216,19306255925,0,0,0
al2203,20220218,20220218,133203500,13:32:05,22670,169881,157216,19306255925,0,0,0
al2203,20220218,20220218,133204000,13:32:05,22665,169884,157214,19306595925,3,-2,340000
al2203,20220218,20220218,133205000,13:32:06,22665,169885,157213,19306709250,1,-1,113325
al2203,20220218,20220218,133205500,13:32:06,22665,169886,157213,19306822575,1,0,113325
al2203,20220218,20220218,133206000,13:32:07,22665,169887,157212,19306935900,1,-1,113325
al2203,20220218,20220218,133206500,13:32:07,22665,169889,157212,19307162550,2,0,226650
al2203,20220218,20220218,133207000,13:32:07,22670,169891,157212,19307389250,2,0,226700
al2203,20220218,20220218,133207500,13:32:07,22670,169891,157212,19307389250,0,0,0
al2203,20220218,20220218,133208000,13:32:09,22665,169897,157211,19308069200,6,-1,679950
al2203,20220218,20220218,133208500,13:32:10,22665,169898,157212,19308182525,1,1,113325
al2203,20220218,20220218,133209000,13:32:10,22665,169898,157212,19308182525,0,0,0
al2203,20220218,20220218,133209500,13:32:10,22665,169898,157212,19308182525,0,0,0
al2203,20220218,20220218,133210000,13:32:11,22660,169926,157191,19311354925,28,-21,3172400
al2203,20220218,20220218,133210500,13:32:14,22660,169926,157191,19311354925,0,0,0
al2203,20220218,20220218,133211000,13:32:14,22660,169927,157191,19311468225,1,0,113300
al2203,20220218,20220218,133213000,13:32:15,22655,169963,157176,19315546175,36,-15,4077950
al2203,20220218,20220218,133214000,13:32:15,22650,169991,157174,19318717400,28,-2,3171225
al2203,20220218,20220218,133215000,13:32:16,22655,170012,157176,19321096100,21,2,2378700
al2203,20220218,20220218,133215500,13:32:16,22655,170038,157182,19324041350,26,6,2945250
al2203,20220218,20220218,133216000,13:32:17,22655,170077,157172,19328459075,39,-10,4417725
al2203,20220218,20220218,133216500,13:32:17,22655,170093,157183,19330271425,16,11,1812350
al2203,20220218,20220218,133217000,13:32:17,22655,170103,157181,19331404300,10,-2,1132875
al2203,20220218,20220218,133217500,13:32:18,22655,170125,157173,19333896350,22,-8,2492050
al2203,20220218,20220218,133218000,13:32:18,22655,170132,157177,19334689275,7,4,792925
al2203,20220218,20220218,133218500,13:32:19,22655,170138,157177,19335368925,6,0,679650
al2203,20220218,20220218,133219000,13:32:20,22660,170155,157170,19337294650,17,-7,1925725
al2203,20220218,20220218,133219500,13:32:20,22660,170187,157151,19340920125,32,-19,3625475
al2203,20220218,20220218,133220000,13:32:20,22660,170229,157147,19345678725,42,-4,4758600
al2203,20220218,20220218,133220500,13:32:21,22655,170265,157134,19349756675,36,-13,4077950
al2203,20220218,20220218,133221000,13:32:22,22655,170276,157129,19351002700,11,-5,1246025
al2203,20220218,20220218,133221500,13:32:22,22655,170284,157131,19351908900,8,2,906200
al2203,20220218,20220218,133222000,13:32:23,22650,170288,157134,19352361900,4,3,453000
al2203,20220218,20220218,133222500,13:32:24,22655,170295,157130,19353154825,7,-4,792925
al2203,20220218,20220218,133223000,13:32:24,22650,170311,157136,19354967150,16,6,1812325
al2203,20220218,20220218,133223500,13:32:24,22655,170312,157136,19355080425,1,0,113275
al2203,20220218,20220218,133224000,13:32:24,22655,170329,157136,19357006075,17,0,1925650
al2203,20220218,20220218,133224500,13:32:25,22650,170333,157136,19357459075,4,0,453000
al2203,20220218,20220218,133225000,13:32:25,22650,170333,157136,19357459075,0,0,0
al2203,20220218,20220218,133225500,13:32:26,22650,170337,157136,19357912075,4,0,453000
al2203,20220218,20220218,133226000,13:32:27,22650,170384,157136,19363234825,47,0,5322750
al2203,20220218,20220218,133226500,13:32:27,22650,170390,157140,19363914325,6,4,679500
al2203,20220218,20220218,133227000,13:32:27,22655,170413,157136,19366519275,23,-4,2604950
al2203,20220218,20220218,133227500,13:32:31,22655,170414,157136,19366632550,1,0,113275
al2203,20220218,20220218,133228000,13:32:32,22650,170416,157135,19366859075,2,-1,226525
al2203,20220218,20220218,133228500,13:32:32,22655,170444,157129,19370030750,28,-6,3171675
al2203,20220218,20220218,133229000,13:32:33,22655,170530,157064,19379772525,86,-65,9741775
al2203,20220218,20220218,133232000,13:32:34,22650,170559,157074,19383057475,29,10,3284950
al2203,20220218,20220218,133232500,13:32:35,22655,170560,157073,19383170750,1,-1,113275
al2203,20220218,20220218,133234500,13:32:35,22650,170566,157068,19383850250,6,-5,679500
al2203,20220218,20220218,133235000,13:32:36,22650,170566,157068,19383850250,0,0,0
al2203,20220218,20220218,133235500,13:32:36,22650,170570,157065,19384303275,4,-3,453025
al2203,20220218,20220218,133236000,13:32:37,22655,170575,157064,19384869650,5,-1,566375
al2203,20220218,20220218,133236500,13:32:37,22655,170575,157064,19384869650,0,0,0
al2203,20220218,20220218,133237000,13:32:37,22655,170575,157064,19384869650,0,0,0
al2203,20220218,20220218,133237500,13:32:38,22655,170575,157064,19384869650,0,0,0
al2203,20220218,20220218,133238000,13:32:38,22655,170577,157063,19385096200,2,-1,226550
al2203,20220218,20220218,133238500,13:32:39,22655,170578,157063,19385209475,1,0,113275
al2203,20220218,20220218,133239500,13:32:40,22650,170579,157063,19385322725,1,0,113250
al2203,20220218,20220218,133240000,13:32:40,22650,170579,157063,19385322725,0,0,0
al2203,20220218,20220218,133240500,13:32:41,22650,170579,157063,19385322725,0,0,0
al2203,20220218,20220218,133241000,13:32:41,22655,170581,157063,19385549250,2,0,226525
al2203,20220218,20220218,133241500,13:32:42,22655,170596,157064,19387248350,15,1,1699100
al2203,20220218,20220218,133242000,13:32:42,22655,170596,157064,19387248350,0,0,0
al2203,20220218,20220218,133242500,13:32:42,22650,170600,157064,19387701350,4,0,453000
al2203,20220218,20220218,133243000,13:32:43,22650,170601,157064,19387814600,1,0,113250
al2203,20220218,20220218,133244500,13:32:45,22650,170602,157064,19387927850,1,0,113250
al2203,20220218,20220218,133245000,13:32:45,22650,170608,157064,19388607350,6,0,679500
al2203,20220218,20220218,133245500,13:32:45,22650,170629,157085,19390985600,21,21,2378250
al2203,20220218,20220218,133246000,13:32:47,22650,170943,157338,19426546100,314,253,35560500
al2203,20220218,20220218,133246500,13:32:47,22650,171002,157359,19433226525,59,21,6680425
al2203,20220218,20220218,133247000,13:32:47,22640,171038,157385,19437302600,36,26,4076075
al2203,20220218,20220218,133247500,13:32:48,22640,171087,157385,19442850025,49,0,5547425
al2203,20220218,20220218,133248000,13:32:49,22645,171096,157380,19443869175,9,-5,1019150
al2203,20220218,20220218,133248500,13:32:49,22645,171193,157352,19454853975,97,-28,10984800
al2203,20220218,20220218,133249000,13:32:49,22650,171221,157351,19458024325,28,-1,3170350
al2203,20220218,20220218,133249500,13:32:50,22650,171226,157353,19458590550,5,2,566225
al2203,20220218,20220218,133250000,13:32:50,22645,171227,157352,19458703775,1,-1,113225
al2203,20220218,20220218,133250500,13:32:52,22645,171228,157351,19458817000,1,-1,113225
al2203,20220218,20220218,133251000,13:32:52,22645,171228,157351,19458817000,0,0,0
al2203,20220218,20220218,133251500,13:32:53,22645,171228,157351,19458817000,0,0,0
al2203,20220218,20220218,133252500,13:32:53,22645,171231,157351,19459156675,3,0,339675
al2203,20220218,20220218,133253000,13:32:53,22645,171232,157350,19459269900,1,-1,113225
al2203,20220218,20220218,133253500,13:32:54,22645,171234,157348,19459496350,2,-2,226450
al2203,20220218,20220218,133254000,13:32:54,22645,171234,157348,19459496350,0,0,0
al2203,20220218,20220218,133254500,13:32:55,22650,171240,157349,19460175850,6,1,679500
al2203,20220218,20220218,133255000,13:32:55,22645,171288,157316,19465611825,48,-33,5435975
al2203,20220218,20220218,133255500,13:32:55,22645,171288,157316,19465611825,0,0,0
al2203,20220218,20220218,133256000,13:32:56,22645,171288,157316,19465611825,0,0,0
al2203,20220218,20220218,133256500,13:32:56,22645,171289,157315,19465725050,1,-1,113225
al2203,20220218,20220218,133257000,13:32:59,22645,171290,157314,19465838275,1,-1,113225
al2203,20220218,20220218,133257500,13:33:00,22650,171329,157309,19470255225,39,-5,4416950
al2203,20220218,20220218,133258000,13:33:00,22655,171334,157307,19470821525,5,-2,566300
al2203,20220218,20220218,133258500,13:33:00,22650,171345,157311,19472067275,11,4,1245750
al2203,20220218,20220218,133259500,13:33:01,22650,171358,157310,19473539350,13,-1,1472075
al2203,20220218,20220218,133300000,13:33:01,22650,171358,157310,19473539350,0,0,0
al2203,20220218,20220218,133300500,13:33:01,22650,171358,157310,19473539350,0,0,0
al2203,20220218,20220218,133301000,13:33:02,22650,171362,157311,19473992350,4,1,453000
al2203,20220218,20220218,133301500,13:33:02,22650,171362,157311,19473992350,0,0,0
al2203,20220218,20220218,133302000,13:33:03,22650,171364,157312,19474218875,2,1,226525
al2203,20220218,20220218,133302500,13:33:03,22650,171365,157313,19474332125,1,1,113250
al2203,20220218,20220218,133303000,13:33:04,22650,171366,157313,19474445375,1,0,113250
al2203,20220218,20220218,133303500,13:33:04,22655,171367,157313,19474558650,1,0,113275
al2203,20220218,20220218,133304000,13:33:04,22655,171367,157313,19474558650,0,0,0
al2203,20220218,20220218,133304500,13:33:05,22650,171379,157304,19475917650,12,-9,1359000
al2203,20220218,20220218,133305000,13:33:05,22650,171387,157297,19476823650,8,-7,906000
al2203,20220218,20220218,133305500,13:33:06,22650,171388,157297,19476936900,1,0,113250
al2203,20220218,20220218,133306000,13:33:06,22650,171391,157295,19477276650,3,-2,339750
al2203,20220218,20220218,133306500,13:33:06,22655,171396,157296,19477843025,5,1,566375
al2203,20220218,20220218,133307000,13:33:07,22650,171397,157295,19477956275,1,-1,113250
al2203,20220218,20220218,133307500,13:33:08,22650,171397,157295,19477956275,0,0,0
al2203,20220218,20220218,133308000,13:33:08,22650,171400,157294,19478296025,3,-1,339750
al2203,20220218,20220218,133308500,13:33:09,22650,171400,157294,19478296025,0,0,0
al2203,20220218,20220218,133309000,13:33:09,22650,171400,157294,19478296025,0,0,0
al2203,20220218,20220218,133309500,13:33:10,22655,171470,157279,19486225275,70,-15,7929250
al2203,20220218,20220218,133310000,13:33:11,22660,171488,157273,19488264425,18,-6,2039150
al2203,20220218,20220218,133310500,13:33:12,22660,171488,157273,19488264425,0,0,0
al2203,20220218,20220218,133311000,13:33:13,22660,171488,157273,19488264425,0,0,0
al2203,20220218,20220218,133311500,13:33:14,22660,171495,157273,19489057525,7,0,793100
al2203,20220218,20220218,133312000,13:33:14,22660,171495,157273,19489057525,0,0,0
al2203,20220218,20220218,133313500,13:33:15,22655,171496,157273,19489170800,1,0,113275
al2203,20220218,20220218,133314000,13:33:17,22655,171501,157272,19489737175,5,-1,566375
al2203,20220218,20220218,133314500,13:33:17,22660,171512,157270,19490983400,11,-2,1246225
al2203,20220218,20220218,133317000,13:33:18,22655,171517,157268,19491549775,5,-2,566375
al2203,20220218,20220218,133318000,13:33:19,22655,171519,157268,19491776325,2,0,226550
al2203,20220218,20220218,133318500,13:33:19,22655,171519,157268,19491776325,0,0,0
al2203,20220218,20220218,133319000,13:33:20,22660,171528,157268,19492796025,9,0,1019700
al2203,20220218,20220218,133319500,13:33:20,22660,171528,157268,19492796025,0,0,0
al2203,20220218,20220218,133320000,13:33:21,22660,171531,157271,19493135925,3,3,339900
al2203,20220218,20220218,133320500,13:33:21,22660,171531,157271,19493135925,0,0,0
al2203,20220218,20220218,133321000,13:33:22,22660,171540,157271,19494155625,9,0,1019700
al2203,20220218,20220218,133321500,13:33:22,22660,171540,157271,19494155625,0,0,0
al2203,20220218,20220218,133322000,13:33:22,22660,171540,157271,19494155625,0,0,0
al2203,20220218,20220218,133322500,13:33:22,22660,171540,157271,19494155625,0,0,0
al2203,20220218,20220218,133323500,13:33:24,22660,171542,157273,19494382225,2,2,226600
al2203,20220218,20220218,133325000,13:33:26,22660,171542,157273,19494382225,0,0,0
al2203,20220218,20220218,133325500,13:33:27,22660,171542,157273,19494382225,0,0,0
al2203,20220218,20220218,133326000,13:33:28,22655,171557,157276,19496081350,15,3,1699125
al2203,20220218,20220218,133326500,13:33:29,22650,171558,157276,19496194600,1,0,113250
al2203,20220218,20220218,133327000,13:33:29,22655,171566,157271,19497100800,8,-5,906200
al2203,20220218,20220218,133328500,13:33:30,22655,171575,157271,19498120275,9,0,1019475
al2203,20220218,20220218,133329000,13:33:30,22655,171578,157272,19498460100,3,1,339825
al2203,20220218,20220218,133329500,13:33:30,22655,171579,157272,19498573375,1,0,113275
al2203,20220218,20220218,133330000,13:33:30,22655,171582,157270,19498913200,3,-2,339825
al2203,20220218,20220218,133330500,13:33:31,22655,171582,157270,19498913200,0,0,0
al2203,20220218,20220218,133331000,13:33:32,22655,171583,157270,19499026475,1,0,113275
al2203,20220218,20220218,133331500,13:33:32,22655,171585,157270,19499253025,2,0,226550
al2203,20220218,20220218,133332000,13:33:32,22655,171585,157270,19499253025,0,0,0
al2203,20220218,20220218,133333000,13:33:33,22655,171586,157270,19499366300,1,0,113275
al2203,20220218,20220218,133333500,13:33:33,22655,171586,157270,19499366300,0,0,0
al2203,20220218,20220218,133334000,13:33:34,22655,171586,157270,19499366300,0,0,0
al2203,20220218,20220218,133334500,13:33:34,22660,171587,157271,19499479600,1,1,113300
al2203,20220218,20220218,133335000,13:33:35,22660,171587,157271,19499479600,0,0,0
al2203,20220218,20220218,133335500,13:33:35,22655,171588,157272,19499592875,1,1,113275
al2203,20220218,20220218,133336500,13:33:36,22655,171591,157272,19499932700,3,0,339825
al2203,20220218,20220218,133337000,13:33:37,22655,171591,157272,19499932700,0,0,0
al2203,20220218,20220218,133337500,13:33:37,22655,171591,157272,19499932700,0,0,0
al2203,20220218,20220218,133338000,13:33:38,22660,171595,157276,19500385900,4,4,453200
al2203,20220218,20220218,133338500,13:33:39,22660,171595,157276,19500385900,0,0,0
al2203,20220218,20220218,133339000,13:33:39,22660,171647,157282,19506277500,52,6,5891600
al2203,20220218,20220218,133339500,13:33:40,22665,171652,157282,19506844125,5,0,566625
al2203,20220218,20220218,133340000,13:33:40,22665,171652,157282,19506844125,0,0,0
al2203,20220218,20220218,133340500,13:33:41,22665,171653,157283,19506957450,1,1,113325
al2203,20220218,20220218,133341500,13:33:42,22665,171653,157283,19506957450,0,0,0
al2203,20220218,20220218,133342000,13:33:42,22665,171654,157283,19507070775,1,0,113325
al2203,20220218,20220218,133343000,13:33:43,22665,171654,157283,19507070775,0,0,0
al2203,20220218,20220218,133343500,13:33:44,22660,171655,157284,19507184075,1,1,113300
al2203,20220218,20220218,133344000,13:33:45,22660,171656,157284,19507297375,1,0,113300
al2203,20220218,20220218,133344500,13:33:45,22660,171657,157284,19507410675,1,0,113300
al2203,20220218,20220218,133345000,13:33:45,22660,171657,157284,19507410675,0,0,0
al2203,20220218,20220218,133345500,13:33:47,22660,171659,157282,19507637275,2,-2,226600
al2203,20220218,20220218,133346000,13:33:47,22660,171659,157282,19507637275,0,0,0
al2203,20220218,20220218,133346500,13:33:48,22660,171659,157282,19507637275,0,0,0
al2203,20220218,20220218,133347000,13:33:48,22660,171668,157279,19508656975,9,-3,1019700
al2203,20220218,20220218,133347500,13:33:49,22660,171669,157278,19508770275,1,-1,113300
al2203,20220218,20220218,133348000,13:33:49,22660,171669,157278,19508770275,0,0,0
al2203,20220218,20220218,133348500,13:33:50,22660,171669,157278,19508770275,0,0,0
al2203,20220218,20220218,133349000,13:33:50,22660,171669,157278,19508770275,0,0,0
al2203,20220218,20220218,133349500,13:33:50,22660,171669,157278,19508770275,0,0,0
al2203,20220218,20220218,133351000,13:33:51,22660,171679,157268,19509903275,10,-10,1133000
al2203,20220218,20220218,133352000,13:33:52,22660,171681,157266,19510129875,2,-2,226600
al2203,20220218,20220218,133352500,13:33:52,22660,171681,157266,19510129875,0,0,0
al2203,20220218,20220218,133353000,13:33:53,22660,171683,157266,19510356475,2,0,226600
al2203,20220218,20220218,133353500,13:33:53,22660,171693,157256,19511489475,10,-10,1133000
al2203,20220218,20220218,133354000,13:33:54,22660,171760,157234,19519079775,67,-22,7590300
al2203,20220218,20220218,133354500,13:33:55,22655,171772,157244,19520439075,12,10,1359300
al2203,20220218,20220218,133355000,13:33:56,22655,171775,157243,19520778900,3,-1,339825
al2203,20220218,20220218,133355500,13:33:56,22655,171777,157243,19521005450,2,0,226550
al2203,20220218,20220218,133356000,13:33:57,22655,171777,157243,19521005450,0,0,0
al2203,20220218,20220218,133356500,13:33:57,22655,171788,157237,19522251475,11,-6,1246025
al2203,20220218,20220218,133357000,13:33:57,22655,171788,157237,19522251475,0,0,0
al2203,20220218,20220218,133357500,13:33:58,22655,171788,157237,19522251475,0,0,0
al2203,20220218,20220218,133358000,13:33:58,22655,171790,157237,19522478025,2,0,226550
al2203,20220218,20220218,133358500,13:33:59,22655,171801,157231,19523724050,11,-6,1246025
al2203,20220218,20220218,133359000,13:33:59,22655,171808,157232,19524516975,7,1,792925
al2203,20220218,20220218,133359500,13:34:00,22655,171821,157233,19525989550,13,1,1472575
al2203,20220218,20220218,133400000,13:34:00,22655,171821,157233,19525989550,0,0,0
al2203,20220218,20220218,133400500,13:34:01,22655,171825,157233,19526442650,4,0,453100
al2203,20220218,20220218,133401000,13:34:02,22655,171825,157233,19526442650,0,0,0
al2203,20220218,20220218,133401500,13:34:02,22650,171839,157234,19528028400,14,1,1585750
al2203,20220218,20220218,133402000,13:34:10,22655,171848,157232,19529047875,9,-2,1019475
al2203,20220218,20220218,133402500,13:34:10,22650,171849,157232,19529161125,1,0,113250
al2203,20220218,20220218,133403000,13:34:10,22655,171854,157236,19529727500,5,4,566375
al2203,20220218,20220218,133410000,13:34:12,22655,171854,157236,19529727500,0,0,0
al2203,20220218,20220218,133410500,13:34:12,22655,171900,157210,19534938050,46,-26,5210550
al2203,20220218,20220218,133411000,13:34:12,22655,171900,157210,19534938050,0,0,0
al2203,20220218,20220218,133412000,13:34:12,22655,171900,157210,19534938050,0,0,0
al2203,20220218,20220218,133413500,13:34:14,22655,171908,157208,19535844250,8,-2,906200
al2203,20220218,20220218,133414000,13:34:14,22655,171908,157208,19535844250,0,0,0
al2203,20220218,20220218,133414500,13:34:15,22655,171916,157202,19536750450,8,-6,906200
al2203,20220218,20220218,133415000,13:34:15,22660,171924,157195,19537656775,8,-7,906325
al2203,20220218,20220218,133415500,13:34:16,22655,171936,157202,19539016075,12,7,1359300
al2203,20220218,20220218,133416000,13:34:16,22655,171942,157202,19539695725,6,0,679650
al2203,20220218,20220218,133416500,13:34:17,22655,171943,157201,19539809000,1,-1,113275
al2203,20220218,20220218,133417000,13:34:17,22655,171943,157201,19539809000,0,0,0
al2203,20220218,20220218,133417500,13:34:17,22655,171945,157202,19540035550,2,1,226550
al2203,20220218,20220218,133418000,13:34:18,22655,171945,157202,19540035550,0,0,0
al2203,20220218,20220218,133418500,13:34:19,22660,171947,157200,19540262150,2,-2,226600
al2203,20220218,20220218,133419000,13:34:19,22660,171947,157200,19540262150,0,0,0
al2203,20220218,20220218,133419500,13:34:20,22660,171965,157190,19542301550,18,-10,2039400
al2203,20220218,20220218,133420000,13:34:20,22660,172035,157208,19550232550,70,18,7931000
al2203,20220218,20220218,133420500,13:34:23,22660,172035,157208,19550232550,0,0,0
al2203,20220218,20220218,133421000,13:34:23,22660,172035,157208,19550232550,0,0,0
al2203,20220218,20220218,133421500,13:34:23,22660,172036,157208,19550345850,1,0,113300
al2203,20220218,20220218,133423000,13:34:24,22660,172051,157202,19552045350,15,-6,1699500
al2203,20220218,20220218,133423500,13:34:24,22660,172061,157198,19553178350,10,-4,1133000
al2203,20220218,20220218,133424000,13:34:24,22660,172064,157198,19553518250,3,0,339900
al2203,20220218,20220218,133424500,13:34:24,22660,172064,157198,19553518250,0,0,0
al2203,20220218,20220218,133425000,13:34:25,22655,172065,157198,19553631525,1,0,113275
al2203,20220218,20220218,133425500,13:34:25,22655,172065,157198,19553631525,0,0,0
al2203,20220218,20220218,133426000,13:34:26,22660,172078,157186,19555104425,13,-12,1472900
al2203,20220218,20220218,133426500,13:34:26,22660,172078,157186,19555104425,0,0,0
al2203,20220218,20220218,133427000,13:34:27,22660,172078,157186,19555104425,0,0,0
al2203,20220218,20220218,133427500,13:34:28,22660,172079,157185,19555217725,1,-1,113300
al2203,20220218,20220218,133428000,13:34:28,22660,172079,157185,19555217725,0,0,0
al2203,20220218,20220218,133428500,13:34:29,22660,172079,157185,19555217725,0,0,0
al2203,20220218,20220218,133430000,13:34:30,22660,172080,157185,19555331025,1,0,113300
al2203,20220218,20220218,133430500,13:34:30,22660,172082,157183,19555557625,2,-2,226600
al2203,20220218,20220218,133431000,13:34:31,22660,172082,157183,19555557625,0,0,0
al2203,20220218,20220218,133431500,13:34:31,22660,172088,157183,19556237425,6,0,679800
al2203,20220218,20220218,133432500,13:34:32,22660,172088,157183,19556237425,0,0,0
al2203,20220218,20220218,133433000,13:34:34,22665,172099,157176,19557483750,11,-7,1246325
al2203,20220218,20220218,133433500,13:34:34,22660,172100,157177,19557597050,1,1,113300
al2203,20220218,20220218,133434000,13:34:34,22660,172104,157175,19558050250,4,-2,453200
al2203,20220218,20220218,133434500,13:34:35,22660,172108,157174,19558503450,4,-1,453200
al2203,20220218,20220218,133435000,13:34:35,22660,172110,157172,19558730050,2,-2,226600
al2203,20220218,20220218,133435500,13:34:36,22660,172110,157172,19558730050,0,0,0
al2203,20220218,20220218,133436000,13:34:36,22660,172110,157172,19558730050,0,0,0
al2203,20220218,20220218,133436500,13:34:36,22660,172110,157172,19558730050,0,0,0
al2203,20220218,20220218,133437000,13:34:37,22660,172110,157172,19558730050,0,0,0
al2203,20220218,20220218,133437500,13:34:38,22660,172110,157172,19558730050,0,0,0
al2203,20220218,20220218,133439500,13:34:39,22660,172110,157172,19558730050,0,0,0
al2203,20220218,20220218,133440000,13:34:40,22660,172111,157171,19558843350,1,-1,113300
al2203,20220218,20220218,133440500,13:34:41,22660,172111,157171,19558843350,0,0,0
al2203,20220218,20220218,133441000,13:34:41,22660,172115,157167,19559296550,4,-4,453200
al2203,20220218,20220218,133441500,13:34:43,22660,172119,157168,19559749750,4,1,453200
al2203,20220218,20220218,133442000,13:34:44,22660,172119,157168,19559749750,0,0,0
al2203,20220218,20220218,133442500,13:34:44,22655,172128,157166,19560769375,9,-2,1019625
al2203,20220218,20220218,133443500,13:34:45,22655,172128,157166,19560769375,0,0,0
al2203,20220218,20220218,133444000,13:34:45,22660,172129,157166,19560882675,1,0,113300
al2203,20220218,20220218,133444500,13:34:46,22660,172129,157166,19560882675,0,0,0
al2203,20220218,20220218,133445000,13:34:46,22655,172131,157165,19561109225,2,-1,226550
al2203,20220218,20220218,133445500,13:34:46,22655,172136,157161,19561675650,5,-4,566425
al2203,20220218,20220218,133446000,13:34:46,22660,172137,157160,19561788950,1,-1,113300
al2203,20220218,20220218,133446500,13:34:47,22660,172137,157160,19561788950,0,0,0
al2203,20220218,20220218,133447000,13:34:47,22655,172140,157157,19562128775,3,-3,339825
al2203,20220218,20220218,133447500,13:34:48,22655,172140,157157,19562128775,0,0,0
al2203,20220218,20220218,133448000,13:34:48,22655,172140,157157,19562128775,0,0,0
al2203,20220218,20220218,133448500,13:34:49,22660,172141,157158,19562242075,1,1,113300
al2203,20220218,20220218,133449000,13:34:49,22660,172143,157158,19562468675,2,0,226600
al2203,20220218,20220218,133449500,13:34:49,22660,172143,157158,19562468675,0,0,0
al2203,20220218,20220218,133450000,13:34:51,22660,172143,157158,19562468675,0,0,0
al2203,20220218,20220218,133450500,13:34:51,22660,172143,157158,19562468675,0,0,0
al2203,20220218,20220218,133451000,13:34:51,22660,172143,157158,19562468675,0,0,0
al2203,20220218,20220218,133451500,13:34:52,22660,172143,157158,19562468675,0,0,0
al2203,20220218,20220218,133452000,13:34:52,22655,172148,157153,19563035050,5,-5,566375
al2203,20220218,20220218,133452500,13:34:53,22655,172165,157142,19564960725,17,-11,1925675
al2203,20220218,20220218,133453000,13:34:53,22660,172207,157128,19569719175,42,-14,4758450
al2203,20220218,20220218,133453500,13:34:55,22660,172218,157124,19570965475,11,-4,1246300
al2203,20220218,20220218,133454000,13:34:56,22655,172243,157110,19573797350,25,-14,2831875
al2203,20220218,20220218,133454500,13:34:56,22655,172252,157111,19574816825,9,1,1019475
al2203,20220218,20220218,133455500,13:34:56,22655,172269,157114,19576742525,17,3,1925700
al2203,20220218,20220218,133456000,13:34:57,22655,172269,157114,19576742525,0,0,0
al2203,20220218,20220218,133456500,13:34:57,22655,172270,157114,19576855800,1,0,113275
al2203,20220218,20220218,133457000,13:34:57,22655,172270,157114,19576855800,0,0,0
al2203,20220218,20220218,133457500,13:34:58,22655,172270,157114,19576855800,0,0,0
al2203,20220218,20220218,133458000,13:34:58,22655,172270,157114,19576855800,0,0,0
al2203,20220218,20220218,133458500,13:34:59,22655,172270,157114,19576855800,0,0,0
al2203,20220218,20220218,133459000,13:34:59,22655,172270,157114,19576855800,0,0,0
al2203,20220218,20220218,133459500,13:35:00,22655,172270,157114,19576855800,0,0,0
al2203,20220218,20220218,133500000,13:35:00,22655,172270,157114,19576855800,0,0,0
al2203,20220218,20220218,133500500,13:35:00,22655,172277,157112,19577648725,7,-2,792925
al2203,20220218,20220218,133501000,13:35:04,22650,172283,157111,19578328250,6,-1,679525
al2203,20220218,20220218,133501500,13:35:05,22650,172283,157111,19578328250,0,0,0
al2203,20220218,20220218,133502000,13:35:10,22655,172285,157113,19578554800,2,2,226550
al2203,20220218,20220218,133504500,13:35:10,22655,172326,157105,19583199025,41,-8,4644225
al2203,20220218,20220218,133510000,13:35:10,22655,172339,157101,19584671600,13,-4,1472575
al2203,20220218,20220218,133511500,13:35:12,22650,172355,157097,19586483725,16,-4,1812125
al2203,20220218,20220218,133512000,13:35:13,22655,172356,157098,19586597000,1,1,113275
al2203,20220218,20220218,133512500,13:35:13,22655,172376,157095,19588862500,20,-3,2265500
al2203,20220218,20220218,133513000,13:35:13,22655,172378,157094,19589089050,2,-1,226550
al2203,20220218,20220218,133513500,13:35:14,22655,172381,157091,19589428875,3,-3,339825
al2203,20220218,20220218,133514000,13:35:14,22655,172384,157090,19589768700,3,-1,339825
al2203,20220218,20220218,133514500,13:35:15,22655,172385,157090,19589881975,1,0,113275
al2203,20220218,20220218,133515000,13:35:15,22655,172385,157090,19589881975,0,0,0
al2203,20220218,20220218,133515500,13:35:16,22655,172385,157090,19589881975,0,0,0
al2203,20220218,20220218,133516000,13:35:16,22655,172385,157090,19589881975,0,0,0
al2203,20220218,20220218,133516500,13:35:17,22660,172387,157091,19590108550,2,1,226575
al2203,20220218,20220218,133517000,13:35:17,22660,172429,157099,19594867150,42,8,4758600
al2203,20220218,20220218,133517500,13:35:18,22660,172432,157096,19595207050,3,-3,339900
al2203,20220218,20220218,133518000,13:35:19,22660,172432,157096,19595207050,0,0,0
al2203,20220218,20220218,133518500,13:35:19,22665,172433,157097,19595320375,1,1,113325
al2203,20220218,20220218,133519000,13:35:19,22660,172434,157097,19595433675,1,0,113300
al2203,20220218,20220218,133519500,13:35:20,22665,172437,157097,19595773650,3,0,339975
al2203,20220218,20220218,133520000,13:35:20,22665,172439,157095,19596000300,2,-2,226650
al2203,20220218,20220218,133520500,13:35:21,22665,172440,157095,19596113625,1,0,113325
al2203,20220218,20220218,133521000,13:35:21,22665,172440,157095,19596113625,0,0,0
al2203,20220218,20220218,133521500,13:35:22,22660,172441,157096,19596226925,1,1,113300
al2203,20220218,20220218,133522000,13:35:22,22665,172444,157096,19596566900,3,0,339975
al2203,20220218,20220218,133522500,13:35:23,22665,172512,157075,19604273000,68,-21,7706100
al2203,20220218,20220218,133523000,13:35:23,22665,172512,157075,19604273000,0,0,0
al2203,20220218,20220218,133523500,13:35:23,22665,172512,157075,19604273000,0,0,0
al2203,20220218,20220218,133524000,13:35:25,22665,172512,157075,19604273000,0,0,0
al2203,20220218,20220218,133524500,13:35:25,22670,172514,157074,19604499700,2,-1,226700
al2203,20220218,20220218,133525000,13:35:25,22670,172548,157102,19608353600,34,28,3853900
al2203,20220218,20220218,133525500,13:35:26,22670,172622,157161,19616741500,74,59,8387900
al2203,20220218,20220218,133526000,13:35:26,22670,172625,157160,19617081550,3,-1,340050
al2203,20220218,20220218,133526500,13:35:27,22670,172627,157160,19617308250,2,0,226700
al2203,20220218,20220218,133527000,13:35:27,22670,172663,157164,19621388850,36,4,4080600
al2203,20220218,20220218,133527500,13:35:31,22670,172671,157161,19622295650,8,-3,906800
al2203,20220218,20220218,133528000,13:35:32,22670,172674,157163,19622635700,3,2,340050
al2203,20220218,20220218,133531000,13:35:33,22670,172674,157163,19622635700,0,0,0
al2203,20220218,20220218,133531500,13:35:41,22675,172678,157162,19623089175,4,-1,453475
al2203,20220218,20220218,133532000,13:35:42,22675,172679,157162,19623202550,1,0,113375
al2203,20220218,20220218,133540500,13:35:43,22675,172679,157162,19623202550,0,0,0
al2203,20220218,20220218,133542000,13:35:43,22675,172679,157162,19623202550,0,0,0
al2203,20220218,20220218,133543500,13:35:44,22675,172679,157162,19623202550,0,0,0
al2203,20220218,20220218,133544000,13:35:44,22665,172733,157139,19629323050,54,-23,6120500
al2203,20220218,20220218,133544500,13:35:45,22670,172738,157137,19629889725,5,-2,566675
al2203,20220218,20220218,133545000,13:35:46,22665,172743,157132,19630456350,5,-5,566625
al2203,20220218,20220218,133545500,13:35:46,22665,172743,157132,19630456350,0,0,0
al2203,20220218,20220218,133546000,13:35:46,22665,172743,157132,19630456350,0,0,0
al2203,20220218,20220218,133546500,13:35:46,22665,172743,157132,19630456350,0,0,0
al2203,20220218,20220218,133547000,13:35:47,22665,172743,157132,19630456350,0,0,0
al2203,20220218,20220218,133548000,13:35:48,22665,172743,157132,19630456350,0,0,0
al2203,20220218,20220218,133549000,13:35:49,22665,172743,157132,19630456350,0,0,0
al2203,20220218,20220218,133549500,13:35:49,22665,172743,157132,19630456350,0,0,0
al2203,20220218,20220218,133550000,13:35:50,22665,172744,157132,19630569675,1,0,113325
al2203,20220218,20220218,133550500,13:35:50,22665,172744,157132,19630569675,0,0,0
al2203,20220218,20220218,133551000,13:35:51,22670,172779,157148,19634536925,35,16,3967250
al2203,20220218,20220218,133551500,13:35:51,22670,172779,157148,19634536925,0,0,0
al2203,20220218,20220218,133552000,13:35:52,22670,172780,157148,19634650275,1,0,113350
al2203,20220218,20220218,133552500,13:35:53,22670,172780,157148,19634650275,0,0,0
al2203,20220218,20220218,133553500,13:35:55,22675,172781,157148,19634763650,1,0,113375
al2203,20220218,20220218,133554000,13:35:55,22675,172781,157148,19634763650,0,0,0
al2203,20220218,20220218,133554500,13:35:56,22670,172783,157148,19634990350,2,0,226700
al2203,20220218,20220218,133555000,13:35:56,22665,172820,157141,19639184275,37,-7,4193925
al2203,20220218,20220218,133555500,13:35:56,22665,172827,157134,19639977650,7,-7,793375
al2203,20220218,20220218,133556000,13:35:56,22665,172827,157134,19639977650,0,0,0
al2203,20220218,20220218,133556500,13:35:57,22665,172827,157134,19639977650,0,0,0
al2203,20220218,20220218,133557500,13:36:01,22665,172827,157134,19639977650,0,0,0
al2203,20220218,20220218,133558000,13:36:01,22670,172851,157125,19642698050,24,-9,2720400
al2203,20220218,20220218,133559500,13:36:03,22665,172865,157118,19644284875,14,-7,1586825
al2203,20220218,20220218,133601500,13:36:03,22660,172885,157101,19646551300,20,-17,2266425
al2203,20220218,20220218,133602500,13:36:03,22660,172896,157093,19647797650,11,-8,1246350
al2203,20220218,20220218,133603000,13:36:05,22660,172902,157087,19648477450,6,-6,679800
al2203,20220218,20220218,133603500,13:36:05,22655,172906,157085,19648930600,4,-2,453150
al2203,20220218,20220218,133605000,13:36:06,22660,172914,157089,19649836950,8,4,906350
al2203,20220218,20220218,133606500,13:36:07,22655,172916,157089,19650063525,2,0,226575
al2203,20220218,20220218,133607000,13:36:08,22660,172919,157088,19650403375,3,-1,339850
al2203,20220218,20220218,133607500,13:36:08,22655,172929,157080,19651536150,10,-8,1132775
al2203,20220218,20220218,133608000,13:36:08,22655,172953,157082,19654254750,24,2,2718600
al2203,20220218,20220218,133608500,13:36:09,22655,172957,157080,19654707825,4,-2,453075
al2203,20220218,20220218,133609000,13:36:09,22655,172962,157078,19655274200,5,-2,566375
al2203,20220218,20220218,133609500,13:36:10,22655,172969,157073,19656067125,7,-5,792925
al2203,20220218,20220218,133610000,13:36:11,22655,172971,157071,19656293675,2,-2,226550
al2203,20220218,20220218,133610500,13:36:11,22655,172977,157065,19656973325,6,-6,679650
al2203,20220218,20220218,133611000,13:36:12,22655,172980,157064,19657313150,3,-1,339825
al2203,20220218,20220218,133611500,13:36:12,22655,172981,157064,19657426425,1,0,113275
al2203,20220218,20220218,133612000,13:36:12,22655,172984,157064,19657766250,3,0,339825
al2203,20220218,20220218,133612500,13:36:12,22655,172986,157064,19657992800,2,0,226550
al2203,20220218,20220218,133613000,13:36:13,22655,172988,157064,19658219350,2,0,226550
al2203,20220218,20220218,133613500,13:36:14,22655,172989,157064,19658332625,1,0,113275
al2203,20220218,20220218,133614000,13:36:14,22655,172991,157063,19658559175,2,-1,226550
al2203,20220218,20220218,133614500,13:36:14,22655,172993,157063,19658785725,2,0,226550
al2203,20220218,20220218,133615000,13:36:15,22655,172997,157062,19659238775,4,-1,453050
al2203,20220218,20220218,133615500,13:36:15,22655,173000,157062,19659578600,3,0,339825
al2203,20220218,20220218,133616000,13:36:16,22650,173003,157062,19659918400,3,0,339800
al2203,20220218,20220218,133616500,13:36:17,22650,173009,157057,19660597900,6,-5,679500
al2203,20220218,20220218,133617000,13:36:19,22655,173012,157057,19660937725,3,0,339825
al2203,20220218,20220218,133617500,13:36:19,22650,173019,157057,19661730525,7,0,792800
al2203,20220218,20220218,133618000,13:36:19,22655,173022,157056,19662070350,3,-1,339825
al2203,20220218,20220218,133618500,13:36:19,22655,173031,157051,19663089650,9,-5,1019300
al2203,20220218,20220218,133619000,13:36:19,22655,173035,157047,19663542700,4,-4,453050
al2203,20220218,20220218,133619500,13:36:20,22655,173038,157044,19663882475,3,-3,339775
al2203,20220218,20220218,133620000,13:36:20,22655,173040,157042,19664109025,2,-2,226550
al2203,20220218,20220218,133620500,13:36:20,22655,173043,157041,19664448850,3,-1,339825
al2203,20220218,20220218,133621000,13:36:21,22655,173051,157038,19665355025,8,-3,906175
al2203,20220218,20220218,133621500,13:36:21,22650,173073,157025,19667846925,22,-13,2491900
al2203,20220218,20220218,133622000,13:36:22,22655,173082,157020,19668866400,9,-5,1019475
al2203,20220218,20220218,133622500,13:36:22,22655,173088,157019,19669546050,6,-1,679650
al2203,20220218,20220218,133623000,13:36:23,22660,173093,157016,19670112475,5,-3,566425
al2203,20220218,20220218,133623500,13:36:23,22655,173096,157014,19670452350,3,-2,339875
al2203,20220218,20220218,133624000,13:36:24,22655,173099,157011,19670792200,3,-3,339850
al2203,20220218,20220218,133624500,13:36:24,22655,173114,157011,19672491275,15,0,1699075
al2203,20220218,20220218,133625000,13:36:25,22655,173122,157003,19673397450,8,-8,906175
al2203,20220218,20220218,133625500,13:36:26,22655,173123,157002,19673510725,1,-1,113275
al2203,20220218,20220218,133626000,13:36:26,22655,173126,156999,19673850525,3,-3,339800
al2203,20220218,20220218,133626500,13:36:27,22655,173127,156998,19673963800,1,-1,113275
al2203,20220218,20220218,133627000,13:36:28,22655,173131,156997,19674416875,4,-1,453075
al2203,20220218,20220218,133627500,13:36:28,22655,173133,156997,19674643425,2,0,226550
al2203,20220218,20220218,133628000,13:36:28,22655,173134,156997,19674756700,1,0,113275
al2203,20220218,20220218,133628500,13:36:29,22655,173136,156997,19674983250,2,0,226550
al2203,20220218,20220218,133629000,13:36:30,22655,173139,156998,19675323075,3,1,339825
al2203,20220218,20220218,133629500,13:36:30,22655,173142,156997,19675662900,3,-1,339825
al2203,20220218,20220218,133630000,13:36:30,22655,173142,156997,19675662900,0,0,0
al2203,20220218,20220218,133630500,13:36:31,22655,173142,156997,19675662900,0,0,0
al2203,20220218,20220218,133631000,13:36:31,22655,173144,156996,19675889450,2,-1,226550
al2203,20220218,20220218,133631500,13:36:31,22655,173145,156997,19676002725,1,1,113275
al2203,20220218,20220218,133632000,13:36:32,22655,173153,156990,19676908925,8,-7,906200
al2203,20220218,20220218,133632500,13:36:32,22655,173153,156990,19676908925,0,0,0
al2203,20220218,20220218,133633000,13:36:33,22655,173154,156989,19677022200,1,-1,113275
al2203,20220218,20220218,133634000,13:36:34,22655,173155,156988,19677135475,1,-1,113275
al2203,20220218,20220218,133634500,13:36:35,22655,173156,156987,19677248750,1,-1,113275
al2203,20220218,20220218,133635000,13:36:36,22655,173156,156987,19677248750,0,0,0
al2203,20220218,20220218,133635500,13:36:36,22655,173156,156987,19677248750,0,0,0
al2203,20220218,20220218,133636000,13:36:36,22655,173156,156987,19677248750,0,0,0
al2203,20220218,20220218,133636500,13:36:36,22655,173156,156987,19677248750,0,0,0
al2203,20220218,20220218,133637000,13:36:38,22655,173157,156986,19677362025,1,-1,113275
al2203,20220218,20220218,133637500,13:36:38,22655,173157,156986,19677362025,0,0,0
al2203,20220218,20220218,133638000,13:36:39,22655,173157,156986,19677362025,0,0,0
al2203,20220218,20220218,133638500,13:36:39,22660,173161,156982,19677815225,4,-4,453200
al2203,20220218,20220218,133639000,13:36:39,22660,173193,156975,19681440825,32,-7,3625600
al2203,20220218,20220218,133639500,13:36:39,22660,173193,156975,19681440825,0,0,0
al2203,20220218,20220218,133640000,13:36:40,22660,173193,156975,19681440825,0,0,0
al2203,20220218,20220218,133640500,13:36:40,22660,173214,156967,19683820125,21,-8,2379300
al2203,20220218,20220218,133641000,13:36:41,22660,173214,156967,19683820125,0,0,0
