au2206,20220218,20220218,112002000,11:20:04,386.8,135972,146584,52622170540,135972,6470,52622170540
au2206,20220218,20220218,112004000,11:20:09,386.8,135976,146588,52623717740,4,4,1547200
au2206,20220218,20220218,112006000,11:20:10,386.8,135976,146588,52623717740,0,0,0
au2206,20220218,20220218,112006500,11:20:10,386.8,135976,146588,52623717740,0,0,0
au2206,20220218,20220218,112007500,11:20:10,386.8,135976,146588,52623717740,0,0,0
au2206,20220218,20220218,112008000,11:20:10,386.8,135976,146588,52623717740,0,0,0
au2206,20220218,20220218,112008500,11:20:10,386.8,135976,146588,52623717740,0,0,0
au2206,20220218,20220218,112010000,11:20:10,386.8,135976,146588,52623717740,0,0,0
au2206,20220218,20220218,112011000,11:20:11,386.8,135976,146588,52623717740,0,0,0
au2206,20220218,20220218,112011500,11:20:12,386.8,135976,146588,52623717740,0,0,0
au2206,20220218,20220218,112012000,11:20:12,386.8,135976,146588,52623717740,0,0,0
au2206,20220218,20220218,112012500,11:20:12,386.8,135976,146588,52623717740,0,0,0
au2206,20220218,20220218,112014500,11:20:14,386.8,135976,146588,52623717740,0,0,0
au2206,20220218,20220218,112015000,11:20:15,386.8,135976,146588,52623717740,0,0,0
au2206,20220218,20220218,112015500,11:20:16,386.8,135985,146597,52627198960,9,9,3481220
au2206,20220218,20220218,112016000,11:20:16,386.8,135985,146597,52627198960,0,0,0
au2206,20220218,20220218,112016500,11:20:16,386.82,135987,146599,52627972600,2,2,773640
au2206,20220218,20220218,112017000,11:20:17,386.82,135987,146599,52627972600,0,0,0
au2206,20220218,20220218,112018500,11:20:18,386.82,135987,146599,52627972600,0,0,0
au2206,20220218,20220218,112019000,11:20:19,386.82,135987,146599,52627972600,0,0,0
au2206,20220218,20220218,112019500,11:20:20,386.82,135987,146599,52627972600,0,0,0
au2206,20220218,20220218,112020000,11:20:20,386.82,135987,146599,52627972600,0,0,0
au2206,20220218,20220218,112022000,11:20:22,386.8,135995,146607,52631067000,8,8,3094400
au2206,20220218,20220218,112024000,11:20:24,386.8,135995,146607,52631067000,0,0,0
au2206,20220218,20220218,112024500,11:20:24,386.8,135997,146608,52631840600,2,1,773600
au2206,20220218,20220218,112025000,11:20:25,386.8,135998,146608,52632227400,1,0,386800
au2206,20220218,20220218,112026000,11:20:26,386.8,135998,146608,52632227400,0,0,0
au2206,20220218,20220218,112026500,11:20:26,386.8,135998,146608,52632227400,0,0,0
au2206,20220218,20220218,112027000,11:20:27,386.8,136000,146609,52633001000,2,1,773600
au2206,20220218,20220218,112027500,11:20:28,386.8,136003,146609,52634161400,3,0,1160400
au2206,20220218,20220218,112028000,11:20:28,386.8,136004,146610,52634548200,1,1,386800
au2206,20220218,20220218,112028500,11:20:28,386.8,136008,146610,52636095400,4,0,1547200
au2206,20220218,20220218,112030000,11:20:31,386.8,136008,146610,52636095400,0,0,0
au2206,20220218,20220218,112030500,11:20:31,386.78,136009,146611,52636482180,1,1,386780
au2206,20220218,20220218,112031000,11:20:31,386.78,136009,146611,52636482180,0,0,0
au2206,20220218,20220218,112031500,11:20:32,386.78,136011,146611,52637255740,2,0,773560
au2206,20220218,20220218,112032000,11:20:32,386.78,136011,146611,52637255740,0,0,0
au2206,20220218,20220218,112032500,11:20:32,386.78,136011,146611,52637255740,0,0,0
au2206,20220218,20220218,112034000,11:20:34,386.78,136011,146611,52637255740,0,0,0
au2206,20220218,20220218,112035500,11:20:35,386.78,136012,146612,52637642520,1,1,386780
au2206,20220218,20220218,112036000,11:20:36,386.76,136013,146612,52638029280,1,0,386760
au2206,20220218,20220218,112036500,11:20:37,386.76,136013,146612,52638029280,0,0,0
au2206,20220218,20220218,112037000,11:20:37,386.76,136013,146612,52638029280,0,0,0
au2206,20220218,20220218,112038000,11:20:38,386.76,136013,146612,52638029280,0,0,0
au2206,20220218,20220218,112039000,11:20:39,386.76,136013,146612,52638029280,0,0,0
au2206,20220218,20220218,112040500,11:20:41,386.76,136013,146612,52638029280,0,0,0
au2206,20220218,20220218,112041000,11:20:41,386.76,136013,146612,52638029280,0,0,0
au2206,20220218,20220218,112041500,11:20:41,386.76,136013,146612,52638029280,0,0,0
au2206,20220218,20220218,112043500,11:20:44,386.76,136014,146611,52638416040,1,-1,386760
au2206,20220218,20220218,112044000,11:20:44,386.76,136014,146611,52638416040,0,0,0
au2206,20220218,20220218,112044500,11:20:44,386.76,136014,146611,52638416040,0,0,0
au2206,20220218,20220218,112045000,11:20:45,386.78,136015,146611,52638802820,1,0,386780
au2206,20220218,20220218,112045500,11:20:46,386.78,136015,146611,52638802820,0,0,0
au2206,20220218,20220218,112046500,11:20:46,386.78,136015,146611,52638802820,0,0,0
au2206,20220218,20220218,112047500,11:20:48,386.78,136015,146611,52638802820,0,0,0
au2206,20220218,20220218,112048000,11:20:48,386.78,136015,146611,52638802820,0,0,0
au2206,20220218,20220218,112048500,11:20:49,386.76,136016,146610,52639189580,1,-1,386760
au2206,20220218,20220218,112049500,11:20:50,386.76,136024,146604,52642283660,8,-6,3094080
au2206,20220218,20220218,112050000,11:20:50,386.76,136026,146604,52643057180,2,0,773520
au2206,20220218,20220218,112053000,11:20:53,386.76,136026,146604,52643057180,0,0,0
au2206,20220218,20220218,112055000,11:20:55,386.76,136028,146604,52643830700,2,0,773520
au2206,20220218,20220218,112055500,11:20:56,386.76,136028,146604,52643830700,0,0,0
au2206,20220218,20220218,112056000,11:20:56,386.76,136029,146603,52644217460,1,-1,386760
au2206,20220218,20220218,112057500,11:20:58,386.76,136029,146603,52644217460,0,0,0
au2206,20220218,20220218,112059500,11:21:00,386.76,136029,146603,52644217460,0,0,0
au2206,20220218,20220218,112103000,11:21:03,386.76,136029,146603,52644217460,0,0,0
au2206,20220218,20220218,112103500,11:21:03,386.76,136029,146603,52644217460,0,0,0
au2206,20220218,20220218,112105000,11:21:05,386.76,136029,146603,52644217460,0,0,0
au2206,20220218,20220218,112105500,11:21:06,386.76,136029,146603,52644217460,0,0,0
au2206,20220218,20220218,112106000,11:21:07,386.76,136036,146603,52646924780,7,0,2707320
au2206,20220218,20220218,112106500,11:21:07,386.76,136042,146603,52649245340,6,0,2320560
au2206,20220218,20220218,112107000,11:21:09,386.76,136042,146603,52649245340,0,0,0
au2206,20220218,20220218,112107500,11:21:10,386.76,136042,146603,52649245340,0,0,0
au2206,20220218,20220218,112108000,11:21:10,386.76,136042,146603,52649245340,0,0,0
au2206,20220218,20220218,112108500,11:21:10,386.76,136042,146603,52649245340,0,0,0
au2206,20220218,20220218,112110000,11:21:10,386.76,136042,146603,52649245340,0,0,0
au2206,20220218,20220218,112111500,11:21:12,386.76,136043,146603,52649632100,1,0,386760
au2206,20220218,20220218,112112000,11:21:12,386.76,136043,146603,52649632100,0,0,0
au2206,20220218,20220218,112112500,11:21:12,386.76,136043,146603,52649632100,0,0,0
au2206,20220218,20220218,112113000,11:21:13,386.76,136043,146603,52649632100,0,0,0
au2206,20220218,20220218,112113500,11:21:13,386.76,136044,146604,52650018860,1,1,386760
au2206,20220218,20220218,112114000,11:21:14,386.76,136046,146606,52650792380,2,2,773520
au2206,20220218,20220218,112114500,11:21:14,386.78,136047,146606,52651179160,1,0,386780
au2206,20220218,20220218,112115500,11:21:15,386.78,136047,146606,52651179160,0,0,0
au2206,20220218,20220218,112117500,11:21:18,386.78,136047,146606,52651179160,0,0,0
au2206,20220218,20220218,112118500,11:21:18,386.76,136048,146606,52651565920,1,0,386760
au2206,20220218,20220218,112119000,11:21:19,386.76,136048,146606,52651565920,0,0,0
au2206,20220218,20220218,112119500,11:21:19,386.76,136048,146606,52651565920,0,0,0
au2206,20220218,20220218,112120000,11:21:20,386.76,136048,146606,52651565920,0,0,0
au2206,20220218,20220218,112120500,11:21:21,386.76,136050,146606,52652339440,2,0,773520
au2206,20220218,20220218,112121000,11:21:22,386.76,136052,146606,52653112960,2,0,773520
au2206,20220218,20220218,112122500,11:21:22,386.76,136052,146606,52653112960,0,0,0
au2206,20220218,20220218,112123000,11:21:23,386.76,136052,146606,52653112960,0,0,0
au2206,20220218,20220218,112123500,11:21:23,386.76,136052,146606,52653112960,0,0,0
au2206,20220218,20220218,112124000,11:21:24,386.78,136053,146605,52653499740,1,-1,386780
au2206,20220218,20220218,112125000,11:21:29,386.74,136054,146606,52653886480,1,1,386740
au2206,20220218,20220218,112126000,11:23:32,386.74,136054,146606,52653886480,0,0,0
au2206,20220218,20220218,112126500,11:23:33,386.74,136054,146606,52653886480,0,0,0
au2206,20220218,20220218,112332000,11:23:33,386.72,136204,146615,52711897940,150,9,58011460
au2206,20220218,20220218,112333500,11:23:33,386.72,136205,146615,52712284660,1,0,386720
au2206,20220218,20220218,112335500,11:23:35,386.72,136205,146615,52712284660,0,0,0
au2206,20220218,20220218,112337500,11:23:38,386.72,136205,146615,52712284660,0,0,0
au2206,20220218,20220218,112338000,11:23:38,386.72,136205,146615,52712284660,0,0,0
au2206,20220218,20220218,112339000,11:23:39,386.72,136205,146615,52712284660,0,0,0
au2206,20220218,20220218,112340500,11:23:40,386.72,136206,146615,52712671380,1,0,386720
au2206,20220218,20220218,112342000,11:23:42,386.72,136211,146611,52714604980,5,-4,1933600
au2206,20220218,20220218,112342500,11:23:42,386.72,136211,146611,52714604980,0,0,0
au2206,20220218,20220218,112343000,11:23:43,386.72,136211,146611,52714604980,0,0,0
au2206,20220218,20220218,112343500,11:23:43,386.72,136211,146611,52714604980,0,0,0
au2206,20220218,20220218,112344000,11:23:45,386.72,136211,146611,52714604980,0,0,0
au2206,20220218,20220218,112344500,11:23:48,386.72,136211,146611,52714604980,0,0,0
au2206,20220218,20220218,112345500,11:23:48,386.74,136214,146613,52715765200,3,2,1160220
au2206,20220218,20220218,112346000,11:23:48,386.74,136214,146613,52715765200,0,0,0
au2206,20220218,20220218,112349000,11:23:49,386.74,136214,146613,52715765200,0,0,0
au2206,20220218,20220218,112349500,11:23:50,386.74,136214,146613,52715765200,0,0,0
au2206,20220218,20220218,112351000,11:23:51,386.74,136215,146613,52716151940,1,0,386740
au2206,20220218,20220218,112353000,11:23:53,386.74,136220,146613,52718085640,5,0,1933700
au2206,20220218,20220218,112353500,11:23:53,386.74,136220,146613,52718085640,0,0,0
au2206,20220218,20220218,112354000,11:23:54,386.74,136223,146614,52719245860,3,1,1160220
au2206,20220218,20220218,112354500,11:23:55,386.74,136224,146614,52719632600,1,0,386740
au2206,20220218,20220218,112356000,11:23:56,386.74,136224,146614,52719632600,0,0,0
au2206,20220218,20220218,112356500,11:23:56,386.74,136224,146614,52719632600,0,0,0
au2206,20220218,20220218,112357000,11:23:57,386.74,136224,146614,52719632600,0,0,0
au2206,20220218,20220218,112357500,11:23:57,386.72,136225,146613,52720019320,1,-1,386720
au2206,20220218,20220218,112358000,11:23:58,386.72,136229,146613,52721566200,4,0,1546880
au2206,20220218,20220218,112358500,11:23:58,386.72,136229,146613,52721566200,0,0,0
au2206,20220218,20220218,112400500,11:24:00,386.72,136229,146613,52721566200,0,0,0
au2206,20220218,20220218,112401000,11:24:01,386.72,136230,146612,52721952920,1,-1,386720
au2206,20220218,20220218,112402500,11:24:02,386.72,136230,146612,52721952920,0,0,0
au2206,20220218,20220218,112403000,11:24:03,386.72,136230,146612,52721952920,0,0,0
au2206,20220218,20220218,112404500,11:24:04,386.72,136230,146612,52721952920,0,0,0
au2206,20220218,20220218,112405000,11:24:05,386.72,136230,146612,52721952920,0,0,0
au2206,20220218,20220218,112405500,11:24:05,386.72,136230,146612,52721952920,0,0,0
au2206,20220218,20220218,112406000,11:24:06,386.72,136234,146612,52723499800,4,0,1546880
au2206,20220218,20220218,112407000,11:24:07,386.72,136234,146612,52723499800,0,0,0
au2206,20220218,20220218,112407500,11:24:08,386.72,136235,146612,52723886520,1,0,386720
au2206,20220218,20220218,112408000,11:24:08,386.72,136235,146612,52723886520,0,0,0
au2206,20220218,20220218,112408500,11:24:08,386.74,136236,146612,52724273260,1,0,386740
au2206,20220218,20220218,112409000,11:24:09,386.74,136236,146612,52724273260,0,0,0
au2206,20220218,20220218,112410500,11:24:12,386.74,136236,146612,52724273260,0,0,0
au2206,20220218,20220218,112411000,11:24:12,386.74,136236,146612,52724273260,0,0,0
au2206,20220218,20220218,112411500,11:24:12,386.72,136237,146613,52724659980,1,1,386720
au2206,20220218,20220218,112412500,11:24:12,386.72,136237,146613,52724659980,0,0,0
au2206,20220218,20220218,112413000,11:24:13,386.72,136237,146613,52724659980,0,0,0
au2206,20220218,20220218,112414000,11:24:14,386.72,136237,146613,52724659980,0,0,0
au2206,20220218,20220218,112414500,11:24:14,386.72,136237,146613,52724659980,0,0,0
au2206,20220218,20220218,112415000,11:24:15,386.72,136238,146613,52725046700,1,0,386720
au2206,20220218,20220218,112417000,11:24:17,386.74,136239,146612,52725433440,1,-1,386740
au2206,20220218,20220218,112417500,11:24:18,386.72,136240,146611,52725820160,1,-1,386720
au2206,20220218,20220218,112420000,11:24:20,386.72,136240,146611,52725820160,0,0,0
au2206,20220218,20220218,112424000,11:24:24,386.72,136240,146611,52725820160,0,0,0
au2206,20220218,20220218,112424500,11:24:24,386.72,136242,146609,52726593600,2,-2,773440
au2206,20220218,20220218,112425000,11:24:25,386.72,136243,146609,52726980320,1,0,386720
au2206,20220218,20220218,112425500,11:24:25,386.7,136244,146608,52727367020,1,-1,386700
au2206,20220218,20220218,112426000,11:24:26,386.7,136245,146607,52727753720,1,-1,386700
au2206,20220218,20220218,112426500,11:24:26,386.7,136245,146607,52727753720,0,0,0
au2206,20220218,20220218,112427000,11:24:27,386.74,136246,146607,52728140460,1,0,386740
au2206,20220218,20220218,112427500,11:24:28,386.74,136246,146607,52728140460,0,0,0
au2206,20220218,20220218,112428000,11:24:28,386.74,136246,146607,52728140460,0,0,0
au2206,20220218,20220218,112428500,11:24:28,386.72,136252,146611,52730460780,6,4,2320320
au2206,20220218,20220218,112430500,11:24:30,386.7,136254,146612,52731234180,2,1,773400
au2206,20220218,20220218,112431000,11:24:31,386.72,136255,146612,52731620900,1,0,386720
au2206,20220218,20220218,112431500,11:24:31,386.7,136256,146611,52732007600,1,-1,386700
au2206,20220218,20220218,112433000,11:24:33,386.7,136256,146611,52732007600,0,0,0
au2206,20220218,20220218,112433500,11:24:33,386.72,136257,146612,52732394320,1,1,386720
au2206,20220218,20220218,112434000,11:24:34,386.7,136259,146610,52733167720,2,-2,773400
au2206,20220218,20220218,112434500,11:24:34,386.7,136261,146608,52733941120,2,-2,773400
au2206,20220218,20220218,112435000,11:24:35,386.7,136261,146608,52733941120,0,0,0
au2206,20220218,20220218,112435500,11:24:35,386.7,136262,146607,52734327820,1,-1,386700
au2206,20220218,20220218,112438500,11:24:39,386.72,136263,146607,52734714540,1,0,386720
au2206,20220218,20220218,112439000,11:24:40,386.72,136263,146607,52734714540,0,0,0
au2206,20220218,20220218,112439500,11:24:40,386.72,136263,146607,52734714540,0,0,0
au2206,20220218,20220218,112442500,11:24:42,386.72,136263,146607,52734714540,0,0,0
au2206,20220218,20220218,112447500,11:24:47,386.72,136264,146608,52735101260,1,1,386720
au2206,20220218,20220218,112448000,11:24:48,386.72,136264,146608,52735101260,0,0,0
au2206,20220218,20220218,112450000,11:24:50,386.72,136265,146609,52735487980,1,1,386720
au2206,20220218,20220218,112452500,11:24:52,386.72,136265,146609,52735487980,0,0,0
au2206,20220218,20220218,112453500,11:24:53,386.72,136266,146610,52735874700,1,1,386720
au2206,20220218,20220218,112457000,11:24:57,386.72,136266,146610,52735874700,0,0,0
au2206,20220218,20220218,112457500,11:24:57,386.72,136266,146610,52735874700,0,0,0
au2206,20220218,20220218,112458000,11:24:58,386.72,136266,146610,52735874700,0,0,0
au2206,20220218,20220218,112503000,11:25:06,386.72,136266,146610,52735874700,0,0,0
au2206,20220218,20220218,112505000,11:25:06,386.72,136280,146623,52741288780,14,13,5414080
au2206,20220218,20220218,112505500,11:25:06,386.72,136280,146623,52741288780,0,0,0
au2206,20220218,20220218,112506000,11:25:06,386.72,136280,146623,52741288780,0,0,0
au2206,20220218,20220218,112506500,11:25:07,386.72,136280,146623,52741288780,0,0,0
au2206,20220218,20220218,112507500,11:25:07,386.72,136280,146623,52741288780,0,0,0
au2206,20220218,20220218,112508000,11:25:08,386.74,136285,146628,52743222480,5,5,1933700
au2206,20220218,20220218,112510000,11:25:10,386.72,136293,146627,52746316240,8,-1,3093760
au2206,20220218,20220218,112510500,11:25:10,386.72,136297,146627,52747863120,4,0,1546880
au2206,20220218,20220218,112511000,11:25:11,386.72,136301,146627,52749410000,4,0,1546880
au2206,20220218,20220218,112511500,11:25:11,386.72,136301,146627,52749410000,0,0,0
au2206,20220218,20220218,112513000,11:25:13,386.72,136301,146627,52749410000,0,0,0
au2206,20220218,20220218,112513500,11:25:15,386.72,136301,146627,52749410000,0,0,0
au2206,20220218,20220218,112514000,11:25:15,386.72,136303,146625,52750183440,2,-2,773440
au2206,20220218,20220218,112514500,11:25:15,386.72,136303,146625,52750183440,0,0,0
au2206,20220218,20220218,112515000,11:25:16,386.72,136304,146624,52750570160,1,-1,386720
au2206,20220218,20220218,112515500,11:25:16,386.72,136304,146624,52750570160,0,0,0
au2206,20220218,20220218,112516000,11:25:16,386.72,136306,146624,52751343600,2,0,773440
au2206,20220218,20220218,112516500,11:25:16,386.72,136306,146624,52751343600,0,0,0
au2206,20220218,20220218,112517000,11:25:17,386.72,136306,146624,52751343600,0,0,0
au2206,20220218,20220218,112517500,11:25:18,386.7,136307,146623,52751730300,1,-1,386700
au2206,20220218,20220218,112519500,11:25:19,386.7,136307,146623,52751730300,0,0,0
au2206,20220218,20220218,112520000,11:25:20,386.72,136315,146624,52754824060,8,1,3093760
au2206,20220218,20220218,112520500,11:25:21,386.74,136316,146624,52755210800,1,0,386740
au2206,20220218,20220218,112521000,11:25:21,386.74,136316,146624,52755210800,0,0,0
au2206,20220218,20220218,112522000,11:25:22,386.74,136316,146624,52755210800,0,0,0
au2206,20220218,20220218,112522500,11:25:22,386.74,136316,146624,52755210800,0,0,0
au2206,20220218,20220218,112523000,11:25:23,386.72,136317,146625,52755597520,1,1,386720
au2206,20220218,20220218,112523500,11:25:24,386.72,136317,146625,52755597520,0,0,0
au2206,20220218,20220218,112525000,11:25:25,386.72,136319,146625,52756370960,2,0,773440
au2206,20220218,20220218,112526500,11:25:27,386.74,136321,146623,52757144440,2,-2,773480
au2206,20220218,20220218,112527000,11:25:27,386.72,136327,146628,52759464760,6,5,2320320
au2206,20220218,20220218,112527500,11:25:28,386.74,136332,146628,52761398460,5,0,1933700
au2206,20220218,20220218,112530000,11:25:30,386.74,136332,146628,52761398460,0,0,0
au2206,20220218,20220218,112531500,11:25:31,386.72,136333,146628,52761785180,1,0,386720
au2206,20220218,20220218,112532500,11:25:32,386.74,136334,146628,52762171920,1,0,386740
au2206,20220218,20220218,112534500,11:25:34,386.74,136334,146628,52762171920,0,0,0
au2206,20220218,20220218,112544000,11:25:44,386.7,136335,146627,52762558620,1,-1,386700
au2206,20220218,20220218,112544500,11:25:44,386.7,136336,146626,52762945320,1,-1,386700
au2206,20220218,20220218,112547000,11:25:48,386.7,136336,146626,52762945320,0,0,0
au2206,20220218,20220218,112547500,11:25:48,386.7,136336,146626,52762945320,0,0,0
au2206,20220218,20220218,112552500,11:25:52,386.72,136337,146626,52763332040,1,0,386720
au2206,20220218,20220218,112553000,11:25:53,386.7,136340,146623,52764492140,3,-3,1160100
au2206,20220218,20220218,112553500,11:25:54,386.72,136341,146623,52764878860,1,0,386720
au2206,20220218,20220218,112554000,11:25:54,386.7,136362,146605,52772999620,21,-18,8120760
au2206,20220218,20220218,112554500,11:25:54,386.7,136362,146605,52772999620,0,0,0
au2206,20220218,20220218,112555000,11:25:55,386.7,136365,146602,52774159720,3,-3,1160100
au2206,20220218,20220218,112555500,11:25:56,386.7,136371,146599,52776479920,6,-3,2320200
au2206,20220218,20220218,112556000,11:25:57,386.7,136371,146599,52776479920,0,0,0
au2206,20220218,20220218,112556500,11:25:57,386.7,136371,146599,52776479920,0,0,0
au2206,20220218,20220218,112557500,11:25:57,386.7,136372,146600,52776866620,1,1,386700
au2206,20220218,20220218,112558500,11:25:59,386.7,136372,146600,52776866620,0,0,0
au2206,20220218,20220218,112602500,11:26:03,386.72,136373,146600,52777253340,1,0,386720
au2206,20220218,20220218,112604000,11:26:04,386.7,136374,146601,52777640040,1,1,386700
au2206,20220218,20220218,112605000,11:26:05,386.7,136374,146601,52777640040,0,0,0
au2206,20220218,20220218,112606000,11:26:06,386.7,136374,146601,52777640040,0,0,0
au2206,20220218,20220218,112607000,11:26:09,386.7,136374,146601,52777640040,0,0,0
au2206,20220218,20220218,112607500,11:26:09,386.7,136375,146601,52778026740,1,0,386700
au2206,20220218,20220218,112608000,11:26:09,386.72,136377,146603,52778800180,2,2,773440
au2206,20220218,20220218,112609000,11:26:10,386.72,136377,146603,52778800180,0,0,0
au2206,20220218,20220218,112610500,11:26:10,386.72,136378,146603,52779186900,1,0,386720
au2206,20220218,20220218,112611500,11:26:11,386.72,136379,146603,52779573620,1,0,386720
au2206,20220218,20220218,112612000,11:26:14,386.72,136379,146603,52779573620,0,0,0
au2206,20220218,20220218,112612500,11:26:14,386.72,136380,146602,52779960340,1,-1,386720
au2206,20220218,20220218,112613000,11:26:15,386.7,136382,146602,52780733740,2,0,773400
au2206,20220218,20220218,112614000,11:26:15,386.7,136382,146602,52780733740,0,0,0
au2206,20220218,20220218,112618500,11:26:18,386.7,136382,146602,52780733740,0,0,0
au2206,20220218,20220218,112619500,11:26:20,386.7,136382,146602,52780733740,0,0,0
au2206,20220218,20220218,112620500,11:26:20,386.72,136383,146601,52781120460,1,-1,386720
au2206,20220218,20220218,112622500,11:26:22,386.72,136383,146601,52781120460,0,0,0
au2206,20220218,20220218,112624000,11:26:24,386.72,136384,146601,52781507180,1,0,386720
au2206,20220218,20220218,112624500,11:26:24,386.72,136384,146601,52781507180,0,0,0
au2206,20220218,20220218,112625500,11:26:25,386.72,136385,146600,52781893900,1,-1,386720
au2206,20220218,20220218,112626000,11:26:26,386.72,136385,146600,52781893900,0,0,0
au2206,20220218,20220218,112626500,11:26:26,386.72,136385,146600,52781893900,0,0,0
au2206,20220218,20220218,112627500,11:26:27,386.72,136385,146600,52781893900,0,0,0
au2206,20220218,20220218,112628000,11:26:28,386.72,136388,146600,52783054060,3,0,1160160
au2206,20220218,20220218,112628500,11:26:28,386.72,136389,146600,52783440780,1,0,386720
au2206,20220218,20220218,112630500,11:26:31,386.72,136389,146600,52783440780,0,0,0
au2206,20220218,20220218,112632000,11:26:32,386.72,136389,146600,52783440780,0,0,0
au2206,20220218,20220218,112633500,11:26:34,386.72,136389,146600,52783440780,0,0,0
au2206,20220218,20220218,112634500,11:26:37,386.72,136389,146600,52783440780,0,0,0
au2206,20220218,20220218,112638500,11:27:10,386.72,136389,146600,52783440780,0,0,0
au2206,20220218,20220218,112653000,11:27:10,386.72,136389,146600,52783440780,0,0,0
au2206,20220218,20220218,112654000,11:27:12,386.72,136389,146600,52783440780,0,0,0
au2206,20220218,20220218,112710000,11:27:12,386.72,136389,146600,52783440780,0,0,0
au2206,20220218,20220218,112711500,11:27:12,386.72,136412,146604,52792335440,23,4,8894660
au2206,20220218,20220218,112712500,11:27:13,386.72,136412,146604,52792335440,0,0,0
au2206,20220218,20220218,112714500,11:27:15,386.7,136413,146604,52792722140,1,0,386700
au2206,20220218,20220218,112715000,11:27:15,386.72,136414,146604,52793108860,1,0,386720
au2206,20220218,20220218,112715500,11:27:16,386.7,136415,146603,52793495560,1,-1,386700
au2206,20220218,20220218,112716000,11:27:16,386.7,136415,146603,52793495560,0,0,0
au2206,20220218,20220218,112717500,11:27:17,386.7,136415,146603,52793495560,0,0,0
au2206,20220218,20220218,112718000,11:27:18,386.7,136415,146603,52793495560,0,0,0
au2206,20220218,20220218,112718500,11:27:19,386.7,136415,146603,52793495560,0,0,0
au2206,20220218,20220218,112719500,11:27:20,386.7,136415,146603,52793495560,0,0,0
au2206,20220218,20220218,112722500,11:27:22,386.72,136417,146601,52794269000,2,-2,773440
au2206,20220218,20220218,112723000,11:27:26,386.72,136417,146601,52794269000,0,0,0
au2206,20220218,20220218,112724000,11:27:27,386.72,136417,146601,52794269000,0,0,0
au2206,20220218,20220218,112726500,11:27:27,386.72,136417,146601,52794269000,0,0,0
au2206,20220218,20220218,112727500,11:27:27,386.72,136417,146601,52794269000,0,0,0
au2206,20220218,20220218,112729000,11:27:29,386.72,136417,146601,52794269000,0,0,0
au2206,20220218,20220218,112731500,11:27:35,386.72,136422,146599,52796202580,5,-2,1933580
au2206,20220218,20220218,112732000,11:27:35,386.72,136423,146598,52796589300,1,-1,386720
au2206,20220218,20220218,112732500,11:27:36,386.72,136423,146598,52796589300,0,0,0
au2206,20220218,20220218,112735500,11:27:36,386.72,136423,146598,52796589300,0,0,0
au2206,20220218,20220218,112737000,11:27:38,386.7,136436,146598,52801616400,13,0,5027100
au2206,20220218,20220218,112737500,11:27:38,386.7,136436,146598,52801616400,0,0,0
au2206,20220218,20220218,112738000,11:27:38,386.7,136436,146598,52801616400,0,0,0
au2206,20220218,20220218,112739000,11:27:39,386.7,136436,146598,52801616400,0,0,0
au2206,20220218,20220218,112740000,11:27:40,386.7,136436,146598,52801616400,0,0,0
au2206,20220218,20220218,112740500,11:27:40,386.72,136437,146597,52802003120,1,-1,386720
au2206,20220218,20220218,112741000,11:27:41,386.72,136437,146597,52802003120,0,0,0
au2206,20220218,20220218,112741500,11:27:41,386.72,136438,146597,52802389840,1,0,386720
au2206,20220218,20220218,112746000,11:27:46,386.72,136438,146597,52802389840,0,0,0
au2206,20220218,20220218,112746500,11:27:47,386.72,136439,146597,52802776560,1,0,386720
au2206,20220218,20220218,112747000,11:27:47,386.72,136439,146597,52802776560,0,0,0
au2206,20220218,20220218,112747500,11:27:47,386.72,136440,146597,52803163280,1,0,386720
au2206,20220218,20220218,112748000,11:27:48,386.72,136442,146597,52803936720,2,0,773440
au2206,20220218,20220218,112748500,11:27:54,386.7,136447,146599,52805870220,5,2,1933500
au2206,20220218,20220218,112749000,11:27:54,386.7,136447,146599,52805870220,0,0,0
au2206,20220218,20220218,112749500,11:27:54,386.7,136447,146599,52805870220,0,0,0
au2206,20220218,20220218,112753000,11:27:54,386.7,136447,146599,52805870220,0,0,0
au2206,20220218,20220218,112754500,11:27:54,386.7,136447,146599,52805870220,0,0,0
au2206,20220218,20220218,112756500,11:27:56,386.7,136459,146598,52810510640,12,-1,4640420
au2206,20220218,20220218,112757000,11:27:57,386.7,136462,146599,52811670740,3,1,1160100
au2206,20220218,20220218,112757500,11:27:57,386.72,136463,146598,52812057460,1,-1,386720
au2206,20220218,20220218,112758500,11:27:58,386.68,136465,146597,52812830840,2,-1,773380
au2206,20220218,20220218,112759000,11:27:59,386.7,136468,146595,52813990940,3,-2,1160100
au2206,20220218,20220218,112759500,11:27:59,386.7,136468,146595,52813990940,0,0,0
au2206,20220218,20220218,112800000,11:28:00,386.7,136469,146595,52814377640,1,0,386700
au2206,20220218,20220218,112800500,11:28:01,386.7,136469,146595,52814377640,0,0,0
au2206,20220218,20220218,112801000,11:28:01,386.7,136469,146595,52814377640,0,0,0
au2206,20220218,20220218,112801500,11:28:02,386.7,136469,146595,52814377640,0,0,0
au2206,20220218,20220218,112802000,11:28:03,386.7,136469,146595,52814377640,0,0,0
au2206,20220218,20220218,112802500,11:28:03,386.7,136469,146595,52814377640,0,0,0
au2206,20220218,20220218,112803500,11:28:04,386.7,136469,146595,52814377640,0,0,0
au2206,20220218,20220218,112804000,11:28:04,386.7,136469,146595,52814377640,0,0,0
au2206,20220218,20220218,112804500,11:28:05,386.7,136470,146595,52814764340,1,0,386700
au2206,20220218,20220218,112805000,11:28:06,386.7,136470,146595,52814764340,0,0,0
au2206,20220218,20220218,112805500,11:28:06,386.7,136473,146595,52815924440,3,0,1160100
au2206,20220218,20220218,112807000,11:28:10,386.7,136473,146595,52815924440,0,0,0
au2206,20220218,20220218,112807500,11:28:10,386.7,136474,146595,52816311140,1,0,386700
au2206,20220218,20220218,112810000,11:28:11,386.7,136474,146595,52816311140,0,0,0
au2206,20220218,20220218,112811500,11:28:12,386.7,136475,146595,52816697840,1,0,386700
au2206,20220218,20220218,112812000,11:28:12,386.7,136475,146595,52816697840,0,0,0
au2206,20220218,20220218,112813000,11:28:13,386.72,136479,146594,52818244720,4,-1,1546880
au2206,20220218,20220218,112813500,11:28:14,386.72,136479,146594,52818244720,0,0,0
au2206,20220218,20220218,112814000,11:28:14,386.72,136479,146594,52818244720,0,0,0
au2206,20220218,20220218,112815000,11:28:15,386.72,136479,146594,52818244720,0,0,0
au2206,20220218,20220218,112819000,11:28:19,386.72,136480,146594,52818631440,1,0,386720
au2206,20220218,20220218,112819500,11:28:19,386.72,136480,146594,52818631440,0,0,0
au2206,20220218,20220218,112820500,11:28:20,386.72,136481,146593,52819018160,1,-1,386720
au2206,20220218,20220218,112822000,11:28:22,386.72,136481,146593,52819018160,0,0,0
au2206,20220218,20220218,112823000,11:28:23,386.72,136481,146593,52819018160,0,0,0
au2206,20220218,20220218,112823500,11:28:23,386.72,136481,146593,52819018160,0,0,0
au2206,20220218,20220218,112824000,11:28:24,386.7,136483,146593,52819791560,2,0,773400
au2206,20220218,20220218,112824500,11:28:24,386.7,136484,146593,52820178260,1,0,386700
au2206,20220218,20220218,112825000,11:28:25,386.7,136485,146593,52820564960,1,0,386700
au2206,20220218,20220218,112825500,11:28:25,386.7,136489,146593,52822111760,4,0,1546800
au2206,20220218,20220218,112826500,11:28:26,386.7,136491,146591,52822885160,2,-2,773400
au2206,20220218,20220218,112827000,11:28:27,386.7,136492,146592,52823271860,1,1,386700
au2206,20220218,20220218,112827500,11:28:27,386.7,136492,146592,52823271860,0,0,0
au2206,20220218,20220218,112828500,11:28:28,386.7,136493,146592,52823658560,1,0,386700
au2206,20220218,20220218,112829000,11:28:29,386.7,136493,146592,52823658560,0,0,0
au2206,20220218,20220218,112829500,11:28:29,386.7,136493,146592,52823658560,0,0,0
au2206,20220218,20220218,112830000,11:28:30,386.7,136493,146592,52823658560,0,0,0
au2206,20220218,20220218,112831500,11:28:31,386.7,136494,146592,52824045260,1,0,386700
au2206,20220218,20220218,112832000,11:28:32,386.7,136495,146592,52824431960,1,0,386700
au2206,20220218,20220218,112832500,11:28:33,386.7,136495,146592,52824431960,0,0,0
au2206,20220218,20220218,112833000,11:28:33,386.7,136495,146592,52824431960,0,0,0
au2206,20220218,20220218,112833500,11:28:33,386.7,136495,146592,52824431960,0,0,0
au2206,20220218,20220218,112834000,11:28:34,386.68,136496,146592,52824818640,1,0,386680
au2206,20220218,20220218,112834500,11:28:34,386.68,136496,146592,52824818640,0,0,0
au2206,20220218,20220218,112835000,11:28:35,386.68,136506,146583,52828685440,10,-9,3866800
au2206,20220218,20220218,112835500,11:28:35,386.68,136507,146582,52829072120,1,-1,386680
au2206,20220218,20220218,112836000,11:28:37,386.68,136507,146582,52829072120,0,0,0
au2206,20220218,20220218,112836500,11:28:37,386.68,136507,146582,52829072120,0,0,0
au2206,20220218,20220218,112840500,11:28:40,386.68,136507,146582,52829072120,0,0,0
au2206,20220218,20220218,112841000,11:28:41,386.7,136508,146583,52829458820,1,1,386700
au2206,20220218,20220218,112841500,11:28:41,386.7,136508,146583,52829458820,0,0,0
au2206,20220218,20220218,112843000,11:28:43,386.7,136508,146583,52829458820,0,0,0
au2206,20220218,20220218,112844000,11:28:44,386.7,136508,146583,52829458820,0,0,0
au2206,20220218,20220218,112845000,11:28:45,386.7,136508,146583,52829458820,0,0,0
au2206,20220218,20220218,112845500,11:28:45,386.7,136510,146581,52830232220,2,-2,773400
au2206,20220218,20220218,112846000,11:28:46,386.7,136510,146581,52830232220,0,0,0
au2206,20220218,20220218,112846500,11:28:46,386.68,136512,146581,52831005600,2,0,773380
au2206,20220218,20220218,112847000,11:28:47,386.7,136513,146582,52831392300,1,1,386700
au2206,20220218,20220218,112848000,11:28:48,386.7,136516,146585,52832552400,3,3,1160100
au2206,20220218,20220218,112849000,11:28:49,386.7,136516,146585,52832552400,0,0,0
au2206,20220218,20220218,112849500,11:28:50,386.7,136523,146592,52835259300,7,7,2706900
au2206,20220218,20220218,112850000,11:28:50,386.7,136523,146592,52835259300,0,0,0
au2206,20220218,20220218,112850500,11:28:50,386.7,136526,146591,52836419400,3,-1,1160100
au2206,20220218,20220218,112851000,11:28:51,386.7,136526,146591,52836419400,0,0,0
au2206,20220218,20220218,112852000,11:28:52,386.7,136528,146591,52837192800,2,0,773400
au2206,20220218,20220218,112852500,11:28:53,386.72,136532,146591,52838739680,4,0,1546880
au2206,20220218,20220218,112853000,11:28:54,386.72,136532,146591,52838739680,0,0,0
au2206,20220218,20220218,112855000,11:28:55,386.7,136534,146593,52839513080,2,2,773400
au2206,20220218,20220218,112855500,11:28:55,386.7,136537,146593,52840673220,3,0,1160140
au2206,20220218,20220218,112856000,11:28:56,386.7,136542,146593,52842606720,5,0,1933500
au2206,20220218,20220218,112856500,11:28:56,386.72,136546,146596,52844153600,4,3,1546880
au2206,20220218,20220218,112857000,11:28:57,386.72,136546,146596,52844153600,0,0,0
au2206,20220218,20220218,112858000,11:28:58,386.72,136546,146596,52844153600,0,0,0
au2206,20220218,20220218,112858500,11:28:59,386.7,136547,146597,52844540300,1,1,386700
au2206,20220218,20220218,112859000,11:28:59,386.7,136547,146597,52844540300,0,0,0
au2206,20220218,20220218,112859500,11:29:00,386.74,136551,146601,52846087260,4,4,1546960
au2206,20220218,20220218,112900000,11:29:00,386.74,136551,146601,52846087260,0,0,0
au2206,20220218,20220218,112901000,11:29:01,386.74,136551,146601,52846087260,0,0,0
au2206,20220218,20220218,112901500,11:29:01,386.74,136553,146601,52846860720,2,0,773460
au2206,20220218,20220218,112902000,11:29:02,386.72,136556,146601,52848020880,3,0,1160160
au2206,20220218,20220218,112902500,11:29:03,386.74,136562,146602,52850341260,6,1,2320380
au2206,20220218,20220218,112903000,11:29:03,386.74,136562,146602,52850341260,0,0,0
au2206,20220218,20220218,112903500,11:29:04,386.74,136562,146602,52850341260,0,0,0
au2206,20220218,20220218,112904000,11:29:04,386.74,136562,146602,52850341260,0,0,0
au2206,20220218,20220218,112905000,11:29:05,386.74,136562,146602,52850341260,0,0,0
au2206,20220218,20220218,112905500,11:29:06,386.74,136563,146602,52850728000,1,0,386740
au2206,20220218,20220218,112906500,11:29:06,386.74,136567,146602,52852274960,4,0,1546960
au2206,20220218,20220218,112907000,11:29:07,386.74,136568,146601,52852661700,1,-1,386740
au2206,20220218,20220218,112907500,11:29:08,386.74,136568,146601,52852661700,0,0,0
au2206,20220218,20220218,112908000,11:29:08,386.72,136569,146601,52853048420,1,0,386720
au2206,20220218,20220218,112908500,11:29:08,386.74,136570,146601,52853435160,1,0,386740
au2206,20220218,20220218,112909500,11:29:09,386.76,136574,146603,52854982160,4,2,1547000
au2206,20220218,20220218,112910000,11:29:10,386.76,136574,146603,52854982160,0,0,0
au2206,20220218,20220218,112910500,11:29:10,386.76,136575,146603,52855368920,1,0,386760
au2206,20220218,20220218,112911000,11:29:11,386.76,136575,146603,52855368920,0,0,0
au2206,20220218,20220218,112911500,11:29:12,386.76,136575,146603,52855368920,0,0,0
au2206,20220218,20220218,112912500,11:29:12,386.78,136579,146606,52856916040,4,3,1547120
au2206,20220218,20220218,112913000,11:29:13,386.78,136580,146606,52857302820,1,0,386780
au2206,20220218,20220218,112915000,11:29:15,386.78,136581,146605,52857689600,1,-1,386780
au2206,20220218,20220218,112915500,11:29:16,386.76,136585,146603,52859236640,4,-2,1547040
au2206,20220218,20220218,112916000,11:29:16,386.76,136586,146603,52859623400,1,0,386760
au2206,20220218,20220218,112916500,11:29:16,386.76,136593,146602,52862330680,7,-1,2707280
au2206,20220218,20220218,112920500,11:29:21,386.76,136593,146602,52862330680,0,0,0
au2206,20220218,20220218,112921000,11:29:22,386.76,136609,146601,52868518840,16,-1,6188160
au2206,20220218,20220218,112921500,11:29:23,386.76,136609,146601,52868518840,0,0,0
au2206,20220218,20220218,112922000,11:29:24,386.76,136609,146601,52868518840,0,0,0
au2206,20220218,20220218,112922500,11:29:24,386.78,136615,146602,52870839500,6,1,2320660
au2206,20220218,20220218,112923000,11:29:24,386.76,136617,146602,52871613040,2,0,773540
au2206,20220218,20220218,112925500,11:29:25,386.78,136620,146601,52872773380,3,-1,1160340
au2206,20220218,20220218,112926500,11:29:26,386.8,136624,146602,52874320540,4,1,1547160
au2206,20220218,20220218,112927000,11:29:27,386.78,136625,146603,52874707320,1,1,386780
au2206,20220218,20220218,112927500,11:29:27,386.78,136628,146603,52875867660,3,0,1160340
au2206,20220218,20220218,112928000,11:29:28,386.78,136628,146603,52875867660,0,0,0
au2206,20220218,20220218,112928500,11:29:28,386.78,136629,146603,52876254440,1,0,386780
au2206,20220218,20220218,112929000,11:29:29,386.78,136629,146603,52876254440,0,0,0
au2206,20220218,20220218,112929500,11:29:29,386.8,136633,146603,52877801640,4,0,1547200
au2206,20220218,20220218,112930000,11:29:30,386.8,136633,146603,52877801640,0,0,0
au2206,20220218,20220218,112930500,11:29:30,386.78,136634,146602,52878188420,1,-1,386780
au2206,20220218,20220218,112931000,11:29:32,386.8,136636,146601,52878962020,2,-1,773600
au2206,20220218,20220218,112931500,11:29:32,386.8,136637,146601,52879348820,1,0,386800
au2206,20220218,20220218,112932000,11:29:32,386.8,136637,146601,52879348820,0,0,0
au2206,20220218,20220218,112932500,11:29:36,386.8,136642,146602,52881282780,5,1,1933960
au2206,20220218,20220218,112933000,11:29:37,386.8,136642,146602,52881282780,0,0,0
au2206,20220218,20220218,112933500,11:29:37,386.8,136642,146602,52881282780,0,0,0
au2206,20220218,20220218,112936500,11:29:38,386.78,136664,146600,52889791940,22,-2,8509160
au2206,20220218,20220218,112937000,11:29:38,386.76,136666,146599,52890565500,2,-1,773560
au2206,20220218,20220218,112937500,11:29:38,386.78,136667,146599,52890952280,1,0,386780
au2206,20220218,20220218,112938000,11:29:38,386.8,136669,146598,52891725860,2,-1,773580
au2206,20220218,20220218,112938500,11:29:39,386.8,136670,146598,52892112660,1,0,386800
au2206,20220218,20220218,112939500,11:29:39,386.8,136674,146598,52893659860,4,0,1547200
au2206,20220218,20220218,112940000,11:29:40,386.8,136677,146597,52894820240,3,-1,1160380
au2206,20220218,20220218,112940500,11:29:40,386.8,136677,146597,52894820240,0,0,0
au2206,20220218,20220218,112941000,11:29:41,386.8,136677,146597,52894820240,0,0,0
au2206,20220218,20220218,112941500,11:29:42,386.8,136681,146597,52896367440,4,0,1547200
au2206,20220218,20220218,112942500,11:29:44,386.8,136685,146597,52897914640,4,0,1547200
au2206,20220218,20220218,112943000,11:29:45,386.8,136690,146596,52899848640,5,-1,1934000
au2206,20220218,20220218,112943500,11:29:45,386.8,136691,146596,52900235440,1,0,386800
au2206,20220218,20220218,112944000,11:29:45,386.8,136691,146596,52900235440,0,0,0
au2206,20220218,20220218,112944500,11:29:45,386.8,136694,146596,52901395840,3,0,1160400
au2206,20220218,20220218,112945000,11:29:46,386.8,136694,146596,52901395840,0,0,0
au2206,20220218,20220218,112945500,11:29:46,386.8,136697,146595,52902556240,3,-1,1160400
au2206,20220218,20220218,112946000,11:29:46,386.78,136703,146592,52904876980,6,-3,2320740
au2206,20220218,20220218,112946500,11:29:47,386.82,136707,146595,52906424240,4,3,1547260
au2206,20220218,20220218,112947000,11:29:47,386.78,136708,146594,52906811020,1,-1,386780
au2206,20220218,20220218,112947500,11:29:48,386.78,136708,146594,52906811020,0,0,0
au2206,20220218,20220218,112948000,11:29:48,386.8,136709,146594,52907197820,1,0,386800
au2206,20220218,20220218,112948500,11:29:49,386.82,136712,146597,52908358280,3,3,1160460
au2206,20220218,20220218,112949000,11:29:50,386.82,136713,146597,52908745100,1,0,386820
au2206,20220218,20220218,112949500,11:29:50,386.8,136722,146601,52912226380,9,4,3481280
au2206,20220218,20220218,112950000,11:29:51,386.78,136728,146599,52914547080,6,-2,2320700
au2206,20220218,20220218,112950500,11:29:51,386.78,136730,146600,52915320660,2,1,773580
au2206,20220218,20220218,112951500,11:29:52,386.8,136734,146604,52916867860,4,4,1547200
au2206,20220218,20220218,112952000,11:29:52,386.8,136736,146604,52917641460,2,0,773600
au2206,20220218,20220218,112952500,11:29:53,386.8,136740,146608,52919188660,4,4,1547200
au2206,20220218,20220218,112953000,11:29:53,386.8,136744,146608,52920735840,4,0,1547180
au2206,20220218,20220218,112954000,11:29:54,386.78,136747,146605,52921896180,3,-3,1160340
au2206,20220218,20220218,112954500,11:29:54,386.8,136750,146608,52923056580,3,3,1160400
au2206,20220218,20220218,112955500,11:29:55,386.8,136750,146608,52923056580,0,0,0
au2206,20220218,20220218,112956000,11:29:56,386.8,136752,146609,52923830180,2,1,773600
au2206,20220218,20220218,112956500,11:30:00,386.8,136763,146617,52928084920,11,8,4254740
au2206,20220218,20220218,112957000,11:30:00,386.8,136763,146617,52928084920,0,0,0
au2206,20220218,20220218,112957500,11:30:02,386.8,136763,146617,52928084920,0,0,0
au2206,20220218,20220218,112959500,11:30:02,386.8,136763,146617,52928084920,0,0,0
au2206,20220218,20220218,113000000,11:30:03,386.8,136763,146617,52928084920,0,0,0
au2206,20220218,20220218,113000500,11:30:03,386.8,136763,146617,52928084920,0,0,0
au2206,20220218,20220218,113001500,11:30:03,386.8,136763,146617,52928084920,0,0,0
au2206,20220218,20220218,133002000,13:30:08,386.76,136865,146702,52967524880,102,85,39439960
au2206,20220218,20220218,133002500,13:30:09,386.62,136874,146702,52971005120,9,0,3480240
au2206,20220218,20220218,133008500,13:30:10,386.62,136976,146697,53010443140,102,-5,39438020
au2206,20220218,20220218,133009500,13:30:10,386.62,137006,146691,53022041180,30,-6,11598040
au2206,20220218,20220218,133010000,13:30:11,386.62,137017,146682,53026293900,11,-9,4252720
au2206,20220218,20220218,133010500,13:30:11,386.62,137031,146684,53031706560,14,2,5412660
au2206,20220218,20220218,133011000,13:30:12,386.62,137032,146684,53032093180,1,0,386620
au2206,20220218,20220218,133011500,13:30:13,386.62,137032,146684,53032093180,0,0,0
au2206,20220218,20220218,133012500,13:30:13,386.6,137042,146684,53035959300,10,0,3866120
au2206,20220218,20220218,133013000,13:30:13,386.6,137042,146684,53035959300,0,0,0
au2206,20220218,20220218,133013500,13:30:14,386.6,137055,146684,53040984840,13,0,5025540
au2206,20220218,20220218,133014000,13:30:15,386.58,137057,146684,53041758000,2,0,773160
au2206,20220218,20220218,133014500,13:30:16,386.6,137058,146685,53042144600,1,1,386600
au2206,20220218,20220218,133015000,13:30:17,386.6,137058,146685,53042144600,0,0,0
au2206,20220218,20220218,133016000,13:30:18,386.62,137066,146692,53045237400,8,7,3092800
au2206,20220218,20220218,133017000,13:30:18,386.62,137067,146692,53045624020,1,0,386620
au2206,20220218,20220218,133017500,13:30:18,386.6,137068,146692,53046010620,1,0,386600
au2206,20220218,20220218,133018000,13:30:19,386.62,137071,146695,53047170480,3,3,1159860
au2206,20220218,20220218,133018500,13:30:20,386.62,137075,146693,53048716960,4,-2,1546480
au2206,20220218,20220218,133019000,13:30:20,386.6,137076,146693,53049103560,1,0,386600
au2206,20220218,20220218,133019500,13:30:20,386.6,137076,146693,53049103560,0,0,0
au2206,20220218,20220218,133020000,13:30:21,386.62,137080,146692,53050650040,4,-1,1546480
au2206,20220218,20220218,133021000,13:30:21,386.64,137083,146692,53051809960,3,0,1159920
au2206,20220218,20220218,133021500,13:30:22,386.66,137085,146693,53052583280,2,1,773320
au2206,20220218,20220218,133022000,13:30:22,386.64,137087,146691,53053356560,2,-2,773280
au2206,20220218,20220218,133022500,13:30:38,386.66,137090,146691,53054516520,3,0,1159960
au2206,20220218,20220218,133023000,13:30:38,386.66,137090,146691,53054516520,0,0,0
au2206,20220218,20220218,133038000,13:30:40,386.66,137090,146691,53054516520,0,0,0
au2206,20220218,20220218,133038500,13:30:41,386.66,137090,146691,53054516520,0,0,0
au2206,20220218,20220218,133040500,13:30:42,386.66,137090,146691,53054516520,0,0,0
au2206,20220218,20220218,133041000,13:30:43,386.66,137177,146706,53088156580,87,15,33640060
au2206,20220218,20220218,133041500,13:30:43,386.66,137178,146706,53088543240,1,0,386660
au2206,20220218,20220218,133042500,13:30:44,386.66,137188,146703,53092409800,10,-3,3866560
au2206,20220218,20220218,133043000,13:30:44,386.66,137189,146703,53092796460,1,0,386660
au2206,20220218,20220218,133043500,13:30:44,386.66,137189,146703,53092796460,0,0,0
au2206,20220218,20220218,133044500,13:30:46,386.66,137189,146703,53092796460,0,0,0
au2206,20220218,20220218,133045000,13:30:46,386.66,137189,146703,53092796460,0,0,0
au2206,20220218,20220218,133045500,13:30:46,386.66,137189,146703,53092796460,0,0,0
au2206,20220218,20220218,133046000,13:30:47,386.66,137189,146703,53092796460,0,0,0
au2206,20220218,20220218,133046500,13:30:47,386.68,137190,146703,53093183140,1,0,386680
au2206,20220218,20220218,133047000,13:30:47,386.68,137190,146703,53093183140,0,0,0
au2206,20220218,20220218,133047500,13:30:48,386.68,137191,146703,53093569820,1,0,386680
au2206,20220218,20220218,133048000,13:30:48,386.68,137191,146703,53093569820,0,0,0
au2206,20220218,20220218,133048500,13:30:49,386.68,137191,146703,53093569820,0,0,0
au2206,20220218,20220218,133049000,13:30:49,386.68,137192,146702,53093956500,1,-1,386680
au2206,20220218,20220218,133049500,13:30:50,386.68,137192,146702,53093956500,0,0,0
au2206,20220218,20220218,133050000,13:30:50,386.68,137193,146702,53094343180,1,0,386680
au2206,20220218,20220218,133052500,13:30:53,386.68,137193,146702,53094343180,0,0,0
au2206,20220218,20220218,133053000,13:30:54,386.66,137194,146702,53094729840,1,0,386660
au2206,20220218,20220218,133053500,13:30:54,386.68,137195,146703,53095116520,1,1,386680
au2206,20220218,20220218,133054000,13:30:54,386.68,137195,146703,53095116520,0,0,0
au2206,20220218,20220218,133056000,13:30:57,386.68,137196,146704,53095503200,1,1,386680
au2206,20220218,20220218,133056500,13:30:57,386.68,137198,146704,53096276560,2,0,773360
au2206,20220218,20220218,133057000,13:30:57,386.66,137202,146707,53097823200,4,3,1546640
au2206,20220218,20220218,133057500,13:30:58,386.66,137202,146707,53097823200,0,0,0
au2206,20220218,20220218,133058000,13:30:58,386.66,137202,146707,53097823200,0,0,0
au2206,20220218,20220218,133058500,13:30:59,386.66,137202,146707,53097823200,0,0,0
au2206,20220218,20220218,133059000,13:30:59,386.68,137203,146708,53098209880,1,1,386680
au2206,20220218,20220218,133059500,13:30:59,386.68,137204,146708,53098596560,1,0,386680
au2206,20220218,20220218,133100000,13:31:00,386.66,137206,146710,53099369880,2,2,773320
au2206,20220218,20220218,133100500,13:31:00,386.66,137206,146710,53099369880,0,0,0
au2206,20220218,20220218,133101000,13:31:01,386.7,137207,146709,53099756580,1,-1,386700
au2206,20220218,20220218,133101500,13:31:01,386.68,137208,146709,53100143260,1,0,386680
au2206,20220218,20220218,133102000,13:31:02,386.68,137208,146709,53100143260,0,0,0
au2206,20220218,20220218,133102500,13:31:02,386.68,137208,146709,53100143260,0,0,0
au2206,20220218,20220218,133103000,13:31:03,386.68,137209,146709,53100529940,1,0,386680
au2206,20220218,20220218,133103500,13:31:04,386.68,137209,146709,53100529940,0,0,0
au2206,20220218,20220218,133104000,13:31:06,386.68,137209,146709,53100529940,0,0,0
au2206,20220218,20220218,133104500,13:31:06,386.66,137211,146709,53101303260,2,0,773320
au2206,20220218,20220218,133105500,13:31:07,386.66,137211,146709,53101303260,0,0,0
au2206,20220218,20220218,133106000,13:31:08,386.68,137212,146709,53101689940,1,0,386680
au2206,20220218,20220218,133107000,13:31:08,386.68,137212,146709,53101689940,0,0,0
au2206,20220218,20220218,133108500,13:31:09,386.68,137221,146712,53105170060,9,3,3480120
au2206,20220218,20220218,133110000,13:31:11,386.68,137221,146712,53105170060,0,0,0
au2206,20220218,20220218,133110500,13:31:11,386.68,137221,146712,53105170060,0,0,0
au2206,20220218,20220218,133111000,13:31:11,386.68,137221,146712,53105170060,0,0,0
au2206,20220218,20220218,133111500,13:31:12,386.7,137226,146713,53107103560,5,1,1933500
au2206,20220218,20220218,133112000,13:31:12,386.7,137226,146713,53107103560,0,0,0
au2206,20220218,20220218,133112500,13:31:13,386.68,137231,146713,53109036960,5,0,1933400
au2206,20220218,20220218,133113000,13:31:13,386.68,137231,146713,53109036960,0,0,0
au2206,20220218,20220218,133113500,13:31:14,386.68,137231,146713,53109036960,0,0,0
au2206,20220218,20220218,133115500,13:31:15,386.7,137232,146714,53109423660,1,1,386700
au2206,20220218,20220218,133116000,13:31:16,386.7,137241,146714,53112903960,9,0,3480300
au2206,20220218,20220218,133116500,13:31:17,386.7,137241,146714,53112903960,0,0,0
au2206,20220218,20220218,133117000,13:31:17,386.7,137241,146714,53112903960,0,0,0
au2206,20220218,20220218,133117500,13:31:18,386.7,137241,146714,53112903960,0,0,0
au2206,20220218,20220218,133119500,13:31:20,386.7,137241,146714,53112903960,0,0,0
au2206,20220218,20220218,133120500,13:31:21,386.7,137243,146712,53113677360,2,-2,773400
au2206,20220218,20220218,133121000,13:31:21,386.7,137255,146713,53118317760,12,1,4640400
au2206,20220218,20220218,133121500,13:31:21,386.7,137255,146713,53118317760,0,0,0
au2206,20220218,20220218,133122000,13:31:22,386.7,137255,146713,53118317760,0,0,0
au2206,20220218,20220218,133122500,13:31:23,386.7,137257,146713,53119091160,2,0,773400
au2206,20220218,20220218,133123000,13:31:25,386.7,137260,146715,53120251260,3,2,1160100
au2206,20220218,20220218,133123500,13:31:25,386.7,137260,146715,53120251260,0,0,0
au2206,20220218,20220218,133124500,13:31:25,386.7,137260,146715,53120251260,0,0,0
au2206,20220218,20220218,133155500,13:31:55,386.7,137261,146716,53120637960,1,1,386700
au2206,20220218,20220218,133158000,13:31:58,386.7,137261,146716,53120637960,0,0,0
au2206,20220218,20220218,133158500,13:31:58,386.72,137269,146724,53123731720,8,8,3093760
au2206,20220218,20220218,133159000,13:31:59,386.72,137269,146724,53123731720,0,0,0
au2206,20220218,20220218,133159500,13:32:00,386.72,137269,146724,53123731720,0,0,0
au2206,20220218,20220218,133200000,13:32:00,386.74,137355,146738,53156990300,86,14,33258580
au2206,20220218,20220218,133200500,13:32:01,386.72,137358,146738,53158150460,3,0,1160160
au2206,20220218,20220218,133201000,13:32:01,386.7,137364,146738,53160470700,6,0,2320240
au2206,20220218,20220218,133202000,13:32:03,386.7,137365,146737,53160857400,1,-1,386700
au2206,20220218,20220218,133202500,13:32:03,386.7,137368,146736,53162017500,3,-1,1160100
au2206,20220218,20220218,133203000,13:32:04,386.7,137369,146736,53162404200,1,0,386700
au2206,20220218,20220218,133203500,13:32:05,386.7,137369,146736,53162404200,0,0,0
au2206,20220218,20220218,133204000,13:32:05,386.7,137369,146736,53162404200,0,0,0
au2206,20220218,20220218,133205000,13:32:06,386.7,137371,146735,53163177600,2,-1,773400
au2206,20220218,20220218,133205500,13:32:06,386.68,137374,146735,53164337640,3,0,1160040
au2206,20220218,20220218,133206000,13:32:06,386.68,137374,146735,53164337640,0,0,0
au2206,20220218,20220218,133206500,13:32:07,386.68,137374,146735,53164337640,0,0,0
au2206,20220218,20220218,133207000,13:32:07,386.68,137374,146735,53164337640,0,0,0
au2206,20220218,20220218,133208000,13:32:09,386.68,137374,146735,53164337640,0,0,0
au2206,20220218,20220218,133208500,13:32:10,386.7,137375,146735,53164724340,1,0,386700
au2206,20220218,20220218,133209500,13:32:10,386.7,137375,146735,53164724340,0,0,0
au2206,20220218,20220218,133210000,13:32:10,386.7,137375,146735,53164724340,0,0,0
au2206,20220218,20220218,133210500,13:32:13,386.7,137375,146735,53164724340,0,0,0
au2206,20220218,20220218,133211000,13:32:14,386.7,137377,146735,53165497740,2,0,773400
au2206,20220218,20220218,133213000,13:32:15,386.7,137378,146734,53165884440,1,-1,386700
au2206,20220218,20220218,133213500,13:32:15,386.7,137378,146734,53165884440,0,0,0
au2206,20220218,20220218,133214000,13:32:15,386.7,137378,146734,53165884440,0,0,0
au2206,20220218,20220218,133214500,13:32:16,386.7,137380,146734,53166657820,2,0,773380
au2206,20220218,20220218,133215000,13:32:16,386.7,137380,146734,53166657820,0,0,0
au2206,20220218,20220218,133215500,13:32:16,386.7,137380,146734,53166657820,0,0,0
au2206,20220218,20220218,133216000,13:32:17,386.68,137382,146734,53167431180,2,0,773360
au2206,20220218,20220218,133216500,13:32:17,386.7,137388,146731,53169751340,6,-3,2320160
au2206,20220218,20220218,133217000,13:32:17,386.68,137389,146731,53170138020,1,0,386680
au2206,20220218,20220218,133217500,13:32:18,386.68,137389,146731,53170138020,0,0,0
au2206,20220218,20220218,133218000,13:32:18,386.68,137389,146731,53170138020,0,0,0
au2206,20220218,20220218,133219000,13:32:19,386.68,137389,146731,53170138020,0,0,0
au2206,20220218,20220218,133219500,13:32:20,386.68,137389,146731,53170138020,0,0,0
au2206,20220218,20220218,133220000,13:32:20,386.68,137389,146731,53170138020,0,0,0
au2206,20220218,20220218,133222000,13:32:22,386.68,137390,146731,53170524700,1,0,386680
au2206,20220218,20220218,133224000,13:32:24,386.68,137392,146730,53171298080,2,-1,773380
au2206,20220218,20220218,133225000,13:32:25,386.68,137392,146730,53171298080,0,0,0
au2206,20220218,20220218,133225500,13:32:25,386.68,137392,146730,53171298080,0,0,0
au2206,20220218,20220218,133226000,13:32:27,386.68,137393,146730,53171684760,1,0,386680
au2206,20220218,20220218,133226500,13:32:27,386.68,137394,146730,53172071440,1,0,386680
au2206,20220218,20220218,133227000,13:32:27,386.68,137394,146730,53172071440,0,0,0
au2206,20220218,20220218,133228500,13:32:32,386.7,137395,146730,53172458140,1,0,386700
au2206,20220218,20220218,133229000,13:32:33,386.7,137396,146730,53172844840,1,0,386700
au2206,20220218,20220218,133231000,13:32:35,386.72,137423,146733,53183285780,27,3,10440940
au2206,20220218,20220218,133232500,13:32:35,386.72,137423,146733,53183285780,0,0,0
au2206,20220218,20220218,133234000,13:32:35,386.72,137427,146734,53184832660,4,1,1546880
au2206,20220218,20220218,133235500,13:32:36,386.72,137427,146734,53184832660,0,0,0
au2206,20220218,20220218,133238000,13:32:38,386.7,137433,146739,53187152860,6,5,2320200
au2206,20220218,20220218,133238500,13:32:39,386.7,137440,146742,53189859840,7,3,2706980
au2206,20220218,20220218,133239000,13:32:39,386.7,137440,146742,53189859840,0,0,0
au2206,20220218,20220218,133239500,13:32:40,386.72,137441,146742,53190246560,1,0,386720
au2206,20220218,20220218,133240000,13:32:40,386.72,137441,146742,53190246560,0,0,0
au2206,20220218,20220218,133241000,13:32:41,386.7,137442,146742,53190633260,1,0,386700
au2206,20220218,20220218,133242000,13:32:42,386.7,137442,146742,53190633260,0,0,0
au2206,20220218,20220218,133242500,13:32:42,386.72,137444,146742,53191406700,2,0,773440
au2206,20220218,20220218,133243000,13:32:43,386.72,137446,146742,53192180140,2,0,773440
au2206,20220218,20220218,133243500,13:32:43,386.72,137447,146741,53192566860,1,-1,386720
au2206,20220218,20220218,133244500,13:32:45,386.72,137447,146741,53192566860,0,0,0
au2206,20220218,20220218,133247000,13:32:47,386.72,137447,146741,53192566860,0,0,0
au2206,20220218,20220218,133247500,13:32:48,386.72,137447,146741,53192566860,0,0,0
au2206,20220218,20220218,133248000,13:32:48,386.72,137449,146741,53193340300,2,0,773440
au2206,20220218,20220218,133248500,13:32:49,386.72,137449,146741,53193340300,0,0,0
au2206,20220218,20220218,133249000,13:32:49,386.74,137450,146741,53193727040,1,0,386740
au2206,20220218,20220218,133250500,13:32:52,386.72,137458,146736,53196820800,8,-5,3093760
au2206,20220218,20220218,133251000,13:32:52,386.72,137459,146736,53197207520,1,0,386720
au2206,20220218,20220218,133252500,13:32:53,386.72,137461,146736,53197980960,2,0,773440
au2206,20220218,20220218,133253000,13:32:53,386.72,137462,146736,53198367680,1,0,386720
au2206,20220218,20220218,133253500,13:32:54,386.74,137466,146732,53199914640,4,-4,1546960
au2206,20220218,20220218,133254000,13:32:54,386.72,137470,146728,53201461520,4,-4,1546880
au2206,20220218,20220218,133254500,13:32:54,386.72,137474,146728,53203008400,4,0,1546880
au2206,20220218,20220218,133255000,13:32:55,386.72,137476,146729,53203781840,2,1,773440
au2206,20220218,20220218,133256000,13:32:56,386.72,137476,146729,53203781840,0,0,0
au2206,20220218,20220218,133256500,13:32:56,386.7,137477,146729,53204168540,1,0,386700
au2206,20220218,20220218,133257000,13:32:59,386.7,137477,146729,53204168540,0,0,0
au2206,20220218,20220218,133258000,13:33:00,386.7,137477,146729,53204168540,0,0,0
au2206,20220218,20220218,133258500,13:33:00,386.7,137477,146729,53204168540,0,0,0
au2206,20220218,20220218,133259500,13:33:01,386.72,137478,146730,53204555260,1,1,386720
au2206,20220218,20220218,133300000,13:33:01,386.72,137478,146730,53204555260,0,0,0
au2206,20220218,20220218,133301500,13:33:02,386.72,137480,146730,53205328680,2,0,773420
au2206,20220218,20220218,133302000,13:33:02,386.72,137480,146730,53205328680,0,0,0
au2206,20220218,20220218,133303500,13:33:04,386.7,137484,146733,53206875500,4,3,1546820
au2206,20220218,20220218,133304000,13:33:04,386.72,137485,146733,53207262220,1,0,386720
au2206,20220218,20220218,133304500,13:33:05,386.72,137485,146733,53207262220,0,0,0
au2206,20220218,20220218,133305000,13:33:05,386.72,137486,146733,53207648940,1,0,386720
au2206,20220218,20220218,133305500,13:33:05,386.72,137486,146733,53207648940,0,0,0
au2206,20220218,20220218,133306500,13:33:06,386.72,137488,146733,53208422380,2,0,773440
au2206,20220218,20220218,133307000,13:33:07,386.7,137489,146734,53208809080,1,1,386700
au2206,20220218,20220218,133307500,13:33:08,386.7,137489,146734,53208809080,0,0,0
au2206,20220218,20220218,133308500,13:33:09,386.72,137490,146734,53209195800,1,0,386720
au2206,20220218,20220218,133310500,13:33:12,386.72,137490,146734,53209195800,0,0,0
au2206,20220218,20220218,133312500,13:33:14,386.72,137490,146734,53209195800,0,0,0
au2206,20220218,20220218,133313500,13:33:15,386.72,137490,146734,53209195800,0,0,0
au2206,20220218,20220218,133314000,13:33:15,386.72,137490,146734,53209195800,0,0,0
au2206,20220218,20220218,133314500,13:33:17,386.72,137490,146734,53209195800,0,0,0
au2206,20220218,20220218,133315500,13:33:18,386.72,137500,146736,53213062960,10,2,3867160
au2206,20220218,20220218,133317000,13:33:18,386.74,137501,146736,53213449700,1,0,386740
au2206,20220218,20220218,133317500,13:33:19,386.74,137504,146736,53214609920,3,0,1160220
au2206,20220218,20220218,133318000,13:33:19,386.74,137506,146736,53215383400,2,0,773480
au2206,20220218,20220218,133318500,13:33:19,386.74,137508,146736,53216156880,2,0,773480
au2206,20220218,20220218,133319000,13:33:20,386.74,137508,146736,53216156880,0,0,0
au2206,20220218,20220218,133320000,13:33:21,386.74,137508,146736,53216156880,0,0,0
au2206,20220218,20220218,133320500,13:33:21,386.74,137509,146737,53216543620,1,1,386740
au2206,20220218,20220218,133321000,13:33:22,386.74,137509,146737,53216543620,0,0,0
au2206,20220218,20220218,133321500,13:33:22,386.76,137511,146738,53217317140,2,1,773520
au2206,20220218,20220218,133322000,13:33:22,386.76,137511,146738,53217317140,0,0,0
au2206,20220218,20220218,133322500,13:33:22,386.76,137511,146738,53217317140,0,0,0
au2206,20220218,20220218,133323000,13:33:23,386.76,137511,146738,53217317140,0,0,0
au2206,20220218,20220218,133323500,13:33:24,386.78,137522,146743,53221571620,11,5,4254480
au2206,20220218,20220218,133324000,13:33:24,386.78,137522,146743,53221571620,0,0,0
au2206,20220218,20220218,133325500,13:33:26,386.78,137522,146743,53221571620,0,0,0
au2206,20220218,20220218,133326000,13:33:27,386.78,137522,146743,53221571620,0,0,0
au2206,20220218,20220218,133326500,13:33:29,386.78,137530,146747,53224665780,8,4,3094160
au2206,20220218,20220218,133327500,13:33:29,386.78,137532,146748,53225439300,2,1,773520
au2206,20220218,20220218,133328500,13:33:30,386.78,137532,146748,53225439300,0,0,0
au2206,20220218,20220218,133329000,13:33:30,386.78,137532,146748,53225439300,0,0,0
au2206,20220218,20220218,133329500,13:33:30,386.78,137532,146748,53225439300,0,0,0
au2206,20220218,20220218,133330500,13:33:31,386.78,137534,146749,53226212860,2,1,773560
au2206,20220218,20220218,133331500,13:33:32,386.78,137534,146749,53226212860,0,0,0
au2206,20220218,20220218,133332000,13:33:32,386.78,137534,146749,53226212860,0,0,0
au2206,20220218,20220218,133332500,13:33:33,386.78,137536,146750,53226986400,2,1,773540
au2206,20220218,20220218,133333500,13:33:33,386.78,137536,146750,53226986400,0,0,0
au2206,20220218,20220218,133334000,13:33:34,386.78,137536,146750,53226986400,0,0,0
au2206,20220218,20220218,133335000,13:33:35,386.78,137536,146750,53226986400,0,0,0
au2206,20220218,20220218,133335500,13:33:35,386.78,137536,146750,53226986400,0,0,0
au2206,20220218,20220218,133336000,13:33:36,386.78,137536,146750,53226986400,0,0,0
au2206,20220218,20220218,133337000,13:33:37,386.78,137536,146750,53226986400,0,0,0
au2206,20220218,20220218,133338000,13:33:38,386.78,137536,146750,53226986400,0,0,0
au2206,20220218,20220218,133338500,13:33:39,386.78,137536,146750,53226986400,0,0,0
au2206,20220218,20220218,133339500,13:33:40,386.78,137536,146750,53226986400,0,0,0
au2206,20220218,20220218,133340500,13:33:41,386.78,137536,146750,53226986400,0,0,0
au2206,20220218,20220218,133341000,13:33:41,386.78,137536,146750,53226986400,0,0,0
au2206,20220218,20220218,133341500,13:33:42,386.78,137536,146750,53226986400,0,0,0
au2206,20220218,20220218,133342000,13:33:42,386.78,137536,146750,53226986400,0,0,0
au2206,20220218,20220218,133342500,13:33:42,386.78,137536,146750,53226986400,0,0,0
au2206,20220218,20220218,133343000,13:33:43,386.76,137538,146750,53227759920,2,0,773520
au2206,20220218,20220218,133343500,13:33:44,386.76,137538,146750,53227759920,0,0,0
au2206,20220218,20220218,133344000,13:33:44,386.76,137539,146749,53228146680,1,-1,386760
au2206,20220218,20220218,133344500,13:33:45,386.76,137540,146748,53228533440,1,-1,386760
au2206,20220218,20220218,133345000,13:33:45,386.76,137540,146748,53228533440,0,0,0
au2206,20220218,20220218,133345500,13:33:46,386.76,137540,146748,53228533440,0,0,0
au2206,20220218,20220218,133346000,13:33:47,386.76,137540,146748,53228533440,0,0,0
au2206,20220218,20220218,133346500,13:33:48,386.76,137540,146748,53228533440,0,0,0
au2206,20220218,20220218,133347500,13:33:49,386.78,137545,146753,53230467340,5,5,1933900
au2206,20220218,20220218,133348000,13:33:49,386.78,137545,146753,53230467340,0,0,0
au2206,20220218,20220218,133348500,13:33:49,386.76,137546,146753,53230854100,1,0,386760
au2206,20220218,20220218,133349500,13:33:50,386.76,137546,146753,53230854100,0,0,0
au2206,20220218,20220218,133350000,13:33:50,386.76,137547,146754,53231240860,1,1,386760
au2206,20220218,20220218,133351500,13:33:52,386.74,137562,146753,53237041960,15,-1,5801100
au2206,20220218,20220218,133352000,13:33:52,386.74,137564,146751,53237815440,2,-2,773480
au2206,20220218,20220218,133352500,13:33:52,386.74,137564,146751,53237815440,0,0,0
au2206,20220218,20220218,133355500,13:33:56,386.74,137564,146751,53237815440,0,0,0
au2206,20220218,20220218,133356000,13:33:56,386.74,137565,146750,53238202180,1,-1,386740
au2206,20220218,20220218,133358500,13:33:58,386.74,137565,146750,53238202180,0,0,0
au2206,20220218,20220218,133359000,13:33:59,386.74,137565,146750,53238202180,0,0,0
au2206,20220218,20220218,133359500,13:33:59,386.74,137566,146750,53238588920,1,0,386740
au2206,20220218,20220218,133400000,13:34:00,386.74,137567,146750,53238975660,1,0,386740
au2206,20220218,20220218,133400500,13:34:00,386.74,137567,146750,53238975660,0,0,0
au2206,20220218,20220218,133401500,13:34:02,386.74,137567,146750,53238975660,0,0,0
au2206,20220218,20220218,133402000,13:34:02,386.74,137567,146750,53238975660,0,0,0
au2206,20220218,20220218,133409000,13:34:12,386.74,137567,146750,53238975660,0,0,0
au2206,20220218,20220218,133415000,13:34:15,386.74,137567,146750,53238975660,0,0,0
au2206,20220218,20220218,133415500,13:34:16,386.74,137567,146750,53238975660,0,0,0
au2206,20220218,20220218,133416000,13:34:16,386.74,137567,146750,53238975660,0,0,0
au2206,20220218,20220218,133418000,13:34:18,386.76,137581,146749,53244390080,14,-1,5414420
au2206,20220218,20220218,133418500,13:34:18,386.76,137581,146749,53244390080,0,0,0
au2206,20220218,20220218,133419000,13:34:19,386.76,137581,146749,53244390080,0,0,0
au2206,20220218,20220218,133421000,13:34:23,386.76,137581,146749,53244390080,0,0,0
au2206,20220218,20220218,133421500,13:34:23,386.78,137582,146750,53244776860,1,1,386780
au2206,20220218,20220218,133422500,13:34:24,386.78,137582,146750,53244776860,0,0,0
au2206,20220218,20220218,133425000,13:34:25,386.78,137594,146748,53249418220,12,-2,4641360
au2206,20220218,20220218,133425500,13:34:25,386.78,137595,146748,53249805000,1,0,386780
au2206,20220218,20220218,133426000,13:34:26,386.78,137596,146748,53250191780,1,0,386780
au2206,20220218,20220218,133426500,13:34:26,386.78,137596,146748,53250191780,0,0,0
au2206,20220218,20220218,133427000,13:34:27,386.78,137596,146748,53250191780,0,0,0
au2206,20220218,20220218,133427500,13:34:27,386.78,137596,146748,53250191780,0,0,0
au2206,20220218,20220218,133428000,13:34:28,386.78,137596,146748,53250191780,0,0,0
au2206,20220218,20220218,133428500,13:34:28,386.8,137599,146751,53251352180,3,3,1160400
au2206,20220218,20220218,133429000,13:34:29,386.8,137606,146751,53254059780,7,0,2707600
au2206,20220218,20220218,133430500,13:34:30,386.8,137607,146751,53254446580,1,0,386800
au2206,20220218,20220218,133431000,13:34:31,386.8,137607,146751,53254446580,0,0,0
au2206,20220218,20220218,133431500,13:34:31,386.8,137607,146751,53254446580,0,0,0
au2206,20220218,20220218,133433000,13:34:33,386.78,137608,146752,53254833360,1,1,386780
au2206,20220218,20220218,133433500,13:34:34,386.8,137609,146752,53255220160,1,0,386800
au2206,20220218,20220218,133434000,13:34:34,386.8,137609,146752,53255220160,0,0,0
au2206,20220218,20220218,133434500,13:34:35,386.78,137624,146753,53261021880,15,1,5801720
au2206,20220218,20220218,133435000,13:34:35,386.78,137628,146753,53262569000,4,0,1547120
au2206,20220218,20220218,133436500,13:34:36,386.78,137628,146753,53262569000,0,0,0
au2206,20220218,20220218,133437000,13:34:37,386.78,137628,146753,53262569000,0,0,0
au2206,20220218,20220218,133438000,13:34:38,386.78,137628,146753,53262569000,0,0,0
au2206,20220218,20220218,133439000,13:34:39,386.78,137628,146753,53262569000,0,0,0
au2206,20220218,20220218,133439500,13:34:39,386.78,137628,146753,53262569000,0,0,0
au2206,20220218,20220218,133441500,13:34:41,386.78,137629,146753,53262955780,1,0,386780
au2206,20220218,20220218,133442000,13:34:43,386.78,137634,146753,53264889680,5,0,1933900
au2206,20220218,20220218,133442500,13:34:44,386.78,137635,146753,53265276460,1,0,386780
au2206,20220218,20220218,133443000,13:34:45,386.78,137635,146753,53265276460,0,0,0
au2206,20220218,20220218,133443500,13:34:45,386.78,137637,146755,53266050020,2,2,773560
au2206,20220218,20220218,133445000,13:34:46,386.78,137637,146755,53266050020,0,0,0
au2206,20220218,20220218,133445500,13:34:46,386.8,137666,146776,53277267220,29,21,11217200
au2206,20220218,20220218,133446000,13:34:46,386.8,137667,146777,53277654020,1,1,386800
au2206,20220218,20220218,133446500,13:34:47,386.8,137668,146778,53278040820,1,1,386800
au2206,20220218,20220218,133447000,13:34:47,386.8,137670,146779,53278814420,2,1,773600
au2206,20220218,20220218,133447500,13:34:47,386.8,137670,146779,53278814420,0,0,0
au2206,20220218,20220218,133448000,13:34:48,386.8,137672,146779,53279588020,2,0,773600
au2206,20220218,20220218,133448500,13:34:49,386.8,137672,146779,53279588020,0,0,0
au2206,20220218,20220218,133449000,13:34:49,386.8,137673,146779,53279974820,1,0,386800
au2206,20220218,20220218,133450000,13:34:50,386.8,137674,146779,53280361620,1,0,386800
au2206,20220218,20220218,133450500,13:34:51,386.8,137674,146779,53280361620,0,0,0
au2206,20220218,20220218,133453000,13:34:53,386.78,137675,146779,53280748400,1,0,386780
au2206,20220218,20220218,133453500,13:34:55,386.78,137675,146779,53280748400,0,0,0
au2206,20220218,20220218,133454500,13:34:56,386.78,137675,146779,53280748400,0,0,0
au2206,20220218,20220218,133455500,13:34:56,386.82,137678,146782,53281908860,3,3,1160460
au2206,20220218,20220218,133456000,13:34:56,386.82,137678,146782,53281908860,0,0,0
au2206,20220218,20220218,133456500,13:34:57,386.82,137678,146782,53281908860,0,0,0
au2206,20220218,20220218,133458000,13:34:58,386.82,137678,146782,53281908860,0,0,0
au2206,20220218,20220218,133458500,13:34:59,386.82,137678,146782,53281908860,0,0,0
au2206,20220218,20220218,133500500,13:35:00,386.82,137678,146782,53281908860,0,0,0
au2206,20220218,20220218,133501000,13:35:04,386.78,137682,146782,53283456020,4,0,1547160
au2206,20220218,20220218,133501500,13:35:04,386.8,137683,146782,53283842820,1,0,386800
au2206,20220218,20220218,133502000,13:35:10,386.8,137683,146782,53283842820,0,0,0
au2206,20220218,20220218,133504500,13:35:10,386.78,137694,146783,53288097460,11,1,4254640
au2206,20220218,20220218,133505000,13:35:10,386.78,137694,146783,53288097460,0,0,0
au2206,20220218,20220218,133509500,13:35:10,386.78,137694,146783,53288097460,0,0,0
au2206,20220218,20220218,133511000,13:35:11,386.78,137699,146783,53290031340,5,0,1933880
au2206,20220218,20220218,133511500,13:35:12,386.8,137701,146782,53290804940,2,-1,773600
au2206,20220218,20220218,133512000,13:35:12,386.8,137702,146782,53291191740,1,0,386800
au2206,20220218,20220218,133513000,13:35:13,386.8,137702,146782,53291191740,0,0,0
au2206,20220218,20220218,133513500,13:35:13,386.8,137702,146782,53291191740,0,0,0
au2206,20220218,20220218,133514000,13:35:14,386.8,137704,146782,53291965340,2,0,773600
au2206,20220218,20220218,133514500,13:35:14,386.78,137705,146782,53292352120,1,0,386780
au2206,20220218,20220218,133516000,13:35:16,386.78,137706,146782,53292738900,1,0,386780
au2206,20220218,20220218,133516500,13:35:16,386.78,137706,146782,53292738900,0,0,0
au2206,20220218,20220218,133519000,13:35:19,386.78,137707,146783,53293125680,1,1,386780
au2206,20220218,20220218,133519500,13:35:20,386.78,137707,146783,53293125680,0,0,0
au2206,20220218,20220218,133520000,13:35:20,386.8,137708,146783,53293512480,1,0,386800
au2206,20220218,20220218,133520500,13:35:21,386.8,137708,146783,53293512480,0,0,0
au2206,20220218,20220218,133521000,13:35:21,386.78,137709,146784,53293899260,1,1,386780
au2206,20220218,20220218,133521500,13:35:22,386.78,137709,146784,53293899260,0,0,0
au2206,20220218,20220218,133522000,13:35:22,386.78,137709,146784,53293899260,0,0,0
au2206,20220218,20220218,133522500,13:35:23,386.78,137709,146784,53293899260,0,0,0
au2206,20220218,20220218,133523000,13:35:23,386.78,137710,146783,53294286040,1,-1,386780
au2206,20220218,20220218,133523500,13:35:23,386.78,137712,146783,53295059620,2,0,773580
au2206,20220218,20220218,133524000,13:35:24,386.76,137713,146783,53295446380,1,0,386760
au2206,20220218,20220218,133524500,13:35:25,386.76,137718,146784,53297380220,5,1,1933840
au2206,20220218,20220218,133525000,13:35:25,386.8,137720,146783,53298153820,2,-1,773600
au2206,20220218,20220218,133525500,13:35:26,386.8,137735,146794,53303955820,15,11,5802000
au2206,20220218,20220218,133526000,13:35:26,386.8,137735,146794,53303955820,0,0,0
au2206,20220218,20220218,133526500,13:35:27,386.78,137736,146795,53304342600,1,1,386780
au2206,20220218,20220218,133527000,13:35:27,386.78,137736,146795,53304342600,0,0,0
au2206,20220218,20220218,133527500,13:35:31,386.78,137736,146795,53304342600,0,0,0
au2206,20220218,20220218,133528000,13:35:31,386.78,137736,146795,53304342600,0,0,0
au2206,20220218,20220218,133528500,13:35:32,386.8,137737,146796,53304729400,1,1,386800
au2206,20220218,20220218,133531000,13:35:33,386.8,137737,146796,53304729400,0,0,0
au2206,20220218,20220218,133531500,13:35:37,386.8,137737,146796,53304729400,0,0,0
au2206,20220218,20220218,133532000,13:35:42,386.8,137737,146796,53304729400,0,0,0
au2206,20220218,20220218,133532500,13:35:42,386.8,137737,146796,53304729400,0,0,0
au2206,20220218,20220218,133540500,13:35:43,386.8,137737,146796,53304729400,0,0,0
au2206,20220218,20220218,133541000,13:35:43,386.8,137737,146796,53304729400,0,0,0
au2206,20220218,20220218,133543500,13:35:44,386.8,137737,146796,53304729400,0,0,0
au2206,20220218,20220218,133545500,13:35:46,386.8,137737,146796,53304729400,0,0,0
au2206,20220218,20220218,133546000,13:35:46,386.82,137740,146798,53305889820,3,2,1160420
au2206,20220218,20220218,133547500,13:35:48,386.82,137742,146800,53306663440,2,2,773620
au2206,20220218,20220218,133548000,13:35:48,386.82,137742,146800,53306663440,0,0,0
au2206,20220218,20220218,133548500,13:35:48,386.8,137743,146800,53307050240,1,0,386800
au2206,20220218,20220218,133550500,13:35:50,386.8,137744,146800,53307437040,1,0,386800
au2206,20220218,20220218,133551000,13:35:51,386.82,137747,146800,53308597460,3,0,1160420
au2206,20220218,20220218,133551500,13:35:51,386.82,137747,146800,53308597460,0,0,0
au2206,20220218,20220218,133552000,13:35:52,386.8,137749,146800,53309371060,2,0,773600
au2206,20220218,20220218,133552500,13:35:52,386.8,137750,146800,53309757860,1,0,386800
au2206,20220218,20220218,133553000,13:35:53,386.8,137751,146800,53310144660,1,0,386800
au2206,20220218,20220218,133553500,13:35:55,386.8,137751,146800,53310144660,0,0,0
au2206,20220218,20220218,133555000,13:35:56,386.8,137751,146800,53310144660,0,0,0
au2206,20220218,20220218,133555500,13:35:56,386.8,137751,146800,53310144660,0,0,0
au2206,20220218,20220218,133556000,13:35:56,386.8,137752,146800,53310531460,1,0,386800
au2206,20220218,20220218,133559500,13:36:03,386.82,137759,146797,53313239200,7,-3,2707740
au2206,20220218,20220218,133600000,13:36:03,386.82,137759,146797,53313239200,0,0,0
au2206,20220218,20220218,133601000,13:36:03,386.82,137759,146797,53313239200,0,0,0
au2206,20220218,20220218,133602000,13:36:03,386.82,137759,146797,53313239200,0,0,0
au2206,20220218,20220218,133602500,13:36:03,386.8,137763,146797,53314786420,4,0,1547220
au2206,20220218,20220218,133603000,13:36:05,386.8,137764,146797,53315173220,1,0,386800
au2206,20220218,20220218,133606000,13:36:07,386.8,137766,146798,53315946820,2,1,773600
au2206,20220218,20220218,133606500,13:36:07,386.8,137766,146798,53315946820,0,0,0
au2206,20220218,20220218,133609000,13:36:09,386.82,137769,146798,53317107280,3,0,1160460
au2206,20220218,20220218,133609500,13:36:10,386.82,137769,146798,53317107280,0,0,0
au2206,20220218,20220218,133610500,13:36:11,386.82,137769,146798,53317107280,0,0,0
au2206,20220218,20220218,133612000,13:36:12,386.8,137775,146797,53319428080,6,-1,2320800
au2206,20220218,20220218,133612500,13:36:12,386.8,137778,146797,53320588480,3,0,1160400
au2206,20220218,20220218,133613000,13:36:13,386.8,137787,146797,53324069680,9,0,3481200
au2206,20220218,20220218,133614000,13:36:14,386.8,137787,146797,53324069680,0,0,0
au2206,20220218,20220218,133614500,13:36:14,386.82,137788,146797,53324456500,1,0,386820
au2206,20220218,20220218,133615000,13:36:15,386.8,137793,146797,53326390500,5,0,1934000
au2206,20220218,20220218,133615500,13:36:15,386.8,137794,146796,53326777300,1,-1,386800
au2206,20220218,20220218,133616000,13:36:16,386.8,137794,146796,53326777300,0,0,0
au2206,20220218,20220218,133616500,13:36:17,386.8,137794,146796,53326777300,0,0,0
au2206,20220218,20220218,133617000,13:36:17,386.8,137794,146796,53326777300,0,0,0
au2206,20220218,20220218,133617500,13:36:19,386.8,137794,146796,53326777300,0,0,0
au2206,20220218,20220218,133620500,13:36:20,386.8,137795,146796,53327164100,1,0,386800
au2206,20220218,20220218,133621500,13:36:21,386.8,137795,146796,53327164100,0,0,0
au2206,20220218,20220218,133624000,13:36:24,386.82,137800,146794,53329098200,5,-2,1934100
au2206,20220218,20220218,133625500,13:36:25,386.82,137802,146793,53329871820,2,-1,773620
au2206,20220218,20220218,133627000,13:36:27,386.8,137805,146791,53331032220,3,-2,1160400
au2206,20220218,20220218,133627500,13:36:28,386.78,137812,146791,53333739680,7,0,2707460
au2206,20220218,20220218,133628000,13:36:28,386.78,137812,146791,53333739680,0,0,0
au2206,20220218,20220218,133628500,13:36:29,386.78,137812,146791,53333739680,0,0,0
au2206,20220218,20220218,133630000,13:36:30,386.78,137815,146789,53334900020,3,-2,1160340
au2206,20220218,20220218,133630500,13:36:31,386.78,137815,146789,53334900020,0,0,0
au2206,20220218,20220218,133631000,13:36:31,386.8,137817,146791,53335673620,2,2,773600
au2206,20220218,20220218,133631500,13:36:31,386.8,137822,146793,53337607620,5,2,1934000
au2206,20220218,20220218,133633500,13:36:33,386.8,137822,146793,53337607620,0,0,0
au2206,20220218,20220218,133635000,13:36:35,386.8,137822,146793,53337607620,0,0,0
au2206,20220218,20220218,133635500,13:36:36,386.8,137822,146793,53337607620,0,0,0
au2206,20220218,20220218,133636000,13:36:36,386.8,137824,146793,53338381220,2,0,773600
au2206,20220218,20220218,133636500,13:36:36,386.8,137824,146793,53338381220,0,0,0
au2206,20220218,20220218,133637000,13:36:38,386.8,137824,146793,53338381220,0,0,0
au2206,20220218,20220218,133637500,13:36:38,386.8,137824,146793,53338381220,0,0,0
au2206,20220218,20220218,133638000,13:36:38,386.8,137824,146793,53338381220,0,0,0
au2206,20220218,20220218,133639000,13:36:39,386.8,137826,146793,53339154820,2,0,773600
au2206,20220218,20220218,133639500,13:36:39,386.8,137829,146794,53340315220,3,1,1160400
au2206,20220218,20220218,133641500,13:36:41,386.8,137830,146794,53340702020,1,0,386800
au2206,20220218,20220218,133642500,13:36:42,386.8,137830,146794,53340702020,0,0,0
au2206,20220218,20220218,133645500,13:36:46,386.8,137831,146795,53341088820,1,1,386800
au2206,20220218,20220218,133646000,13:36:46,386.8,137832,146795,53341475620,1,0,386800
au2206,20220218,20220218,133646500,13:36:46,386.8,137833,146795,53341862420,1,0,386800
au2206,20220218,20220218,133647000,13:36:47,386.8,137833,146795,53341862420,0,0,0
au2206,20220218,20220218,133649000,13:36:49,386.8,137833,146795,53341862420,0,0,0
au2206,20220218,20220218,133650000,13:36:50,386.82,137834,146796,53342249240,1,1,386820
au2206,20220218,20220218,133650500,13:36:50,386.82,137834,146796,53342249240,0,0,0
au2206,20220218,20220218,133651000,13:36:51,386.82,137834,146796,53342249240,0,0,0
au2206,20220218,20220218,133652500,13:36:53,386.8,137835,146795,53342636040,1,-1,386800
au2206,20220218,20220218,133654000,13:36:54,386.8,137835,146795,53342636040,0,0,0
au2206,20220218,20220218,133654500,13:36:54,386.78,137839,146794,53344183220,4,-1,1547180
au2206,20220218,20220218,133655000,13:36:55,386.78,137839,146794,53344183220,0,0,0
au2206,20220218,20220218,133657000,13:36:58,386.78,137841,146795,53344956780,2,1,773560
au2206,20220218,20220218,133657500,13:36:58,386.78,137841,146795,53344956780,0,0,0
au2206,20220218,20220218,133659000,13:36:59,386.8,137842,146795,53345343580,1,0,386800
au2206,20220218,20220218,133659500,13:36:59,386.8,137844,146795,53346117180,2,0,773600
au2206,20220218,20220218,133700000,13:37:00,386.8,137848,146794,53347664380,4,-1,1547200
au2206,20220218,20220218,133701500,13:37:01,386.82,137861,146798,53352692800,13,4,5028420
au2206,20220218,20220218,133702000,13:37:02,386.78,137885,146820,53361976080,24,22,9283280
au2206,20220218,20220218,133702500,13:37:03,386.78,137885,146820,53361976080,0,0,0
au2206,20220218,20220218,133703000,13:37:03,386.78,137885,146820,53361976080,0,0,0
au2206,20220218,20220218,133703500,13:37:03,386.78,137885,146820,53361976080,0,0,0
au2206,20220218,20220218,133704000,13:37:04,386.78,137885,146820,53361976080,0,0,0
au2206,20220218,20220218,133704500,13:37:04,386.78,137885,146820,53361976080,0,0,0
au2206,20220218,20220218,133705000,13:37:05,386.78,137885,146820,53361976080,0,0,0
au2206,20220218,20220218,133705500,13:37:07,386.78,137889,146820,53363523200,4,0,1547120
au2206,20220218,20220218,133706000,13:37:08,386.8,137895,146822,53365844000,6,2,2320800
au2206,20220218,20220218,133706500,13:37:08,386.78,137897,146822,53366617560,2,0,773560
au2206,20220218,20220218,133707500,13:37:08,386.78,137897,146822,53366617560,0,0,0
au2206,20220218,20220218,133708500,13:37:08,386.8,137905,146825,53369711840,8,3,3094280
au2206,20220218,20220218,133709000,13:37:09,386.8,137908,146825,53370872240,3,0,1160400
au2206,20220218,20220218,133709500,13:37:10,386.8,137909,146825,53371259040,1,0,386800
au2206,20220218,20220218,133710000,13:37:11,386.8,137910,146825,53371645840,1,0,386800
au2206,20220218,20220218,133710500,13:37:11,386.8,137910,146825,53371645840,0,0,0
au2206,20220218,20220218,133711000,13:37:11,386.8,137910,146825,53371645840,0,0,0
au2206,20220218,20220218,133711500,13:37:13,386.8,137910,146825,53371645840,0,0,0
au2206,20220218,20220218,133712000,13:37:13,386.78,137917,146825,53374353400,7,0,2707560
au2206,20220218,20220218,133712500,13:37:13,386.8,137921,146824,53375900540,4,-1,1547140
au2206,20220218,20220218,133713000,13:37:14,386.8,137923,146824,53376674140,2,0,773600
au2206,20220218,20220218,133715500,13:37:16,386.8,137923,146824,53376674140,0,0,0
au2206,20220218,20220218,133716000,13:37:16,386.8,137923,146824,53376674140,0,0,0
au2206,20220218,20220218,133716500,13:37:16,386.8,137923,146824,53376674140,0,0,0
au2206,20220218,20220218,133717000,13:37:17,386.8,137923,146824,53376674140,0,0,0
au2206,20220218,20220218,133717500,13:37:18,386.8,137923,146824,53376674140,0,0,0
au2206,20220218,20220218,133719000,13:37:19,386.82,137924,146825,53377060960,1,1,386820
au2206,20220218,20220218,133721000,13:37:21,386.82,137930,146831,53379381880,6,6,2320920
au2206,20220218,20220218,133721500,13:37:21,386.84,137934,146830,53380929180,4,-1,1547300
au2206,20220218,20220218,133722000,13:37:22,386.84,137936,146830,53381702840,2,0,773660
au2206,20220218,20220218,133722500,13:37:22,386.84,137936,146830,53381702840,0,0,0
au2206,20220218,20220218,133723000,13:37:23,386.84,137936,146830,53381702840,0,0,0
au2206,20220218,20220218,133723500,13:37:23,386.82,137937,146830,53382089660,1,0,386820
au2206,20220218,20220218,133724000,13:37:24,386.82,137939,146830,53382863300,2,0,773640
au2206,20220218,20220218,133724500,13:37:25,386.84,137942,146830,53384023780,3,0,1160480
au2206,20220218,20220218,133725000,13:37:25,386.84,137942,146830,53384023780,0,0,0
au2206,20220218,20220218,133725500,13:37:26,386.8,137943,146830,53384410580,1,0,386800
au2206,20220218,20220218,133726000,13:37:26,386.8,137943,146830,53384410580,0,0,0
au2206,20220218,20220218,133726500,13:37:27,386.8,137943,146830,53384410580,0,0,0
au2206,20220218,20220218,133727000,13:37:27,386.8,137952,146825,53387891800,9,-5,3481220
au2206,20220218,20220218,133727500,13:37:27,386.8,137952,146825,53387891800,0,0,0
au2206,20220218,20220218,133728000,13:37:28,386.8,137952,146825,53387891800,0,0,0
au2206,20220218,20220218,133728500,13:37:28,386.8,137952,146825,53387891800,0,0,0
au2206,20220218,20220218,133729000,13:37:29,386.78,137953,146824,53388278580,1,-1,386780
au2206,20220218,20220218,133730000,13:37:30,386.78,137953,146824,53388278580,0,0,0
au2206,20220218,20220218,133730500,13:37:31,386.78,137953,146824,53388278580,0,0,0
au2206,20220218,20220218,133731000,13:37:31,386.78,137953,146824,53388278580,0,0,0
au2206,20220218,20220218,133731500,13:37:31,386.78,137953,146824,53388278580,0,0,0
au2206,20220218,20220218,133732500,13:37:33,386.78,137953,146824,53388278580,0,0,0
au2206,20220218,20220218,133733000,13:37:33,386.78,137953,146824,53388278580,0,0,0
au2206,20220218,20220218,133734500,13:37:34,386.78,137982,146809,53399495200,29,-15,11216620
au2206,20220218,20220218,133735000,13:37:35,386.78,137982,146809,53399495200,0,0,0
au2206,20220218,20220218,133735500,13:37:36,386.78,137982,146809,53399495200,0,0,0
au2206,20220218,20220218,133737000,13:37:37,386.78,137984,146810,53400268760,2,1,773560
au2206,20220218,20220218,133737500,13:37:37,386.78,137984,146810,53400268760,0,0,0
au2206,20220218,20220218,133738500,13:37:39,386.78,137984,146810,53400268760,0,0,0
au2206,20220218,20220218,133739000,13:37:39,386.78,137984,146810,53400268760,0,0,0
au2206,20220218,20220218,133740500,13:37:40,386.8,137987,146813,53401429160,3,3,1160400
au2206,20220218,20220218,133741000,13:37:41,386.8,137987,146813,53401429160,0,0,0
au2206,20220218,20220218,133741500,13:37:41,386.8,137987,146813,53401429160,0,0,0
au2206,20220218,20220218,133747500,13:37:48,386.8,137990,146813,53402589560,3,0,1160400
au2206,20220218,20220218,133748000,13:37:48,386.8,137990,146813,53402589560,0,0,0
au2206,20220218,20220218,133749000,13:37:49,386.8,137990,146813,53402589560,0,0,0
au2206,20220218,20220218,133750000,13:37:50,386.8,137993,146813,53403749960,3,0,1160400
au2206,20220218,20220218,133750500,13:37:51,386.8,137994,146813,53404136760,1,0,386800
au2206,20220218,20220218,133753000,13:37:54,386.8,137994,146813,53404136760,0,0,0
au2206,20220218,20220218,133754000,13:37:55,386.8,137996,146814,53404910360,2,1,773600
au2206,20220218,20220218,133754500,13:37:55,386.8,137996,146814,53404910360,0,0,0
au2206,20220218,20220218,133755000,13:37:55,386.8,137996,146814,53404910360,0,0,0
au2206,20220218,20220218,133755500,13:37:55,386.8,137997,146813,53405297160,1,-1,386800
au2206,20220218,20220218,133756000,13:37:56,386.8,137998,146813,53405683960,1,0,386800
au2206,20220218,20220218,133756500,13:37:56,386.82,138000,146814,53406457580,2,1,773620
au2206,20220218,20220218,133757000,13:37:57,386.82,138000,146814,53406457580,0,0,0
au2206,20220218,20220218,133758000,13:37:58,386.82,138001,146813,53406844400,1,-1,386820
au2206,20220218,20220218,133801500,13:38:03,386.82,138001,146813,53406844400,0,0,0
au2206,20220218,20220218,133802000,13:38:03,386.82,138001,146813,53406844400,0,0,0
au2206,20220218,20220218,133803500,13:38:06,386.82,138002,146813,53407231220,1,0,386820
au2206,20220218,20220218,133805000,13:38:06,386.78,138008,146813,53409552000,6,0,2320780
au2206,20220218,20220218,133805500,13:38:07,386.8,138009,146814,53409938800,1,1,386800
au2206,20220218,20220218,133808000,13:38:09,386.78,138011,146813,53410712360,2,-1,773560
au2206,20220218,20220218,133809500,13:38:10,386.78,138011,146813,53410712360,0,0,0
au2206,20220218,20220218,133810000,13:38:10,386.78,138011,146813,53410712360,0,0,0
au2206,20220218,20220218,133811000,13:38:11,386.8,138014,146815,53411872760,3,2,1160400
au2206,20220218,20220218,133811500,13:38:14,386.8,138017,146816,53413033160,3,1,1160400
au2206,20220218,20220218,133812000,13:38:14,386.8,138018,146817,53413419960,1,1,386800
au2206,20220218,20220218,133812500,13:38:14,386.78,138019,146817,53413806740,1,0,386780
au2206,20220218,20220218,133813000,13:38:14,386.78,138019,146817,53413806740,0,0,0
au2206,20220218,20220218,133815500,13:38:17,386.8,138022,146820,53414967140,3,3,1160400
au2206,20220218,20220218,133817000,13:38:18,386.78,138029,146820,53417674600,7,0,2707460
au2206,20220218,20220218,133817500,13:38:18,386.78,138034,146818,53419608500,5,-2,1933900
au2206,20220218,20220218,133818000,13:38:18,386.78,138036,146820,53420382060,2,2,773560
au2206,20220218,20220218,133818500,13:38:18,386.78,138040,146821,53421929180,4,1,1547120
au2206,20220218,20220218,133819000,13:38:19,386.78,138041,146821,53422315960,1,0,386780
au2206,20220218,20220218,133819500,13:38:19,386.78,138043,146821,53423089520,2,0,773560
au2206,20220218,20220218,133820000,13:38:20,386.78,138043,146821,53423089520,0,0,0
au2206,20220218,20220218,133822500,13:38:23,386.78,138043,146821,53423089520,0,0,0
au2206,20220218,20220218,133823000,13:38:23,386.78,138044,146822,53423476300,1,1,386780
au2206,20220218,20220218,133823500,13:38:24,386.8,138055,146819,53427731080,11,-3,4254780
au2206,20220218,20220218,133824000,13:38:24,386.82,138057,146817,53428504720,2,-2,773640
au2206,20220218,20220218,133824500,13:38:32,386.8,138059,146815,53429278320,2,-2,773600
au2206,20220218,20220218,133825000,13:38:41,386.8,138060,146814,53429665120,1,-1,386800
au2206,20220218,20220218,133825500,13:38:41,386.8,138062,146812,53430438720,2,-2,773600
au2206,20220218,20220218,133840000,13:38:42,386.8,138062,146812,53430438720,0,0,0
au2206,20220218,20220218,133845500,13:38:45,386.82,138101,146811,53445524060,39,-1,15085340
au2206,20220218,20220218,133846000,13:38:46,386.82,138101,146811,53445524060,0,0,0
au2206,20220218,20220218,133849500,13:38:49,386.82,138102,146812,53445910880,1,1,386820
au2206,20220218,20220218,133850500,13:38:50,386.82,138102,146812,53445910880,0,0,0
au2206,20220218,20220218,133901000,13:39:01,386.82,138105,146813,53447071340,3,1,1160460
au2206,20220218,20220218,133902000,13:39:02,386.82,138112,146813,53449779080,7,0,2707740
au2206,20220218,20220218,133903000,13:39:03,386.82,138113,146813,53450165900,1,0,386820
au2206,20220218,20220218,133906500,13:39:06,386.82,138114,146813,53450552720,1,0,386820
au2206,20220218,20220218,133910000,13:39:10,386.82,138117,146813,53451713180,3,0,1160460
au2206,20220218,20220218,133912000,13:39:12,386.82,138117,146813,53451713180,0,0,0
au2206,20220218,20220218,133913500,13:39:13,386.84,138122,146812,53453647340,5,-1,1934160
au2206,20220218,20220218,133914000,13:39:14,386.84,138123,146812,53454034180,1,0,386840
au2206,20220218,20220218,133914500,13:39:15,386.86,138130,146813,53456742120,7,1,2707940
au2206,20220218,20220218,133915000,13:39:18,386.86,138144,146819,53462158020,14,6,5415900
au2206,20220218,20220218,133915500,13:39:19,386.88,138145,146818,53462544900,1,-1,386880
au2206,20220218,20220218,133916000,13:39:19,386.88,138150,146816,53464479300,5,-2,1934400
au2206,20220218,20220218,133918000,13:39:19,386.9,138173,146824,53473377340,23,8,8898040
au2206,20220218,20220218,133919000,13:39:19,386.9,138188,146812,53479181020,15,-12,5803680
au2206,20220218,20220218,133920000,13:39:20,386.9,138189,146811,53479567920,1,-1,386900
au2206,20220218,20220218,133922000,13:39:22,386.9,138193,146812,53481115520,4,1,1547600
au2206,20220218,20220218,133922500,13:39:22,386.88,138201,146819,53484210600,8,7,3095080
au2206,20220218,20220218,133924000,13:39:24,386.88,138203,146819,53484984340,2,0,773740
au2206,20220218,20220218,133924500,13:39:24,386.88,138207,146820,53486531860,4,1,1547520
au2206,20220218,20220218,133925000,13:39:25,386.86,138210,146819,53487692460,3,-1,1160600
au2206,20220218,20220218,133926500,13:39:26,386.86,138212,146818,53488466180,2,-1,773720
au2206,20220218,20220218,133928500,13:39:28,386.86,138216,146816,53490013660,4,-2,1547480
au2206,20220218,20220218,133929500,13:39:29,386.86,138217,146816,53490400520,1,0,386860
au2206,20220218,20220218,133931000,13:39:31,386.88,138223,146818,53492721740,6,2,2321220
au2206,20220218,20220218,133932500,13:39:33,386.86,138225,146819,53493495460,2,1,773720
au2206,20220218,20220218,133933500,13:39:33,386.86,138226,146819,53493882320,1,0,386860
au2206,20220218,20220218,133935000,13:39:35,386.86,138227,146819,53494269180,1,0,386860
au2206,20220218,20220218,133936000,13:39:36,386.86,138227,146819,53494269180,0,0,0
au2206,20220218,20220218,133937000,13:39:37,386.88,138230,146817,53495429820,3,-2,1160640
au2206,20220218,20220218,133938000,13:39:38,386.9,138235,146818,53497364240,5,1,1934420
au2206,20220218,20220218,133940000,13:39:40,386.9,138235,146818,53497364240,0,0,0
au2206,20220218,20220218,133943500,13:39:43,386.9,138235,146818,53497364240,0,0,0
au2206,20220218,20220218,133944500,13:39:44,386.9,138235,146818,53497364240,0,0,0
au2206,20220218,20220218,133945000,13:39:45,386.9,138248,146827,53502393580,13,9,5029340
au2206,20220218,20220218,133945500,13:39:46,386.86,138263,146834,53508196640,15,7,5803060
au2206,20220218,20220218,133946000,13:39:47,386.9,138269,146835,53510517960,6,1,2321320
au2206,20220218,20220218,133946500,13:39:47,386.9,138269,146835,53510517960,0,0,0
au2206,20220218,20220218,133947000,13:39:47,386.88,138270,146835,53510904840,1,0,386880
au2206,20220218,20220218,133947500,13:39:47,386.9,138275,146836,53512839340,5,1,1934500
au2206,20220218,20220218,133948000,13:39:48,386.9,138275,146836,53512839340,0,0,0
au2206,20220218,20220218,133948500,13:39:48,386.9,138275,146836,53512839340,0,0,0
au2206,20220218,20220218,133949500,13:39:50,386.9,138275,146836,53512839340,0,0,0
au2206,20220218,20220218,133950500,13:39:50,386.9,138275,146836,53512839340,0,0,0
au2206,20220218,20220218,133951000,13:39:51,386.9,138275,146836,53512839340,0,0,0
au2206,20220218,20220218,133952000,13:39:52,386.88,138280,146840,53514773740,5,4,1934400
au2206,20220218,20220218,133953000,13:39:53,386.9,138282,146839,53515547520,2,-1,773780
au2206,20220218,20220218,133953500,13:39:54,386.9,138291,146834,53519029600,9,-5,3482080
au2206,20220218,20220218,133954000,13:39:54,386.9,138291,146834,53519029600,0,0,0
au2206,20220218,20220218,133955500,13:39:55,386.9,138293,146836,53519803400,2,2,773800
au2206,20220218,20220218,133956000,13:39:56,386.9,138301,146835,53522898600,8,-1,3095200
au2206,20220218,20220218,133956500,13:39:57,386.9,138303,146835,53523672400,2,0,773800
au2206,20220218,20220218,133957000,13:39:57,386.9,138303,146835,53523672400,0,0,0
au2206,20220218,20220218,133958000,13:40:13,386.9,138304,146834,53524059300,1,-1,386900
au2206,20220218,20220218,133958500,13:40:13,386.9,138304,146834,53524059300,0,0,0
au2206,20220218,20220218,134012000,13:40:13,386.9,138304,146834,53524059300,0,0,0
au2206,20220218,20220218,134013500,13:40:13,386.94,138344,146826,53539536620,40,-8,15477320
au2206,20220218,20220218,134014000,13:40:14,386.94,138350,146824,53541858260,6,-2,2321640
au2206,20220218,20220218,134014500,13:40:15,386.94,138355,146819,53543792960,5,-5,1934700
au2206,20220218,20220218,134015000,13:40:16,386.94,138355,146819,53543792960,0,0,0
au2206,20220218,20220218,134015500,13:40:16,386.94,138355,146819,53543792960,0,0,0
au2206,20220218,20220218,134016000,13:40:16,386.94,138355,146819,53543792960,0,0,0
au2206,20220218,20220218,134016500,13:40:16,386.94,138355,146819,53543792960,0,0,0
au2206,20220218,20220218,134017000,13:40:17,386.94,138356,146818,53544179900,1,-1,386940
au2206,20220218,20220218,134017500,13:40:18,386.94,138356,146818,53544179900,0,0,0
au2206,20220218,20220218,134018000,13:40:19,386.94,138356,146818,53544179900,0,0,0
au2206,20220218,20220218,134018500,13:40:19,386.94,138356,146818,53544179900,0,0,0
au2206,20220218,20220218,134019000,13:40:19,386.96,138367,146820,53548436460,11,2,4256560
au2206,20220218,20220218,134019500,13:40:20,386.94,138371,146821,53549984280,4,1,1547820
au2206,20220218,20220218,134020000,13:40:20,386.94,138372,146821,53550371220,1,0,386940
au2206,20220218,20220218,134020500,13:40:21,386.96,138375,146823,53551532100,3,2,1160880
au2206,20220218,20220218,134021000,13:40:21,386.98,138377,146823,53552306060,2,0,773960
au2206,20220218,20220218,134021500,13:40:22,386.98,138387,146821,53556175880,10,-2,3869820
au2206,20220218,20220218,134022000,13:40:22,386.98,138387,146821,53556175880,0,0,0
au2206,20220218,20220218,134022500,13:40:22,387,138389,146822,53556949860,2,1,773980
au2206,20220218,20220218,134023000,13:40:23,387,138403,146820,53562367820,14,-2,5417960
au2206,20220218,20220218,134023500,13:40:23,387,138403,146820,53562367820,0,0,0
au2206,20220218,20220218,134024000,13:40:24,386.98,138408,146823,53564302720,5,3,1934900
au2206,20220218,20220218,134024500,13:40:25,386.98,138409,146823,53564689700,1,0,386980
au2206,20220218,20220218,134025000,13:40:25,386.98,138415,146824,53567011580,6,1,2321880
au2206,20220218,20220218,134025500,13:40:25,386.98,138416,146824,53567398560,1,0,386980
au2206,20220218,20220218,134026000,13:40:26,386.96,138418,146824,53568172480,2,0,773920
au2206,20220218,20220218,134026500,13:40:27,386.96,138418,146824,53568172480,0,0,0
au2206,20220218,20220218,134027000,13:40:27,386.98,138420,146824,53568946440,2,0,773960
au2206,20220218,20220218,134027500,13:40:27,386.98,138420,146824,53568946440,0,0,0
au2206,20220218,20220218,134028000,13:40:28,386.94,138421,146825,53569333380,1,1,386940
au2206,20220218,20220218,134028500,13:40:29,386.94,138425,146824,53570881140,4,-1,1547760
au2206,20220218,20220218,134029000,13:40:30,386.94,138425,146824,53570881140,0,0,0
au2206,20220218,20220218,134030000,13:40:30,386.96,138426,146824,53571268100,1,0,386960
au2206,20220218,20220218,134030500,13:40:30,386.96,138427,146824,53571655060,1,0,386960
au2206,20220218,20220218,134031000,13:40:31,386.96,138427,146824,53571655060,0,0,0
au2206,20220218,20220218,134031500,13:40:31,386.96,138430,146826,53572815940,3,2,1160880
au2206,20220218,20220218,134032000,13:40:32,386.96,138438,146825,53575911620,8,-1,3095680
au2206,20220218,20220218,134032500,13:40:32,386.98,138447,146827,53579394180,9,2,3482560
au2206,20220218,20220218,134033000,13:40:33,386.98,138447,146827,53579394180,0,0,0
au2206,20220218,20220218,134034500,13:40:35,386.98,138450,146827,53580555120,3,0,1160940
au2206,20220218,20220218,134035000,13:40:35,386.98,138451,146826,53580942100,1,-1,386980
au2206,20220218,20220218,134035500,13:40:36,386.98,138451,146826,53580942100,0,0,0
au2206,20220218,20220218,134036000,13:40:36,386.98,138451,146826,53580942100,0,0,0
au2206,20220218,20220218,134036500,13:40:36,386.98,138457,146826,53583263880,6,0,2321780
au2206,20220218,20220218,134037000,13:40:37,386.98,138461,146824,53584811800,4,-2,1547920
au2206,20220218,20220218,134037500,13:40:37,386.98,138462,146824,53585198780,1,0,386980
au2206,20220218,20220218,134038500,13:40:38,387,138463,146825,53585585780,1,1,387000
au2206,20220218,20220218,134039000,13:40:39,387,138463,146825,53585585780,0,0,0
au2206,20220218,20220218,134039500,13:40:40,387,138465,146826,53586359780,2,1,774000
au2206,20220218,20220218,134040000,13:40:41,387,138479,146835,53591777780,14,9,5418000
au2206,20220218,20220218,134040500,13:40:41,387.02,138499,146840,53599517800,20,5,7740020
au2206,20220218,20220218,134041000,13:40:42,387.04,138506,146841,53602227080,7,1,2709280
au2206,20220218,20220218,134041500,13:40:42,387.12,138533,146845,53612678040,27,4,10450960
au2206,20220218,20220218,134042000,13:40:42,387.08,138545,146843,53617323000,12,-2,4644960
au2206,20220218,20220218,134042500,13:40:42,387.06,138549,146844,53618871240,4,1,1548240
au2206,20220218,20220218,134043000,13:40:43,387.06,138551,146845,53619645360,2,1,774120
au2206,20220218,20220218,134043500,13:40:44,387.08,138556,146845,53621580680,5,0,1935320
au2206,20220218,20220218,134044000,13:40:44,387.08,138556,146845,53621580680,0,0,0
au2206,20220218,20220218,134044500,13:40:44,387.06,138557,146844,53621967740,1,-1,387060
au2206,20220218,20220218,134045000,13:40:45,387.08,138558,146844,53622354820,1,0,387080
au2206,20220218,20220218,134045500,13:40:45,387.08,138562,146840,53623903140,4,-4,1548320
au2206,20220218,20220218,134046000,13:40:46,387.06,138563,146841,53624290200,1,1,387060
au2206,20220218,20220218,134046500,13:40:46,387.08,138568,146841,53626225580,5,0,1935380
au2206,20220218,20220218,134047000,13:40:47,387.08,138568,146841,53626225580,0,0,0
au2206,20220218,20220218,134047500,13:40:47,387.06,138570,146839,53626999700,2,-2,774120
au2206,20220218,20220218,134048000,13:40:48,387.08,138575,146839,53628935100,5,0,1935400
au2206,20220218,20220218,134048500,13:40:48,387.08,138580,146836,53630870500,5,-3,1935400
au2206,20220218,20220218,134049500,13:40:49,387.08,138586,146836,53633192980,6,0,2322480
au2206,20220218,20220218,134050000,13:40:50,387.08,138586,146836,53633192980,0,0,0
au2206,20220218,20220218,134050500,13:40:50,387.08,138590,146834,53634741240,4,-2,1548260
au2206,20220218,20220218,134051000,13:40:51,387.08,138594,146837,53636289520,4,3,1548280
au2206,20220218,20220218,134051500,13:40:55,387.08,138594,146837,53636289520,0,0,0
au2206,20220218,20220218,134052000,13:40:55,387.08,138594,146837,53636289520,0,0,0
au2206,20220218,20220218,134052500,13:40:55,387.08,138594,146837,53636289520,0,0,0
au2206,20220218,20220218,134054500,13:40:55,387.08,138594,146837,53636289520,0,0,0
au2206,20220218,20220218,134055500,13:40:57,387.08,138596,146836,53637063680,2,-1,774160
au2206,20220218,20220218,134056000,13:40:58,387.08,138596,146836,53637063680,0,0,0
au2206,20220218,20220218,134057000,13:40:58,387.08,138600,146839,53638612000,4,3,1548320
au2206,20220218,20220218,134057500,13:40:58,387.06,138603,146839,53639773200,3,0,1161200
au2206,20220218,20220218,134058500,13:40:59,387.06,138603,146839,53639773200,0,0,0
au2206,20220218,20220218,134059500,13:41:00,387.06,138603,146839,53639773200,0,0,0
au2206,20220218,20220218,134100000,13:41:00,387.04,138604,146840,53640160240,1,1,387040
au2206,20220218,20220218,134100500,13:41:00,387.04,138604,146840,53640160240,0,0,0
au2206,20220218,20220218,134101500,13:41:01,387.08,138605,146841,53640547320,1,1,387080
au2206,20220218,20220218,134102000,13:41:02,387.08,138606,146841,53640934400,1,0,387080
au2206,20220218,20220218,134102500,13:41:02,387.08,138607,146841,53641321480,1,0,387080
au2206,20220218,20220218,134103000,13:41:04,387.14,138674,146863,53667257940,67,22,25936460
au2206,20220218,20220218,134103500,13:41:05,387.14,138676,146861,53668032220,2,-2,774280
au2206,20220218,20220218,134104000,13:41:05,387.14,138679,146861,53669193600,3,0,1161380
au2206,20220218,20220218,134104500,13:41:05,387.12,138685,146864,53671516320,6,3,2322720
au2206,20220218,20220218,134105000,13:41:06,387.12,138701,146862,53677710320,16,-2,6194000
au2206,20220218,20220218,134105500,13:41:06,387.1,138709,146858,53680807180,8,-4,3096860
au2206,20220218,20220218,134106000,13:41:07,387.1,138712,146855,53681968480,3,-3,1161300
