bu2209,20220218,20220218,111932500,11:20:03,3462,1765,24636,61341060,1765,55,61341060
bu2209,20220218,20220218,112006000,11:20:10,3462,1765,24636,61341060,0,0,0
bu2209,20220218,20220218,112006500,11:20:10,3462,1765,24636,61341060,0,0,0
bu2209,20220218,20220218,112009000,11:20:10,3462,1765,24636,61341060,0,0,0
bu2209,20220218,20220218,112010500,11:20:10,3462,1765,24636,61341060,0,0,0
bu2209,20220218,20220218,112016000,11:20:16,3462,1765,24636,61341060,0,0,0
bu2209,20220218,20220218,112019000,11:20:19,3462,1765,24636,61341060,0,0,0
bu2209,20220218,20220218,112021000,11:20:21,3462,1765,24636,61341060,0,0,0
bu2209,20220218,20220218,112022000,11:20:22,3462,1765,24636,61341060,0,0,0
bu2209,20220218,20220218,112022500,11:20:23,3462,1765,24636,61341060,0,0,0
bu2209,20220218,20220218,112031500,11:20:32,3462,1765,24636,61341060,0,0,0
bu2209,20220218,20220218,112033500,11:20:33,3462,1765,24636,61341060,0,0,0
bu2209,20220218,20220218,112039500,11:20:40,3462,1765,24636,61341060,0,0,0
bu2209,20220218,20220218,112043000,11:20:43,3462,1767,24635,61410300,2,-1,69240
bu2209,20220218,20220218,112049500,11:20:50,3462,1767,24635,61410300,0,0,0
bu2209,20220218,20220218,112050500,11:20:51,3462,1767,24635,61410300,0,0,0
bu2209,20220218,20220218,112056000,11:20:56,3462,1767,24635,61410300,0,0,0
bu2209,20220218,20220218,112056500,11:20:56,3462,1767,24635,61410300,0,0,0
bu2209,20220218,20220218,112101000,11:21:01,3462,1767,24635,61410300,0,0,0
bu2209,20220218,20220218,112102000,11:21:03,3462,1767,24635,61410300,0,0,0
bu2209,20220218,20220218,112102500,11:21:03,3462,1767,24635,61410300,0,0,0
bu2209,20220218,20220218,112103500,11:21:04,3462,1767,24635,61410300,0,0,0
bu2209,20220218,20220218,112104000,11:21:04,3462,1767,24635,61410300,0,0,0
bu2209,20220218,20220218,112105000,11:21:06,3462,1767,24635,61410300,0,0,0
bu2209,20220218,20220218,112109500,11:21:10,3462,1767,24635,61410300,0,0,0
bu2209,20220218,20220218,112112000,11:21:12,3462,1767,24635,61410300,0,0,0
bu2209,20220218,20220218,112113000,11:21:13,3462,1767,24635,61410300,0,0,0
bu2209,20220218,20220218,112114000,11:21:14,3462,1767,24635,61410300,0,0,0
bu2209,20220218,20220218,112118000,11:21:18,3462,1767,24635,61410300,0,0,0
bu2209,20220218,20220218,112120500,11:21:22,3462,1767,24635,61410300,0,0,0
bu2209,20220218,20220218,112121000,11:21:22,3462,1767,24635,61410300,0,0,0
bu2209,20220218,20220218,112125000,11:23:32,3462,1767,24635,61410300,0,0,0
bu2209,20220218,20220218,112318000,11:23:33,3462,1767,24635,61410300,0,0,0
bu2209,20220218,20220218,112342000,11:23:42,3462,1767,24635,61410300,0,0,0
bu2209,20220218,20220218,112343000,11:23:43,3462,1767,24635,61410300,0,0,0
bu2209,20220218,20220218,112346000,11:23:48,3462,1767,24635,61410300,0,0,0
bu2209,20220218,20220218,112402000,11:24:02,3462,1767,24635,61410300,0,0,0
bu2209,20220218,20220218,112404000,11:24:04,3462,1767,24635,61410300,0,0,0
bu2209,20220218,20220218,112406000,11:24:06,3462,1767,24635,61410300,0,0,0
bu2209,20220218,20220218,112407000,11:24:07,3462,1767,24635,61410300,0,0,0
bu2209,20220218,20220218,112413500,11:24:14,3464,1768,24634,61444940,1,-1,34640
bu2209,20220218,20220218,112416000,11:24:16,3464,1769,24633,61479580,1,-1,34640
bu2209,20220218,20220218,112416500,11:24:17,3464,1769,24633,61479580,0,0,0
bu2209,20220218,20220218,112417000,11:24:17,3464,1769,24633,61479580,0,0,0
bu2209,20220218,20220218,112417500,11:24:18,3464,1769,24633,61479580,0,0,0
bu2209,20220218,20220218,112435500,11:24:35,3464,1769,24633,61479580,0,0,0
bu2209,20220218,20220218,112436000,11:24:36,3464,1769,24633,61479580,0,0,0
bu2209,20220218,20220218,112441500,11:24:41,3464,1769,24633,61479580,0,0,0
bu2209,20220218,20220218,112456000,11:24:56,3464,1772,24630,61583500,3,-3,103920
bu2209,20220218,20220218,112458500,11:24:58,3464,1772,24630,61583500,0,0,0
bu2209,20220218,20220218,112504000,11:25:06,3464,1772,24630,61583500,0,0,0
bu2209,20220218,20220218,112517500,11:25:18,3464,1772,24630,61583500,0,0,0
bu2209,20220218,20220218,112518000,11:25:18,3464,1772,24630,61583500,0,0,0
bu2209,20220218,20220218,112526000,11:25:26,3464,1772,24630,61583500,0,0,0
bu2209,20220218,20220218,112526500,11:25:27,3464,1772,24630,61583500,0,0,0
bu2209,20220218,20220218,112531000,11:25:31,3464,1772,24630,61583500,0,0,0
bu2209,20220218,20220218,112531500,11:25:32,3464,1772,24630,61583500,0,0,0
bu2209,20220218,20220218,112546500,11:25:48,3464,1772,24630,61583500,0,0,0
bu2209,20220218,20220218,112553500,11:25:54,3464,1772,24630,61583500,0,0,0
bu2209,20220218,20220218,112605500,11:26:06,3464,1772,24630,61583500,0,0,0
bu2209,20220218,20220218,112615500,11:26:16,3464,1772,24630,61583500,0,0,0
bu2209,20220218,20220218,112617000,11:26:17,3464,1772,24630,61583500,0,0,0
bu2209,20220218,20220218,112617500,11:26:17,3464,1772,24630,61583500,0,0,0
bu2209,20220218,20220218,112618000,11:26:18,3464,1773,24631,61618140,1,1,34640
bu2209,20220218,20220218,112619500,11:26:20,3464,1773,24631,61618140,0,0,0
bu2209,20220218,20220218,112624000,11:26:24,3464,1773,24631,61618140,0,0,0
bu2209,20220218,20220218,112624500,11:26:24,3464,1773,24631,61618140,0,0,0
bu2209,20220218,20220218,112634000,11:26:37,3464,1773,24631,61618140,0,0,0
bu2209,20220218,20220218,112637500,11:27:10,3464,1773,24631,61618140,0,0,0
bu2209,20220218,20220218,112652000,11:27:10,3464,1773,24631,61618140,0,0,0
bu2209,20220218,20220218,112710000,11:27:12,3464,1773,24631,61618140,0,0,0
bu2209,20220218,20220218,112723500,11:27:27,3464,1773,24631,61618140,0,0,0
bu2209,20220218,20220218,112729000,11:27:29,3464,1773,24631,61618140,0,0,0
bu2209,20220218,20220218,112734500,11:27:36,3464,1773,24631,61618140,0,0,0
bu2209,20220218,20220218,112739500,11:27:39,3464,1773,24631,61618140,0,0,0
bu2209,20220218,20220218,112745000,11:27:45,3464,1773,24631,61618140,0,0,0
bu2209,20220218,20220218,112745500,11:27:46,3464,1773,24631,61618140,0,0,0
bu2209,20220218,20220218,112746000,11:27:46,3464,1773,24631,61618140,0,0,0
bu2209,20220218,20220218,112800500,11:28:01,3464,1773,24631,61618140,0,0,0
bu2209,20220218,20220218,112801000,11:28:01,3464,1773,24631,61618140,0,0,0
bu2209,20220218,20220218,112802500,11:28:03,3464,1773,24631,61618140,0,0,0
bu2209,20220218,20220218,112803500,11:28:04,3464,1773,24631,61618140,0,0,0
bu2209,20220218,20220218,112804000,11:28:05,3464,1773,24631,61618140,0,0,0
bu2209,20220218,20220218,112809500,11:28:11,3464,1774,24630,61652780,1,-1,34640
bu2209,20220218,20220218,112814000,11:28:14,3464,1774,24630,61652780,0,0,0
bu2209,20220218,20220218,112819000,11:28:19,3464,1774,24630,61652780,0,0,0
bu2209,20220218,20220218,112828000,11:28:28,3464,1774,24630,61652780,0,0,0
bu2209,20220218,20220218,112833500,11:28:34,3464,1774,24630,61652780,0,0,0
bu2209,20220218,20220218,112834000,11:28:34,3464,1774,24630,61652780,0,0,0
bu2209,20220218,20220218,112847500,11:28:48,3464,1774,24630,61652780,0,0,0
bu2209,20220218,20220218,112850000,11:28:50,3464,1774,24630,61652780,0,0,0
bu2209,20220218,20220218,112853000,11:28:54,3464,1774,24630,61652780,0,0,0
bu2209,20220218,20220218,112856500,11:28:56,3464,1774,24630,61652780,0,0,0
bu2209,20220218,20220218,112901000,11:29:01,3464,1774,24630,61652780,0,0,0
bu2209,20220218,20220218,112924000,11:29:24,3464,1774,24630,61652780,0,0,0
bu2209,20220218,20220218,112924500,11:29:25,3464,1774,24630,61652780,0,0,0
bu2209,20220218,20220218,112928500,11:29:29,3466,1775,24630,61687440,1,0,34660
bu2209,20220218,20220218,112929000,11:29:29,3466,1775,24630,61687440,0,0,0
bu2209,20220218,20220218,112929500,11:29:29,3466,1775,24630,61687440,0,0,0
bu2209,20220218,20220218,112930500,11:29:31,3466,1778,24628,61791420,3,-2,103980
bu2209,20220218,20220218,112931000,11:29:32,3466,1778,24628,61791420,0,0,0
bu2209,20220218,20220218,112932000,11:29:36,3466,1778,24628,61791420,0,0,0
bu2209,20220218,20220218,112935500,11:29:38,3466,1778,24628,61791420,0,0,0
bu2209,20220218,20220218,112937000,11:29:38,3466,1778,24628,61791420,0,0,0
bu2209,20220218,20220218,112938000,11:29:38,3466,1778,24628,61791420,0,0,0
bu2209,20220218,20220218,112939000,11:29:39,3466,1778,24628,61791420,0,0,0
bu2209,20220218,20220218,112940500,11:29:40,3466,1778,24628,61791420,0,0,0
bu2209,20220218,20220218,112942000,11:29:44,3466,1778,24628,61791420,0,0,0
bu2209,20220218,20220218,112943500,11:29:45,3466,1780,24626,61860740,2,-2,69320
bu2209,20220218,20220218,112951500,11:29:52,3466,1780,24626,61860740,0,0,0
bu2209,20220218,20220218,112954500,11:29:54,3466,1780,24626,61860740,0,0,0
bu2209,20220218,20220218,112955500,11:29:56,3466,1780,24626,61860740,0,0,0
bu2209,20220218,20220218,112956000,11:30:00,3466,1780,24626,61860740,0,0,0
bu2209,20220218,20220218,112956500,11:30:00,3466,1780,24626,61860740,0,0,0
bu2209,20220218,20220218,112957500,11:30:02,3466,1780,24626,61860740,0,0,0
bu2209,20220218,20220218,112958000,11:30:02,3466,1780,24626,61860740,0,0,0
bu2209,20220218,20220218,113000000,11:30:03,3466,1780,24626,61860740,0,0,0
bu2209,20220218,20220218,113001500,11:30:03,3466,1780,24626,61860740,0,0,0
bu2209,20220218,20220218,133002000,13:30:08,3476,1800,24623,62555340,20,-3,694600
bu2209,20220218,20220218,133002500,13:30:10,3476,1800,24623,62555340,0,0,0
bu2209,20220218,20220218,133005500,13:30:10,3476,1800,24623,62555340,0,0,0
bu2209,20220218,20220218,133009000,13:30:10,3476,1800,24623,62555340,0,0,0
bu2209,20220218,20220218,133011000,13:30:13,3476,1800,24623,62555340,0,0,0
bu2209,20220218,20220218,133011500,13:30:13,3476,1800,24623,62555340,0,0,0
bu2209,20220218,20220218,133013000,13:30:14,3476,1800,24623,62555340,0,0,0
bu2209,20220218,20220218,133013500,13:30:14,3468,1801,24623,62590020,1,0,34680
bu2209,20220218,20220218,133014000,13:30:16,3468,1806,24622,62763420,5,-1,173400
bu2209,20220218,20220218,133014500,13:30:16,3468,1806,24622,62763420,0,0,0
bu2209,20220218,20220218,133015000,13:30:18,3468,1806,24622,62763420,0,0,0
bu2209,20220218,20220218,133016500,13:30:18,3468,1806,24622,62763420,0,0,0
bu2209,20220218,20220218,133017000,13:30:18,3468,1808,24622,62832780,2,0,69360
bu2209,20220218,20220218,133020000,13:30:21,3468,1808,24622,62832780,0,0,0
bu2209,20220218,20220218,133020500,13:30:21,3468,1808,24622,62832780,0,0,0
bu2209,20220218,20220218,133021500,13:30:22,3468,1808,24622,62832780,0,0,0
bu2209,20220218,20220218,133022000,13:30:38,3468,1808,24622,62832780,0,0,0
bu2209,20220218,20220218,133037500,13:30:40,3468,1808,24622,62832780,0,0,0
bu2209,20220218,20220218,133039500,13:30:42,3468,1808,24622,62832780,0,0,0
bu2209,20220218,20220218,133042000,13:30:44,3468,1808,24622,62832780,0,0,0
bu2209,20220218,20220218,133043000,13:30:44,3468,1808,24622,62832780,0,0,0
bu2209,20220218,20220218,133047000,13:30:48,3468,1808,24622,62832780,0,0,0
bu2209,20220218,20220218,133047500,13:30:48,3468,1808,24622,62832780,0,0,0
bu2209,20220218,20220218,133048500,13:30:49,3468,1808,24622,62832780,0,0,0
bu2209,20220218,20220218,133049000,13:30:50,3468,1808,24622,62832780,0,0,0
bu2209,20220218,20220218,133050000,13:30:51,3468,1808,24622,62832780,0,0,0
bu2209,20220218,20220218,133050500,13:30:51,3468,1808,24622,62832780,0,0,0
bu2209,20220218,20220218,133051000,13:30:52,3468,1808,24622,62832780,0,0,0
bu2209,20220218,20220218,133053500,13:30:54,3468,1808,24622,62832780,0,0,0
bu2209,20220218,20220218,133054000,13:30:55,3468,1808,24622,62832780,0,0,0
bu2209,20220218,20220218,133055500,13:30:56,3468,1808,24622,62832780,0,0,0
bu2209,20220218,20220218,133056000,13:30:57,3468,1808,24622,62832780,0,0,0
bu2209,20220218,20220218,133056500,13:30:57,3468,1808,24622,62832780,0,0,0
bu2209,20220218,20220218,133058000,13:30:58,3468,1811,24620,62936860,3,-2,104080
bu2209,20220218,20220218,133101000,13:31:01,3468,1811,24620,62936860,0,0,0
bu2209,20220218,20220218,133101500,13:31:01,3468,1811,24620,62936860,0,0,0
bu2209,20220218,20220218,133103000,13:31:03,3468,1811,24620,62936860,0,0,0
bu2209,20220218,20220218,133104000,13:31:06,3468,1811,24620,62936860,0,0,0
bu2209,20220218,20220218,133104500,13:31:07,3468,1811,24620,62936860,0,0,0
bu2209,20220218,20220218,133105000,13:31:08,3468,1811,24620,62936860,0,0,0
bu2209,20220218,20220218,133107000,13:31:08,3468,1811,24620,62936860,0,0,0
bu2209,20220218,20220218,133107500,13:31:09,3468,1811,24620,62936860,0,0,0
bu2209,20220218,20220218,133108500,13:31:09,3468,1811,24620,62936860,0,0,0
bu2209,20220218,20220218,133109000,13:31:09,3468,1811,24620,62936860,0,0,0
bu2209,20220218,20220218,133109500,13:31:10,3468,1811,24620,62936860,0,0,0
bu2209,20220218,20220218,133110000,13:31:11,3468,1811,24620,62936860,0,0,0
bu2209,20220218,20220218,133110500,13:31:11,3468,1811,24620,62936860,0,0,0
bu2209,20220218,20220218,133111000,13:31:11,3468,1811,24620,62936860,0,0,0
bu2209,20220218,20220218,133111500,13:31:12,3468,1811,24620,62936860,0,0,0
bu2209,20220218,20220218,133112000,13:31:13,3468,1811,24620,62936860,0,0,0
bu2209,20220218,20220218,133112500,13:31:13,3468,1811,24620,62936860,0,0,0
bu2209,20220218,20220218,133113500,13:31:14,3468,1811,24620,62936860,0,0,0
bu2209,20220218,20220218,133114000,13:31:15,3468,1811,24620,62936860,0,0,0
bu2209,20220218,20220218,133114500,13:31:15,3468,1811,24620,62936860,0,0,0
bu2209,20220218,20220218,133116500,13:31:17,3474,1815,24620,63075700,4,0,138840
bu2209,20220218,20220218,133117000,13:31:18,3474,1815,24620,63075700,0,0,0
bu2209,20220218,20220218,133117500,13:31:18,3474,1815,24620,63075700,0,0,0
bu2209,20220218,20220218,133118000,13:31:19,3474,1815,24620,63075700,0,0,0
bu2209,20220218,20220218,133119000,13:31:19,3474,1815,24620,63075700,0,0,0
bu2209,20220218,20220218,133121000,13:31:21,3474,1817,24621,63145180,2,1,69480
bu2209,20220218,20220218,133121500,13:31:22,3472,1819,24621,63214620,2,0,69440
bu2209,20220218,20220218,133158500,13:31:58,3472,1819,24621,63214620,0,0,0
bu2209,20220218,20220218,133200000,13:32:01,3472,1819,24621,63214620,0,0,0
bu2209,20220218,20220218,133202500,13:32:04,3472,1819,24621,63214620,0,0,0
bu2209,20220218,20220218,133203000,13:32:05,3472,1819,24621,63214620,0,0,0
bu2209,20220218,20220218,133209000,13:32:10,3472,1819,24621,63214620,0,0,0
bu2209,20220218,20220218,133209500,13:32:10,3474,1828,24620,63527100,9,-1,312480
bu2209,20220218,20220218,133210000,13:32:11,3474,1830,24620,63596580,2,0,69480
bu2209,20220218,20220218,133210500,13:32:14,3474,1830,24620,63596580,0,0,0
bu2209,20220218,20220218,133211000,13:32:14,3474,1830,24620,63596580,0,0,0
bu2209,20220218,20220218,133220000,13:32:21,3474,1830,24620,63596580,0,0,0
bu2209,20220218,20220218,133220500,13:32:21,3474,1830,24620,63596580,0,0,0
bu2209,20220218,20220218,133221500,13:32:22,3474,1830,24620,63596580,0,0,0
bu2209,20220218,20220218,133222000,13:32:23,3474,1830,24620,63596580,0,0,0
bu2209,20220218,20220218,133225500,13:32:26,3474,1830,24620,63596580,0,0,0
bu2209,20220218,20220218,133229000,13:32:33,3474,1830,24620,63596580,0,0,0
bu2209,20220218,20220218,133230500,13:32:35,3474,1830,24620,63596580,0,0,0
bu2209,20220218,20220218,133235500,13:32:36,3474,1830,24620,63596580,0,0,0
bu2209,20220218,20220218,133236000,13:32:37,3474,1832,24621,63666080,2,1,69500
bu2209,20220218,20220218,133236500,13:32:37,3474,1832,24621,63666080,0,0,0
bu2209,20220218,20220218,133237000,13:32:37,3474,1832,24621,63666080,0,0,0
bu2209,20220218,20220218,133237500,13:32:38,3474,1832,24621,63666080,0,0,0
bu2209,20220218,20220218,133244500,13:32:45,3474,1832,24621,63666080,0,0,0
bu2209,20220218,20220218,133305000,13:33:05,3474,1832,24621,63666080,0,0,0
bu2209,20220218,20220218,133311500,13:33:14,3474,1832,24621,63666080,0,0,0
bu2209,20220218,20220218,133312500,13:33:15,3474,1832,24621,63666080,0,0,0
bu2209,20220218,20220218,133321000,13:33:22,3474,1833,24620,63700820,1,-1,34740
bu2209,20220218,20220218,133321500,13:33:22,3474,1833,24620,63700820,0,0,0
bu2209,20220218,20220218,133325000,13:33:26,3476,1838,24620,63874620,5,0,173800
bu2209,20220218,20220218,133325500,13:33:27,3476,1838,24620,63874620,0,0,0
bu2209,20220218,20220218,133326000,13:33:28,3476,1838,24620,63874620,0,0,0
bu2209,20220218,20220218,133326500,13:33:29,3476,1838,24620,63874620,0,0,0
bu2209,20220218,20220218,133328500,13:33:30,3476,1838,24620,63874620,0,0,0
bu2209,20220218,20220218,133329000,13:33:30,3476,1838,24620,63874620,0,0,0
bu2209,20220218,20220218,133331000,13:33:32,3476,1838,24620,63874620,0,0,0
bu2209,20220218,20220218,133331500,13:33:32,3476,1838,24620,63874620,0,0,0
bu2209,20220218,20220218,133332000,13:33:32,3476,1838,24620,63874620,0,0,0
bu2209,20220218,20220218,133332500,13:33:33,3476,1838,24620,63874620,0,0,0
bu2209,20220218,20220218,133339500,13:33:40,3476,1838,24620,63874620,0,0,0
bu2209,20220218,20220218,133340500,13:33:41,3476,1838,24620,63874620,0,0,0
bu2209,20220218,20220218,133341000,13:33:41,3476,1838,24620,63874620,0,0,0
bu2209,20220218,20220218,133342000,13:33:42,3476,1838,24620,63874620,0,0,0
bu2209,20220218,20220218,133342500,13:33:42,3476,1838,24620,63874620,0,0,0
bu2209,20220218,20220218,133345000,13:33:45,3476,1838,24620,63874620,0,0,0
bu2209,20220218,20220218,133345500,13:33:47,3476,1838,24620,63874620,0,0,0
bu2209,20220218,20220218,133354500,13:33:55,3476,1838,24620,63874620,0,0,0
bu2209,20220218,20220218,133406500,13:34:12,3476,1838,24620,63874620,0,0,0
bu2209,20220218,20220218,133410500,13:34:12,3476,1838,24620,63874620,0,0,0
bu2209,20220218,20220218,133411000,13:34:12,3476,1838,24620,63874620,0,0,0
bu2209,20220218,20220218,133417000,13:34:17,3480,1857,24614,64535560,19,-6,660940
bu2209,20220218,20220218,133417500,13:34:17,3480,1857,24614,64535560,0,0,0
bu2209,20220218,20220218,133418000,13:34:18,3480,1857,24614,64535560,0,0,0
bu2209,20220218,20220218,133418500,13:34:19,3480,1857,24614,64535560,0,0,0
bu2209,20220218,20220218,133419000,13:34:19,3480,1857,24614,64535560,0,0,0
bu2209,20220218,20220218,133419500,13:34:20,3480,1857,24614,64535560,0,0,0
bu2209,20220218,20220218,133420000,13:34:20,3480,1857,24614,64535560,0,0,0
bu2209,20220218,20220218,133420500,13:34:23,3480,1857,24614,64535560,0,0,0
bu2209,20220218,20220218,133421000,13:34:23,3480,1857,24614,64535560,0,0,0
bu2209,20220218,20220218,133421500,13:34:23,3480,1857,24614,64535560,0,0,0
bu2209,20220218,20220218,133422000,13:34:24,3480,1857,24614,64535560,0,0,0
bu2209,20220218,20220218,133426500,13:34:26,3478,1858,24615,64570340,1,1,34780
bu2209,20220218,20220218,133427500,13:34:28,3478,1858,24615,64570340,0,0,0
bu2209,20220218,20220218,133428000,13:34:28,3478,1858,24615,64570340,0,0,0
bu2209,20220218,20220218,133428500,13:34:29,3478,1858,24615,64570340,0,0,0
bu2209,20220218,20220218,133431000,13:34:31,3478,1858,24615,64570340,0,0,0
bu2209,20220218,20220218,133432500,13:34:32,3478,1858,24615,64570340,0,0,0
bu2209,20220218,20220218,133433000,13:34:34,3478,1858,24615,64570340,0,0,0
bu2209,20220218,20220218,133433500,13:34:34,3478,1858,24615,64570340,0,0,0
bu2209,20220218,20220218,133438500,13:34:39,3478,1858,24615,64570340,0,0,0
bu2209,20220218,20220218,133439500,13:34:39,3478,1858,24615,64570340,0,0,0
bu2209,20220218,20220218,133440500,13:34:41,3478,1858,24615,64570340,0,0,0
bu2209,20220218,20220218,133446500,13:34:47,3478,1858,24615,64570340,0,0,0
bu2209,20220218,20220218,133447500,13:34:48,3478,1858,24615,64570340,0,0,0
bu2209,20220218,20220218,133453000,13:34:53,3478,1858,24615,64570340,0,0,0
bu2209,20220218,20220218,133500500,13:35:00,3478,1858,24615,64570340,0,0,0
bu2209,20220218,20220218,133501000,13:35:04,3478,1858,24615,64570340,0,0,0
bu2209,20220218,20220218,133504500,13:35:10,3478,1858,24615,64570340,0,0,0
bu2209,20220218,20220218,133507500,13:35:10,3478,1858,24615,64570340,0,0,0
bu2209,20220218,20220218,133512000,13:35:13,3478,1858,24615,64570340,0,0,0
bu2209,20220218,20220218,133512500,13:35:13,3478,1858,24615,64570340,0,0,0
bu2209,20220218,20220218,133514500,13:35:15,3478,1858,24615,64570340,0,0,0
bu2209,20220218,20220218,133519500,13:35:20,3476,1859,24615,64605100,1,0,34760
bu2209,20220218,20220218,133520000,13:35:20,3476,1862,24613,64709380,3,-2,104280
bu2209,20220218,20220218,133520500,13:35:21,3476,1862,24613,64709380,0,0,0
bu2209,20220218,20220218,133522000,13:35:22,3476,1862,24613,64709380,0,0,0
bu2209,20220218,20220218,133522500,13:35:23,3476,1862,24613,64709380,0,0,0
bu2209,20220218,20220218,133523000,13:35:23,3476,1862,24613,64709380,0,0,0
bu2209,20220218,20220218,133524500,13:35:25,3478,1868,24613,64918060,6,0,208680
bu2209,20220218,20220218,133525000,13:35:25,3478,1870,24614,64987620,2,1,69560
bu2209,20220218,20220218,133525500,13:35:26,3478,1870,24614,64987620,0,0,0
bu2209,20220218,20220218,133526000,13:35:26,3478,1870,24614,64987620,0,0,0
bu2209,20220218,20220218,133526500,13:35:27,3478,1870,24614,64987620,0,0,0
bu2209,20220218,20220218,133528000,13:35:32,3478,1870,24614,64987620,0,0,0
bu2209,20220218,20220218,133530500,13:35:33,3478,1870,24614,64987620,0,0,0
bu2209,20220218,20220218,133531500,13:35:41,3478,1870,24614,64987620,0,0,0
bu2209,20220218,20220218,133540500,13:35:43,3478,1870,24614,64987620,0,0,0
bu2209,20220218,20220218,133559000,13:36:03,3478,1870,24614,64987620,0,0,0
bu2209,20220218,20220218,133600500,13:36:03,3478,1870,24614,64987620,0,0,0
bu2209,20220218,20220218,133604000,13:36:06,3478,1870,24614,64987620,0,0,0
bu2209,20220218,20220218,133607500,13:36:08,3478,1870,24614,64987620,0,0,0
bu2209,20220218,20220218,133616500,13:36:17,3478,1870,24614,64987620,0,0,0
bu2209,20220218,20220218,133624000,13:36:24,3478,1870,24614,64987620,0,0,0
bu2209,20220218,20220218,133632000,13:36:32,3474,1871,24614,65022360,1,0,34740
bu2209,20220218,20220218,133640000,13:36:40,3474,1871,24614,65022360,0,0,0
bu2209,20220218,20220218,133640500,13:36:40,3474,1871,24614,65022360,0,0,0
bu2209,20220218,20220218,133641000,13:36:41,3474,1872,24614,65057100,1,0,34740
bu2209,20220218,20220218,133641500,13:36:42,3474,1872,24614,65057100,0,0,0
bu2209,20220218,20220218,133642000,13:36:42,3474,1872,24614,65057100,0,0,0
bu2209,20220218,20220218,133642500,13:36:43,3474,1872,24614,65057100,0,0,0
bu2209,20220218,20220218,133643500,13:36:44,3474,1872,24614,65057100,0,0,0
bu2209,20220218,20220218,133644000,13:36:44,3474,1872,24614,65057100,0,0,0
bu2209,20220218,20220218,133644500,13:36:44,3474,1872,24614,65057100,0,0,0
bu2209,20220218,20220218,133645000,13:36:45,3474,1872,24614,65057100,0,0,0
bu2209,20220218,20220218,133645500,13:36:46,3474,1872,24614,65057100,0,0,0
bu2209,20220218,20220218,133646000,13:36:46,3474,1872,24614,65057100,0,0,0
bu2209,20220218,20220218,133646500,13:36:46,3474,1872,24614,65057100,0,0,0
bu2209,20220218,20220218,133647000,13:36:47,3474,1872,24614,65057100,0,0,0
bu2209,20220218,20220218,133648000,13:36:48,3474,1872,24614,65057100,0,0,0
bu2209,20220218,20220218,133648500,13:36:49,3474,1872,24614,65057100,0,0,0
bu2209,20220218,20220218,133649000,13:36:49,3474,1872,24614,65057100,0,0,0
bu2209,20220218,20220218,133649500,13:36:49,3474,1872,24614,65057100,0,0,0
bu2209,20220218,20220218,133650500,13:36:50,3474,1872,24614,65057100,0,0,0
bu2209,20220218,20220218,133651000,13:36:51,3474,1872,24614,65057100,0,0,0
bu2209,20220218,20220218,133651500,13:36:52,3474,1872,24614,65057100,0,0,0
bu2209,20220218,20220218,133652000,13:36:52,3474,1872,24614,65057100,0,0,0
bu2209,20220218,20220218,133652500,13:36:53,3474,1872,24614,65057100,0,0,0
bu2209,20220218,20220218,133653000,13:36:53,3474,1872,24614,65057100,0,0,0
bu2209,20220218,20220218,133653500,13:36:54,3474,1872,24614,65057100,0,0,0
bu2209,20220218,20220218,133654000,13:36:54,3474,1872,24614,65057100,0,0,0
bu2209,20220218,20220218,133654500,13:36:54,3474,1872,24614,65057100,0,0,0
bu2209,20220218,20220218,133655000,13:36:55,3474,1872,24614,65057100,0,0,0
bu2209,20220218,20220218,133655500,13:36:56,3474,1872,24614,65057100,0,0,0
bu2209,20220218,20220218,133656000,13:36:56,3474,1872,24614,65057100,0,0,0
bu2209,20220218,20220218,133656500,13:36:57,3474,1872,24614,65057100,0,0,0
bu2209,20220218,20220218,133658000,13:36:58,3478,1873,24613,65091880,1,-1,34780
bu2209,20220218,20220218,133658500,13:36:59,3478,1873,24613,65091880,0,0,0
bu2209,20220218,20220218,133659000,13:36:59,3478,1873,24613,65091880,0,0,0
bu2209,20220218,20220218,133659500,13:37:00,3478,1873,24613,65091880,0,0,0
bu2209,20220218,20220218,133700000,13:37:00,3478,1873,24613,65091880,0,0,0
bu2209,20220218,20220218,133700500,13:37:00,3478,1873,24613,65091880,0,0,0
bu2209,20220218,20220218,133701000,13:37:01,3478,1873,24613,65091880,0,0,0
bu2209,20220218,20220218,133701500,13:37:02,3478,1873,24613,65091880,0,0,0
bu2209,20220218,20220218,133702000,13:37:02,3478,1873,24613,65091880,0,0,0
bu2209,20220218,20220218,133702500,13:37:03,3478,1873,24613,65091880,0,0,0
bu2209,20220218,20220218,133703000,13:37:03,3478,1873,24613,65091880,0,0,0
bu2209,20220218,20220218,133703500,13:37:03,3478,1873,24613,65091880,0,0,0
bu2209,20220218,20220218,133704000,13:37:04,3478,1873,24613,65091880,0,0,0
bu2209,20220218,20220218,133704500,13:37:05,3478,1873,24613,65091880,0,0,0
bu2209,20220218,20220218,133705000,13:37:05,3478,1873,24613,65091880,0,0,0
bu2209,20220218,20220218,133705500,13:37:08,3478,1873,24613,65091880,0,0,0
bu2209,20220218,20220218,133706000,13:37:08,3478,1873,24613,65091880,0,0,0
bu2209,20220218,20220218,133706500,13:37:08,3478,1873,24613,65091880,0,0,0
bu2209,20220218,20220218,133707500,13:37:08,3478,1873,24613,65091880,0,0,0
bu2209,20220218,20220218,133708000,13:37:08,3478,1873,24613,65091880,0,0,0
bu2209,20220218,20220218,133708500,13:37:08,3478,1873,24613,65091880,0,0,0
bu2209,20220218,20220218,133709000,13:37:09,3478,1873,24613,65091880,0,0,0
bu2209,20220218,20220218,133709500,13:37:10,3478,1873,24613,65091880,0,0,0
bu2209,20220218,20220218,133710000,13:37:11,3478,1873,24613,65091880,0,0,0
bu2209,20220218,20220218,133722500,13:37:22,3478,1873,24613,65091880,0,0,0
bu2209,20220218,20220218,133723000,13:37:23,3478,1873,24613,65091880,0,0,0
bu2209,20220218,20220218,133723500,13:37:23,3478,1873,24613,65091880,0,0,0
bu2209,20220218,20220218,133724000,13:37:24,3478,1873,24613,65091880,0,0,0
bu2209,20220218,20220218,133724500,13:37:25,3478,1873,24613,65091880,0,0,0
bu2209,20220218,20220218,133725500,13:37:26,3478,1873,24613,65091880,0,0,0
bu2209,20220218,20220218,133726000,13:37:26,3478,1873,24613,65091880,0,0,0
bu2209,20220218,20220218,133726500,13:37:27,3478,1873,24613,65091880,0,0,0
bu2209,20220218,20220218,133727500,13:37:27,3478,1873,24613,65091880,0,0,0
bu2209,20220218,20220218,133728000,13:37:28,3478,1873,24613,65091880,0,0,0
bu2209,20220218,20220218,133728500,13:37:28,3478,1873,24613,65091880,0,0,0
bu2209,20220218,20220218,133729000,13:37:29,3478,1873,24613,65091880,0,0,0
bu2209,20220218,20220218,133730000,13:37:30,3478,1873,24613,65091880,0,0,0
bu2209,20220218,20220218,133730500,13:37:31,3478,1873,24613,65091880,0,0,0
bu2209,20220218,20220218,133731000,13:37:31,3478,1873,24613,65091880,0,0,0
bu2209,20220218,20220218,133731500,13:37:31,3478,1873,24613,65091880,0,0,0
bu2209,20220218,20220218,133732000,13:37:32,3478,1873,24613,65091880,0,0,0
bu2209,20220218,20220218,133732500,13:37:33,3478,1873,24613,65091880,0,0,0
bu2209,20220218,20220218,133733000,13:37:33,3478,1873,24613,65091880,0,0,0
bu2209,20220218,20220218,133733500,13:37:33,3478,1873,24613,65091880,0,0,0
bu2209,20220218,20220218,133734000,13:37:34,3478,1873,24613,65091880,0,0,0
bu2209,20220218,20220218,133734500,13:37:34,3478,1873,24613,65091880,0,0,0
bu2209,20220218,20220218,133735000,13:37:35,3478,1873,24613,65091880,0,0,0
bu2209,20220218,20220218,133735500,13:37:36,3478,1873,24613,65091880,0,0,0
bu2209,20220218,20220218,133736500,13:37:37,3478,1873,24613,65091880,0,0,0
bu2209,20220218,20220218,133737000,13:37:37,3478,1873,24613,65091880,0,0,0
bu2209,20220218,20220218,133737500,13:37:37,3478,1873,24613,65091880,0,0,0
bu2209,20220218,20220218,133738000,13:37:38,3478,1873,24613,65091880,0,0,0
bu2209,20220218,20220218,133738500,13:37:39,3478,1873,24613,65091880,0,0,0
bu2209,20220218,20220218,133739000,13:37:39,3478,1873,24613,65091880,0,0,0
bu2209,20220218,20220218,133739500,13:37:39,3478,1873,24613,65091880,0,0,0
bu2209,20220218,20220218,133740000,13:37:40,3478,1873,24613,65091880,0,0,0
bu2209,20220218,20220218,133740500,13:37:40,3478,1873,24613,65091880,0,0,0
bu2209,20220218,20220218,133741000,13:37:41,3478,1873,24613,65091880,0,0,0
bu2209,20220218,20220218,133741500,13:37:41,3478,1873,24613,65091880,0,0,0
bu2209,20220218,20220218,133742000,13:37:42,3478,1873,24613,65091880,0,0,0
bu2209,20220218,20220218,133743000,13:37:44,3478,1873,24613,65091880,0,0,0
bu2209,20220218,20220218,133743500,13:37:44,3478,1873,24613,65091880,0,0,0
bu2209,20220218,20220218,133744000,13:37:45,3478,1873,24613,65091880,0,0,0
bu2209,20220218,20220218,133744500,13:37:45,3478,1873,24613,65091880,0,0,0
bu2209,20220218,20220218,133745000,13:37:45,3478,1873,24613,65091880,0,0,0
bu2209,20220218,20220218,133745500,13:37:45,3478,1873,24613,65091880,0,0,0
bu2209,20220218,20220218,133746000,13:37:46,3478,1873,24613,65091880,0,0,0
bu2209,20220218,20220218,133746500,13:37:47,3478,1873,24613,65091880,0,0,0
bu2209,20220218,20220218,133747000,13:37:47,3478,1873,24613,65091880,0,0,0
bu2209,20220218,20220218,133747500,13:37:48,3478,1873,24613,65091880,0,0,0
bu2209,20220218,20220218,133748000,13:37:48,3478,1873,24613,65091880,0,0,0
bu2209,20220218,20220218,133748500,13:37:49,3478,1873,24613,65091880,0,0,0
bu2209,20220218,20220218,133749000,13:37:49,3478,1873,24613,65091880,0,0,0
bu2209,20220218,20220218,133751000,13:37:51,3478,1873,24613,65091880,0,0,0
bu2209,20220218,20220218,133751500,13:37:52,3478,1873,24613,65091880,0,0,0
bu2209,20220218,20220218,133752000,13:37:53,3478,1873,24613,65091880,0,0,0
bu2209,20220218,20220218,133752500,13:37:54,3478,1873,24613,65091880,0,0,0
bu2209,20220218,20220218,133753000,13:37:54,3478,1873,24613,65091880,0,0,0
bu2209,20220218,20220218,133755500,13:37:55,3478,1874,24613,65126660,1,0,34780
bu2209,20220218,20220218,133756000,13:37:56,3478,1874,24613,65126660,0,0,0
bu2209,20220218,20220218,133756500,13:37:57,3480,1875,24613,65161460,1,0,34800
bu2209,20220218,20220218,133757000,13:37:57,3480,1876,24613,65196260,1,0,34800
bu2209,20220218,20220218,133757500,13:37:58,3480,1876,24613,65196260,0,0,0
bu2209,20220218,20220218,133758000,13:37:58,3480,1876,24613,65196260,0,0,0
bu2209,20220218,20220218,133758500,13:37:59,3480,1876,24613,65196260,0,0,0
bu2209,20220218,20220218,133759000,13:38:00,3480,1876,24613,65196260,0,0,0
bu2209,20220218,20220218,133759500,13:38:00,3480,1876,24613,65196260,0,0,0
bu2209,20220218,20220218,133800000,13:38:02,3480,1877,24613,65231060,1,0,34800
bu2209,20220218,20220218,133800500,13:38:02,3480,1877,24613,65231060,0,0,0
bu2209,20220218,20220218,133801000,13:38:03,3480,1877,24613,65231060,0,0,0
bu2209,20220218,20220218,133802000,13:38:03,3480,1877,24613,65231060,0,0,0
bu2209,20220218,20220218,133802500,13:38:06,3480,1877,24613,65231060,0,0,0
bu2209,20220218,20220218,133803000,13:38:06,3480,1877,24613,65231060,0,0,0
bu2209,20220218,20220218,133805000,13:38:06,3480,1877,24613,65231060,0,0,0
bu2209,20220218,20220218,133806000,13:38:08,3480,1877,24613,65231060,0,0,0
bu2209,20220218,20220218,133806500,13:38:09,3480,1877,24613,65231060,0,0,0
bu2209,20220218,20220218,133807000,13:38:09,3480,1877,24613,65231060,0,0,0
bu2209,20220218,20220218,133809000,13:38:09,3480,1877,24613,65231060,0,0,0
bu2209,20220218,20220218,133810000,13:38:10,3480,1877,24613,65231060,0,0,0
bu2209,20220218,20220218,133810500,13:38:11,3480,1877,24613,65231060,0,0,0
bu2209,20220218,20220218,133811500,13:38:14,3480,1877,24613,65231060,0,0,0
bu2209,20220218,20220218,133812000,13:38:14,3480,1877,24613,65231060,0,0,0
bu2209,20220218,20220218,133812500,13:38:14,3486,1882,24615,65405260,5,2,174200
bu2209,20220218,20220218,133813500,13:38:15,3486,1882,24615,65405260,0,0,0
bu2209,20220218,20220218,133814000,13:38:17,3486,1882,24615,65405260,0,0,0
bu2209,20220218,20220218,133814500,13:38:17,3486,1882,24615,65405260,0,0,0
bu2209,20220218,20220218,133815000,13:38:17,3486,1882,24615,65405260,0,0,0
bu2209,20220218,20220218,133816500,13:38:18,3486,1882,24615,65405260,0,0,0
bu2209,20220218,20220218,133819500,13:38:20,3486,1882,24615,65405260,0,0,0
bu2209,20220218,20220218,133820000,13:38:22,3486,1882,24615,65405260,0,0,0
bu2209,20220218,20220218,133820500,13:38:22,3486,1883,24615,65440120,1,0,34860
bu2209,20220218,20220218,133821000,13:38:22,3486,1883,24615,65440120,0,0,0
bu2209,20220218,20220218,133821500,13:38:23,3486,1883,24615,65440120,0,0,0
bu2209,20220218,20220218,133822000,13:38:23,3486,1883,24615,65440120,0,0,0
bu2209,20220218,20220218,133822500,13:38:23,3484,1884,24616,65474960,1,1,34840
bu2209,20220218,20220218,133823000,13:38:24,3478,1888,24618,65614180,4,2,139220
bu2209,20220218,20220218,133823500,13:38:24,3478,1888,24618,65614180,0,0,0
bu2209,20220218,20220218,133824000,13:38:25,3478,1888,24618,65614180,0,0,0
bu2209,20220218,20220218,133824500,13:38:41,3478,1888,24618,65614180,0,0,0
bu2209,20220218,20220218,133825000,13:38:41,3478,1888,24618,65614180,0,0,0
bu2209,20220218,20220218,133825500,13:38:42,3478,1888,24618,65614180,0,0,0
bu2209,20220218,20220218,133840500,13:38:42,3478,1888,24618,65614180,0,0,0
bu2209,20220218,20220218,133841000,13:38:43,3482,1890,24617,65683840,2,-1,69660
bu2209,20220218,20220218,133841500,13:38:43,3482,1891,24617,65718660,1,0,34820
bu2209,20220218,20220218,133842000,13:38:43,3482,1891,24617,65718660,0,0,0
bu2209,20220218,20220218,133843000,13:38:43,3482,1891,24617,65718660,0,0,0
bu2209,20220218,20220218,133843500,13:38:44,3482,1891,24617,65718660,0,0,0
bu2209,20220218,20220218,133844000,13:38:44,3482,1891,24617,65718660,0,0,0
bu2209,20220218,20220218,133845000,13:38:45,3480,1894,24620,65823060,3,3,104400
bu2209,20220218,20220218,133846000,13:38:46,3480,1894,24620,65823060,0,0,0
bu2209,20220218,20220218,133858000,13:38:58,3480,1894,24620,65823060,0,0,0
bu2209,20220218,20220218,133913500,13:39:13,3480,1894,24620,65823060,0,0,0
bu2209,20220218,20220218,133914000,13:39:15,3484,1904,24620,66171460,10,0,348400
bu2209,20220218,20220218,133914500,13:39:18,3484,1914,24620,66519860,10,0,348400
bu2209,20220218,20220218,133918000,13:39:19,3484,1914,24620,66519860,0,0,0
bu2209,20220218,20220218,133925000,13:39:25,3484,1914,24620,66519860,0,0,0
bu2209,20220218,20220218,133926500,13:39:26,3484,1916,24620,66589560,2,0,69700
bu2209,20220218,20220218,133928500,13:39:28,3484,1917,24620,66624400,1,0,34840
bu2209,20220218,20220218,133929500,13:39:29,3484,1917,24620,66624400,0,0,0
bu2209,20220218,20220218,133931500,13:39:31,3484,1917,24620,66624400,0,0,0
bu2209,20220218,20220218,133933500,13:39:33,3484,1917,24620,66624400,0,0,0
bu2209,20220218,20220218,133937500,13:39:37,3484,1917,24620,66624400,0,0,0
bu2209,20220218,20220218,133938000,13:39:38,3484,1917,24620,66624400,0,0,0
bu2209,20220218,20220218,133939000,13:39:39,3484,1917,24620,66624400,0,0,0
bu2209,20220218,20220218,133945000,13:39:45,3484,1917,24620,66624400,0,0,0
bu2209,20220218,20220218,133945500,13:39:46,3484,1917,24620,66624400,0,0,0
bu2209,20220218,20220218,133946000,13:39:47,3484,1917,24620,66624400,0,0,0
bu2209,20220218,20220218,133947000,13:39:47,3484,1917,24620,66624400,0,0,0
bu2209,20220218,20220218,133947500,13:39:47,3484,1917,24620,66624400,0,0,0
bu2209,20220218,20220218,133954000,13:39:55,3484,1917,24620,66624400,0,0,0
bu2209,20220218,20220218,133957500,13:40:13,3484,1917,24620,66624400,0,0,0
bu2209,20220218,20220218,134011000,13:40:13,3484,1917,24620,66624400,0,0,0
bu2209,20220218,20220218,134016500,13:40:17,3484,1917,24620,66624400,0,0,0
bu2209,20220218,20220218,134017500,13:40:18,3484,1917,24620,66624400,0,0,0
bu2209,20220218,20220218,134021500,13:40:22,3484,1917,24620,66624400,0,0,0
bu2209,20220218,20220218,134024000,13:40:25,3484,1917,24620,66624400,0,0,0
bu2209,20220218,20220218,134024500,13:40:25,3484,1917,24620,66624400,0,0,0
bu2209,20220218,20220218,134025000,13:40:25,3484,1917,24620,66624400,0,0,0
bu2209,20220218,20220218,134025500,13:40:26,3484,1917,24620,66624400,0,0,0
bu2209,20220218,20220218,134035000,13:40:35,3484,1917,24620,66624400,0,0,0
bu2209,20220218,20220218,134037000,13:40:37,3484,1917,24620,66624400,0,0,0
bu2209,20220218,20220218,134037500,13:40:37,3484,1917,24620,66624400,0,0,0
bu2209,20220218,20220218,134038500,13:40:38,3484,1917,24620,66624400,0,0,0
bu2209,20220218,20220218,134044500,13:40:44,3484,1917,24620,66624400,0,0,0
bu2209,20220218,20220218,134052500,13:40:55,3484,1917,24620,66624400,0,0,0
bu2209,20220218,20220218,134057500,13:40:58,3484,1917,24620,66624400,0,0,0
bu2209,20220218,20220218,134058000,13:40:58,3484,1917,24620,66624400,0,0,0
bu2209,20220218,20220218,134106500,13:41:07,3484,1917,24620,66624400,0,0,0
bu2209,20220218,20220218,134109000,13:41:10,3484,1917,24620,66624400,0,0,0
bu2209,20220218,20220218,134109500,13:41:10,3484,1917,24620,66624400,0,0,0
bu2209,20220218,20220218,134110000,13:41:10,3484,1917,24620,66624400,0,0,0
bu2209,20220218,20220218,134113500,13:41:13,3484,1917,24620,66624400,0,0,0
bu2209,20220218,20220218,134114000,13:41:15,3484,1917,24620,66624400,0,0,0
bu2209,20220218,20220218,134114500,13:41:16,3484,1917,24620,66624400,0,0,0
bu2209,20220218,20220218,134115000,13:41:16,3484,1917,24620,66624400,0,0,0
bu2209,20220218,20220218,134117500,13:41:19,3484,1917,24620,66624400,0,0,0
bu2209,20220218,20220218,134118000,13:41:19,3484,1917,24620,66624400,0,0,0
bu2209,20220218,20220218,134118500,13:41:19,3484,1917,24620,66624400,0,0,0
bu2209,20220218,20220218,134119000,13:41:19,3484,1917,24620,66624400,0,0,0
bu2209,20220218,20220218,134119500,13:41:20,3484,1917,24620,66624400,0,0,0
bu2209,20220218,20220218,134123000,13:41:24,3484,1917,24620,66624400,0,0,0
bu2209,20220218,20220218,134123500,13:41:24,3484,1917,24620,66624400,0,0,0
bu2209,20220218,20220218,134124000,13:41:24,3484,1917,24620,66624400,0,0,0
bu2209,20220218,20220218,134126000,13:41:27,3484,1917,24620,66624400,0,0,0
bu2209,20220218,20220218,134132500,13:41:33,3484,1917,24620,66624400,0,0,0
bu2209,20220218,20220218,134133000,13:41:33,3484,1919,24620,66694080,2,0,69680
bu2209,20220218,20220218,134133500,13:41:34,3484,1919,24620,66694080,0,0,0
bu2209,20220218,20220218,134134000,13:41:34,3484,1919,24620,66694080,0,0,0
bu2209,20220218,20220218,134135500,13:41:39,3484,1919,24620,66694080,0,0,0
bu2209,20220218,20220218,134136000,13:41:39,3484,1919,24620,66694080,0,0,0
bu2209,20220218,20220218,134136500,13:41:40,3484,1919,24620,66694080,0,0,0
bu2209,20220218,20220218,134139500,13:41:42,3484,1919,24620,66694080,0,0,0
bu2209,20220218,20220218,134140500,13:41:42,3484,1919,24620,66694080,0,0,0
bu2209,20220218,20220218,134141500,13:41:42,3484,1919,24620,66694080,0,0,0
bu2209,20220218,20220218,134142500,13:41:42,3484,1919,24620,66694080,0,0,0
bu2209,20220218,20220218,134143000,13:41:44,3484,1919,24620,66694080,0,0,0
bu2209,20220218,20220218,134148000,13:41:48,3488,1930,24619,67077580,11,-1,383500
bu2209,20220218,20220218,134148500,13:41:48,3488,1930,24619,67077580,0,0,0
bu2209,20220218,20220218,134149000,13:41:50,3488,1930,24619,67077580,0,0,0
bu2209,20220218,20220218,134153000,13:41:53,3488,1930,24619,67077580,0,0,0
bu2209,20220218,20220218,134153500,13:42:01,3488,1930,24619,67077580,0,0,0
bu2209,20220218,20220218,134154000,13:42:02,3488,1930,24619,67077580,0,0,0
bu2209,20220218,20220218,134201500,13:42:10,3488,1930,24619,67077580,0,0,0
bu2209,20220218,20220218,134210000,13:42:12,3488,1930,24619,67077580,0,0,0
bu2209,20220218,20220218,134214000,13:42:14,3488,1930,24619,67077580,0,0,0
bu2209,20220218,20220218,134214500,13:42:15,3488,1930,24619,67077580,0,0,0
bu2209,20220218,20220218,134216000,13:42:16,3488,1930,24619,67077580,0,0,0
bu2209,20220218,20220218,134216500,13:42:17,3488,1930,24619,67077580,0,0,0
bu2209,20220218,20220218,134218000,13:42:20,3488,1930,24619,67077580,0,0,0
bu2209,20220218,20220218,134218500,13:42:20,3488,1930,24619,67077580,0,0,0
bu2209,20220218,20220218,134228500,13:42:29,3488,1930,24619,67077580,0,0,0
bu2209,20220218,20220218,134249000,13:42:49,3488,1930,24619,67077580,0,0,0
bu2209,20220218,20220218,134255000,13:42:55,3488,1930,24619,67077580,0,0,0
bu2209,20220218,20220218,134255500,13:42:55,3488,1930,24619,67077580,0,0,0
bu2209,20220218,20220218,134256000,13:42:56,3488,1930,24619,67077580,0,0,0
bu2209,20220218,20220218,134257000,13:42:59,3488,1930,24619,67077580,0,0,0
bu2209,20220218,20220218,134258000,13:42:59,3488,1930,24619,67077580,0,0,0
bu2209,20220218,20220218,134259000,13:42:59,3484,1934,24621,67216960,4,2,139380
bu2209,20220218,20220218,134259500,13:43:01,3484,1934,24621,67216960,0,0,0
bu2209,20220218,20220218,134300000,13:43:02,3484,1934,24621,67216960,0,0,0
bu2209,20220218,20220218,134301500,13:43:02,3484,1934,24621,67216960,0,0,0
bu2209,20220218,20220218,134310500,13:43:12,3484,1934,24621,67216960,0,0,0
bu2209,20220218,20220218,134314000,13:43:14,3484,1934,24621,67216960,0,0,0
bu2209,20220218,20220218,134315000,13:43:15,3484,1934,24621,67216960,0,0,0
bu2209,20220218,20220218,134317000,13:43:17,3484,1934,24621,67216960,0,0,0
bu2209,20220218,20220218,134318500,13:43:18,3484,1934,24621,67216960,0,0,0
bu2209,20220218,20220218,134330000,13:43:30,3484,1934,24621,67216960,0,0,0
bu2209,20220218,20220218,134336500,13:43:37,3484,1934,24621,67216960,0,0,0
bu2209,20220218,20220218,134352500,13:44:04,3484,1934,24621,67216960,0,0,0
bu2209,20220218,20220218,134355000,13:44:04,3484,1934,24621,67216960,0,0,0
bu2209,20220218,20220218,134403500,13:44:04,3482,1949,24621,67739380,15,0,522420
bu2209,20220218,20220218,134404000,13:44:04,3482,1949,24621,67739380,0,0,0
bu2209,20220218,20220218,134410500,13:44:17,3482,1949,24621,67739380,0,0,0
bu2209,20220218,20220218,134415000,13:44:17,3482,1949,24621,67739380,0,0,0
bu2209,20220218,20220218,134421500,13:44:23,3482,1949,24621,67739380,0,0,0
bu2209,20220218,20220218,134430500,13:44:37,3482,1949,24621,67739380,0,0,0
bu2209,20220218,20220218,134431000,13:44:37,3482,1949,24621,67739380,0,0,0
bu2209,20220218,20220218,134437000,13:44:37,3482,1949,24621,67739380,0,0,0
bu2209,20220218,20220218,134437500,13:44:37,3482,1949,24621,67739380,0,0,0
bu2209,20220218,20220218,134438000,13:44:38,3482,1949,24621,67739380,0,0,0
bu2209,20220218,20220218,134447000,13:44:47,3480,1978,24637,68748980,29,16,1009600
bu2209,20220218,20220218,134447500,13:44:47,3480,1984,24638,68957780,6,1,208800
bu2209,20220218,20220218,134448000,13:44:48,3480,1986,24640,69027380,2,2,69600
bu2209,20220218,20220218,134449000,13:44:50,3480,1986,24640,69027380,0,0,0
bu2209,20220218,20220218,134452000,13:44:53,3480,1986,24640,69027380,0,0,0
bu2209,20220218,20220218,134453000,13:44:53,3478,1995,24649,69340400,9,9,313020
bu2209,20220218,20220218,134453500,13:44:54,3478,1996,24649,69375180,1,0,34780
bu2209,20220218,20220218,134454000,13:44:54,3478,1996,24649,69375180,0,0,0
bu2209,20220218,20220218,134454500,13:44:55,3478,1996,24649,69375180,0,0,0
bu2209,20220218,20220218,134455500,13:44:56,3478,1996,24649,69375180,0,0,0
bu2209,20220218,20220218,134456500,13:44:56,3478,1996,24649,69375180,0,0,0
bu2209,20220218,20220218,134459500,13:44:59,3478,1996,24649,69375180,0,0,0
bu2209,20220218,20220218,134500000,13:45:00,3484,1997,24648,69410020,1,-1,34840
bu2209,20220218,20220218,134500500,13:45:01,3484,1997,24648,69410020,0,0,0
bu2209,20220218,20220218,134501000,13:45:01,3484,1997,24648,69410020,0,0,0
bu2209,20220218,20220218,134508000,13:45:09,3480,2008,24648,69792860,11,0,382840
bu2209,20220218,20220218,134508500,13:45:09,3480,2008,24648,69792860,0,0,0
bu2209,20220218,20220218,134509000,13:45:10,3480,2008,24648,69792860,0,0,0
bu2209,20220218,20220218,134509500,13:45:10,3480,2008,24648,69792860,0,0,0
bu2209,20220218,20220218,134510000,13:45:10,3480,2008,24648,69792860,0,0,0
bu2209,20220218,20220218,134510500,13:45:11,3480,2008,24648,69792860,0,0,0
bu2209,20220218,20220218,134511000,13:45:11,3480,2008,24648,69792860,0,0,0
bu2209,20220218,20220218,134511500,13:45:12,3480,2008,24648,69792860,0,0,0
bu2209,20220218,20220218,134512000,13:45:12,3480,2008,24648,69792860,0,0,0
bu2209,20220218,20220218,134512500,13:45:13,3480,2008,24648,69792860,0,0,0
bu2209,20220218,20220218,134513000,13:45:14,3480,2008,24648,69792860,0,0,0
bu2209,20220218,20220218,134513500,13:45:15,3480,2008,24648,69792860,0,0,0
bu2209,20220218,20220218,134514000,13:45:15,3480,2008,24648,69792860,0,0,0
bu2209,20220218,20220218,134515500,13:45:17,3480,2008,24648,69792860,0,0,0
bu2209,20220218,20220218,134520500,13:45:23,3480,2018,24658,70140860,10,10,348000
bu2209,20220218,20220218,134521000,13:45:23,3480,2018,24658,70140860,0,0,0
bu2209,20220218,20220218,134521500,13:45:23,3480,2018,24658,70140860,0,0,0
bu2209,20220218,20220218,134522500,13:45:24,3480,2018,24658,70140860,0,0,0
bu2209,20220218,20220218,134527000,13:45:30,3480,2030,24656,70558660,12,-2,417800
bu2209,20220218,20220218,134529500,13:45:30,3482,2032,24656,70628300,2,0,69640
bu2209,20220218,20220218,134530000,13:45:30,3482,2032,24656,70628300,0,0,0
bu2209,20220218,20220218,134532000,13:45:33,3482,2032,24656,70628300,0,0,0
bu2209,20220218,20220218,134532500,13:45:33,3482,2032,24656,70628300,0,0,0
bu2209,20220218,20220218,134533000,13:45:33,3482,2032,24656,70628300,0,0,0
bu2209,20220218,20220218,134533500,13:45:34,3482,2032,24656,70628300,0,0,0
bu2209,20220218,20220218,134534500,13:45:35,3482,2035,24656,70732760,3,0,104460
bu2209,20220218,20220218,134535000,13:45:35,3482,2042,24663,70976500,7,7,243740
bu2209,20220218,20220218,134535500,13:45:35,3482,2042,24663,70976500,0,0,0
bu2209,20220218,20220218,134537000,13:45:37,3482,2042,24663,70976500,0,0,0
bu2209,20220218,20220218,134537500,13:45:38,3482,2042,24663,70976500,0,0,0
bu2209,20220218,20220218,134538000,13:45:38,3482,2042,24663,70976500,0,0,0
bu2209,20220218,20220218,134538500,13:45:39,3482,2042,24663,70976500,0,0,0
bu2209,20220218,20220218,134539000,13:45:40,3482,2042,24663,70976500,0,0,0
bu2209,20220218,20220218,134539500,13:45:40,3482,2042,24663,70976500,0,0,0
bu2209,20220218,20220218,134540000,13:45:40,3482,2042,24663,70976500,0,0,0
bu2209,20220218,20220218,134540500,13:45:40,3482,2042,24663,70976500,0,0,0
bu2209,20220218,20220218,134545500,13:45:46,3482,2042,24663,70976500,0,0,0
bu2209,20220218,20220218,134546000,13:45:47,3482,2042,24663,70976500,0,0,0
bu2209,20220218,20220218,134546500,13:45:47,3482,2042,24663,70976500,0,0,0
bu2209,20220218,20220218,134547000,13:45:47,3482,2042,24663,70976500,0,0,0
bu2209,20220218,20220218,134548000,13:45:48,3482,2042,24663,70976500,0,0,0
bu2209,20220218,20220218,134552500,13:45:54,3482,2042,24663,70976500,0,0,0
bu2209,20220218,20220218,134554500,13:45:55,3482,2042,24663,70976500,0,0,0
bu2209,20220218,20220218,134555000,13:45:56,3482,2042,24663,70976500,0,0,0
bu2209,20220218,20220218,134559500,13:46:01,3482,2042,24663,70976500,0,0,0
bu2209,20220218,20220218,134605000,13:46:05,3482,2042,24663,70976500,0,0,0
bu2209,20220218,20220218,134606000,13:46:06,3482,2042,24663,70976500,0,0,0
bu2209,20220218,20220218,134606500,13:46:07,3482,2042,24663,70976500,0,0,0
bu2209,20220218,20220218,134607000,13:46:07,3482,2042,24663,70976500,0,0,0
bu2209,20220218,20220218,134607500,13:46:08,3482,2042,24663,70976500,0,0,0
bu2209,20220218,20220218,134608000,13:46:09,3482,2042,24663,70976500,0,0,0
bu2209,20220218,20220218,134608500,13:46:09,3482,2042,24663,70976500,0,0,0
bu2209,20220218,20220218,134609000,13:46:09,3482,2042,24663,70976500,0,0,0
bu2209,20220218,20220218,134609500,13:46:10,3482,2042,24663,70976500,0,0,0
bu2209,20220218,20220218,134610000,13:46:11,3482,2042,24663,70976500,0,0,0
bu2209,20220218,20220218,134610500,13:46:11,3482,2042,24663,70976500,0,0,0
bu2209,20220218,20220218,134611000,13:46:11,3482,2042,24663,70976500,0,0,0
bu2209,20220218,20220218,134611500,13:46:11,3482,2042,24663,70976500,0,0,0
bu2209,20220218,20220218,134612000,13:46:13,3482,2042,24663,70976500,0,0,0
bu2209,20220218,20220218,134612500,13:46:13,3482,2042,24663,70976500,0,0,0
bu2209,20220218,20220218,134613000,13:46:13,3482,2042,24663,70976500,0,0,0
bu2209,20220218,20220218,134613500,13:46:14,3482,2042,24663,70976500,0,0,0
bu2209,20220218,20220218,134614000,13:46:14,3482,2042,24663,70976500,0,0,0
bu2209,20220218,20220218,134614500,13:46:15,3482,2042,24663,70976500,0,0,0
bu2209,20220218,20220218,134615000,13:46:16,3482,2042,24663,70976500,0,0,0
bu2209,20220218,20220218,134615500,13:46:17,3482,2042,24663,70976500,0,0,0
bu2209,20220218,20220218,134616000,13:46:18,3482,2062,24666,71672900,20,3,696400
bu2209,20220218,20220218,134616500,13:46:18,3482,2062,24666,71672900,0,0,0
bu2209,20220218,20220218,134617500,13:46:18,3482,2062,24666,71672900,0,0,0
bu2209,20220218,20220218,134618000,13:46:18,3482,2062,24666,71672900,0,0,0
bu2209,20220218,20220218,134622500,13:46:30,3482,2062,24666,71672900,0,0,0
bu2209,20220218,20220218,134626500,13:46:31,3482,2062,24666,71672900,0,0,0
bu2209,20220218,20220218,134635000,13:46:35,3482,2063,24667,71707720,1,1,34820
bu2209,20220218,20220218,134635500,13:46:36,3482,2072,24667,72021100,9,0,313380
bu2209,20220218,20220218,134636000,13:46:37,3482,2072,24667,72021100,0,0,0
bu2209,20220218,20220218,134637000,13:46:37,3482,2072,24667,72021100,0,0,0
bu2209,20220218,20220218,134637500,13:46:38,3482,2072,24667,72021100,0,0,0
bu2209,20220218,20220218,134638500,13:46:39,3484,2073,24666,72055940,1,-1,34840
bu2209,20220218,20220218,134641500,13:46:43,3484,2073,24666,72055940,0,0,0
bu2209,20220218,20220218,134647500,13:46:47,3482,2083,24668,72404140,10,2,348200
bu2209,20220218,20220218,134649000,13:46:50,3482,2083,24668,72404140,0,0,0
bu2209,20220218,20220218,134649500,13:46:50,3482,2083,24668,72404140,0,0,0
bu2209,20220218,20220218,134650000,13:46:50,3484,2085,24667,72473820,2,-1,69680
bu2209,20220218,20220218,134651500,13:46:51,3484,2085,24667,72473820,0,0,0
bu2209,20220218,20220218,134653000,13:46:54,3484,2085,24667,72473820,0,0,0
bu2209,20220218,20220218,134653500,13:46:54,3484,2085,24667,72473820,0,0,0
bu2209,20220218,20220218,134654000,13:46:55,3484,2085,24667,72473820,0,0,0
bu2209,20220218,20220218,134654500,13:46:55,3484,2085,24667,72473820,0,0,0
bu2209,20220218,20220218,134657000,13:46:57,3484,2085,24667,72473820,0,0,0
bu2209,20220218,20220218,134700000,13:47:00,3484,2085,24667,72473820,0,0,0
bu2209,20220218,20220218,134703500,13:47:03,3482,2089,24671,72613100,4,4,139280
bu2209,20220218,20220218,134704000,13:47:04,3482,2095,24671,72822020,6,0,208920
bu2209,20220218,20220218,134704500,13:47:05,3482,2096,24671,72856840,1,0,34820
bu2209,20220218,20220218,134705000,13:47:05,3482,2096,24671,72856840,0,0,0
bu2209,20220218,20220218,134707000,13:47:10,3482,2096,24671,72856840,0,0,0
bu2209,20220218,20220218,134708000,13:47:11,3482,2096,24671,72856840,0,0,0
bu2209,20220218,20220218,134711500,13:47:16,3482,2096,24671,72856840,0,0,0
bu2209,20220218,20220218,134716500,13:47:17,3482,2096,24671,72856840,0,0,0
bu2209,20220218,20220218,134717000,13:47:17,3482,2096,24671,72856840,0,0,0
bu2209,20220218,20220218,134717500,13:47:19,3482,2096,24671,72856840,0,0,0
bu2209,20220218,20220218,134718500,13:47:19,3482,2096,24671,72856840,0,0,0
bu2209,20220218,20220218,134719000,13:47:19,3482,2096,24671,72856840,0,0,0
bu2209,20220218,20220218,134719500,13:47:19,3482,2096,24671,72856840,0,0,0
bu2209,20220218,20220218,134721000,13:47:22,3480,2099,24672,72961240,3,1,104400
bu2209,20220218,20220218,134721500,13:47:22,3480,2101,24672,73030840,2,0,69600
bu2209,20220218,20220218,134726500,13:47:27,3480,2101,24672,73030840,0,0,0
bu2209,20220218,20220218,134729000,13:47:29,3480,2101,24672,73030840,0,0,0
bu2209,20220218,20220218,134731500,13:47:31,3480,2101,24672,73030840,0,0,0
bu2209,20220218,20220218,134732000,13:47:32,3480,2101,24672,73030840,0,0,0
bu2209,20220218,20220218,134732500,13:47:33,3480,2101,24672,73030840,0,0,0
bu2209,20220218,20220218,134733000,13:47:34,3480,2101,24672,73030840,0,0,0
bu2209,20220218,20220218,134734000,13:47:36,3480,2101,24672,73030840,0,0,0
bu2209,20220218,20220218,134736500,13:47:37,3480,2101,24672,73030840,0,0,0
bu2209,20220218,20220218,134737000,13:47:37,3476,2106,24675,73204680,5,3,173840
bu2209,20220218,20220218,134737500,13:47:38,3476,2106,24675,73204680,0,0,0
bu2209,20220218,20220218,134738000,13:47:38,3476,2106,24675,73204680,0,0,0
bu2209,20220218,20220218,134738500,13:47:39,3478,2107,24674,73239460,1,-1,34780
bu2209,20220218,20220218,134739000,13:47:40,3478,2107,24674,73239460,0,0,0
bu2209,20220218,20220218,134742000,13:47:42,3478,2107,24674,73239460,0,0,0
bu2209,20220218,20220218,134745500,13:47:46,3478,2107,24674,73239460,0,0,0
bu2209,20220218,20220218,134746000,13:47:47,3478,2107,24674,73239460,0,0,0
bu2209,20220218,20220218,134747500,13:47:47,3478,2107,24674,73239460,0,0,0
bu2209,20220218,20220218,134748000,13:47:48,3478,2107,24674,73239460,0,0,0
bu2209,20220218,20220218,134748500,13:47:48,3478,2107,24674,73239460,0,0,0
bu2209,20220218,20220218,134750000,13:47:50,3478,2107,24674,73239460,0,0,0
bu2209,20220218,20220218,134750500,13:47:50,3478,2107,24674,73239460,0,0,0
bu2209,20220218,20220218,134756500,13:47:56,3478,2108,24675,73274240,1,1,34780
bu2209,20220218,20220218,134758000,13:47:58,3478,2111,24675,73378580,3,0,104340
bu2209,20220218,20220218,134759500,13:48:00,3478,2111,24675,73378580,0,0,0
bu2209,20220218,20220218,134800500,13:48:00,3478,2111,24675,73378580,0,0,0
bu2209,20220218,20220218,134802000,13:48:02,3478,2111,24675,73378580,0,0,0
bu2209,20220218,20220218,134805000,13:48:05,3478,2111,24675,73378580,0,0,0
bu2209,20220218,20220218,134806000,13:48:06,3478,2111,24675,73378580,0,0,0
bu2209,20220218,20220218,134807000,13:48:07,3478,2111,24675,73378580,0,0,0
bu2209,20220218,20220218,134808000,13:48:08,3478,2111,24675,73378580,0,0,0
bu2209,20220218,20220218,134809000,13:48:09,3478,2111,24675,73378580,0,0,0
bu2209,20220218,20220218,134810500,13:48:10,3478,2111,24675,73378580,0,0,0
bu2209,20220218,20220218,134811000,13:48:11,3478,2111,24675,73378580,0,0,0
bu2209,20220218,20220218,134813500,13:48:13,3478,2111,24675,73378580,0,0,0
bu2209,20220218,20220218,134816000,13:48:16,3478,2111,24675,73378580,0,0,0
bu2209,20220218,20220218,134817000,13:48:18,3478,2111,24675,73378580,0,0,0
bu2209,20220218,20220218,134818000,13:48:19,3478,2111,24675,73378580,0,0,0
bu2209,20220218,20220218,134818500,13:48:20,3476,2117,24675,73587140,6,0,208560
bu2209,20220218,20220218,134821500,13:48:23,3476,2117,24675,73587140,0,0,0
bu2209,20220218,20220218,134826500,13:48:27,3476,2117,24675,73587140,0,0,0
bu2209,20220218,20220218,134827500,13:48:28,3476,2117,24675,73587140,0,0,0
bu2209,20220218,20220218,134832500,13:48:32,3476,2117,24675,73587140,0,0,0
bu2209,20220218,20220218,134833500,13:48:34,3476,2117,24675,73587140,0,0,0
bu2209,20220218,20220218,134834000,13:48:36,3476,2117,24675,73587140,0,0,0
bu2209,20220218,20220218,134837000,13:48:37,3476,2117,24675,73587140,0,0,0
bu2209,20220218,20220218,134848500,13:48:48,3476,2117,24675,73587140,0,0,0
bu2209,20220218,20220218,134850000,13:48:50,3476,2117,24675,73587140,0,0,0
bu2209,20220218,20220218,134852000,13:48:52,3476,2117,24675,73587140,0,0,0
bu2209,20220218,20220218,134858000,13:48:59,3476,2117,24675,73587140,0,0,0
bu2209,20220218,20220218,134917500,13:49:17,3476,2117,24675,73587140,0,0,0
bu2209,20220218,20220218,134918000,13:49:18,3478,2118,24674,73621920,1,-1,34780
bu2209,20220218,20220218,134918500,13:49:19,3478,2121,24674,73726260,3,0,104340
bu2209,20220218,20220218,134919500,13:49:20,3478,2121,24674,73726260,0,0,0
bu2209,20220218,20220218,134924500,13:49:25,3478,2121,24674,73726260,0,0,0
bu2209,20220218,20220218,134925000,13:49:25,3478,2121,24674,73726260,0,0,0
bu2209,20220218,20220218,134926000,13:49:26,3478,2121,24674,73726260,0,0,0
bu2209,20220218,20220218,134926500,13:49:27,3478,2121,24674,73726260,0,0,0
bu2209,20220218,20220218,134927000,13:49:28,3478,2121,24674,73726260,0,0,0
bu2209,20220218,20220218,134927500,13:49:28,3478,2121,24674,73726260,0,0,0
bu2209,20220218,20220218,134928500,13:49:29,3478,2121,24674,73726260,0,0,0
bu2209,20220218,20220218,134929500,13:49:30,3478,2121,24674,73726260,0,0,0
bu2209,20220218,20220218,134930000,13:49:30,3478,2121,24674,73726260,0,0,0
bu2209,20220218,20220218,134930500,13:49:31,3478,2121,24674,73726260,0,0,0
bu2209,20220218,20220218,134931000,13:49:31,3478,2121,24674,73726260,0,0,0
bu2209,20220218,20220218,134931500,13:49:32,3478,2121,24674,73726260,0,0,0
bu2209,20220218,20220218,134932000,13:49:32,3478,2121,24674,73726260,0,0,0
bu2209,20220218,20220218,134932500,13:49:32,3478,2121,24674,73726260,0,0,0
bu2209,20220218,20220218,134933000,13:49:33,3478,2121,24674,73726260,0,0,0
bu2209,20220218,20220218,134933500,13:49:34,3478,2121,24674,73726260,0,0,0
bu2209,20220218,20220218,134934000,13:49:34,3478,2121,24674,73726260,0,0,0
bu2209,20220218,20220218,134934500,13:49:35,3478,2121,24674,73726260,0,0,0
bu2209,20220218,20220218,134935000,13:49:35,3478,2121,24674,73726260,0,0,0
bu2209,20220218,20220218,134935500,13:49:36,3478,2121,24674,73726260,0,0,0
bu2209,20220218,20220218,134936000,13:49:36,3478,2121,24674,73726260,0,0,0
bu2209,20220218,20220218,134936500,13:49:36,3478,2121,24674,73726260,0,0,0
bu2209,20220218,20220218,134937000,13:49:37,3478,2121,24674,73726260,0,0,0
bu2209,20220218,20220218,134939500,13:49:39,3478,2121,24674,73726260,0,0,0
bu2209,20220218,20220218,134940000,13:49:40,3478,2121,24674,73726260,0,0,0
bu2209,20220218,20220218,134952000,13:49:52,3478,2121,24674,73726260,0,0,0
bu2209,20220218,20220218,134952500,13:49:54,3478,2121,24674,73726260,0,0,0
bu2209,20220218,20220218,134954500,13:49:55,3478,2121,24674,73726260,0,0,0
bu2209,20220218,20220218,134955500,13:49:56,3480,2122,24673,73761060,1,-1,34800
bu2209,20220218,20220218,134956000,13:49:56,3480,2122,24673,73761060,0,0,0
bu2209,20220218,20220218,134956500,13:49:57,3480,2122,24673,73761060,0,0,0
bu2209,20220218,20220218,135001500,13:50:02,3480,2122,24673,73761060,0,0,0
bu2209,20220218,20220218,135002500,13:50:03,3480,2122,24673,73761060,0,0,0
bu2209,20220218,20220218,135005500,13:50:06,3480,2122,24673,73761060,0,0,0
bu2209,20220218,20220218,135006000,13:50:06,3480,2122,24673,73761060,0,0,0
bu2209,20220218,20220218,135006500,13:50:07,3480,2122,24673,73761060,0,0,0
bu2209,20220218,20220218,135007000,13:50:07,3480,2122,24673,73761060,0,0,0
bu2209,20220218,20220218,135007500,13:50:09,3480,2122,24673,73761060,0,0,0
bu2209,20220218,20220218,135008000,13:50:25,3480,2122,24673,73761060,0,0,0
bu2209,20220218,20220218,135008500,13:50:25,3480,2122,24673,73761060,0,0,0
bu2209,20220218,20220218,135009000,13:50:26,3480,2122,24673,73761060,0,0,0
bu2209,20220218,20220218,135009500,13:50:26,3480,2122,24673,73761060,0,0,0
bu2209,20220218,20220218,135010000,13:50:26,3480,2122,24673,73761060,0,0,0
bu2209,20220218,20220218,135023500,13:50:27,3480,2122,24673,73761060,0,0,0
bu2209,20220218,20220218,135027000,13:50:35,3480,2123,24673,73795860,1,0,34800
bu2209,20220218,20220218,135029000,13:50:35,3480,2123,24673,73795860,0,0,0
bu2209,20220218,20220218,135036500,13:50:38,3480,2123,24673,73795860,0,0,0
bu2209,20220218,20220218,135040500,13:50:41,3480,2123,24673,73795860,0,0,0
bu2209,20220218,20220218,135043000,13:50:43,3480,2123,24673,73795860,0,0,0
bu2209,20220218,20220218,135105500,13:51:06,3480,2123,24673,73795860,0,0,0
bu2209,20220218,20220218,135106500,13:51:09,3480,2123,24673,73795860,0,0,0
bu2209,20220218,20220218,135117500,13:51:21,3482,2125,24672,73865500,2,-1,69640
bu2209,20220218,20220218,135148500,13:51:49,3482,2125,24672,73865500,0,0,0
bu2209,20220218,20220218,135149500,13:51:50,3482,2125,24672,73865500,0,0,0
bu2209,20220218,20220218,135156500,13:51:57,3484,2126,24671,73900340,1,-1,34840
bu2209,20220218,20220218,135159000,13:51:59,3484,2126,24671,73900340,0,0,0
bu2209,20220218,20220218,135203000,13:52:04,3484,2126,24671,73900340,0,0,0
bu2209,20220218,20220218,135213000,13:52:13,3484,2126,24671,73900340,0,0,0
bu2209,20220218,20220218,135213500,13:52:13,3482,2128,24669,73969980,2,-2,69640
bu2209,20220218,20220218,135214000,13:52:14,3482,2128,24669,73969980,0,0,0
bu2209,20220218,20220218,135216500,13:52:17,3482,2128,24669,73969980,0,0,0
bu2209,20220218,20220218,135231000,13:52:32,3482,2128,24669,73969980,0,0,0
bu2209,20220218,20220218,135231500,13:52:32,3482,2128,24669,73969980,0,0,0
bu2209,20220218,20220218,135234500,13:52:35,3482,2128,24669,73969980,0,0,0
bu2209,20220218,20220218,135253000,13:52:53,3482,2128,24669,73969980,0,0,0
bu2209,20220218,20220218,135304000,13:53:06,3482,2134,24670,74178900,6,1,208920
bu2209,20220218,20220218,135304500,13:53:06,3482,2134,24670,74178900,0,0,0
bu2209,20220218,20220218,135305500,13:53:08,3482,2134,24670,74178900,0,0,0
bu2209,20220218,20220218,135306000,13:53:08,3482,2134,24670,74178900,0,0,0
bu2209,20220218,20220218,135306500,13:53:09,3482,2134,24670,74178900,0,0,0
bu2209,20220218,20220218,135309000,13:53:09,3482,2134,24670,74178900,0,0,0
bu2209,20220218,20220218,135309500,13:53:09,3482,2134,24670,74178900,0,0,0
bu2209,20220218,20220218,135310000,13:53:10,3482,2134,24670,74178900,0,0,0
bu2209,20220218,20220218,135310500,13:53:11,3482,2134,24670,74178900,0,0,0
bu2209,20220218,20220218,135311000,13:53:11,3482,2134,24670,74178900,0,0,0
bu2209,20220218,20220218,135311500,13:53:12,3482,2134,24670,74178900,0,0,0
bu2209,20220218,20220218,135312000,13:53:12,3482,2134,24670,74178900,0,0,0
bu2209,20220218,20220218,135312500,13:53:13,3482,2134,24670,74178900,0,0,0
bu2209,20220218,20220218,135313000,13:53:13,3482,2134,24670,74178900,0,0,0
bu2209,20220218,20220218,135313500,13:53:13,3482,2134,24670,74178900,0,0,0
bu2209,20220218,20220218,135314000,13:53:14,3482,2134,24670,74178900,0,0,0
bu2209,20220218,20220218,135314500,13:53:15,3482,2134,24670,74178900,0,0,0
bu2209,20220218,20220218,135315000,13:53:15,3482,2134,24670,74178900,0,0,0
bu2209,20220218,20220218,135315500,13:53:16,3482,2134,24670,74178900,0,0,0
bu2209,20220218,20220218,135316000,13:53:16,3482,2134,24670,74178900,0,0,0
bu2209,20220218,20220218,135316500,13:53:20,3482,2134,24670,74178900,0,0,0
bu2209,20220218,20220218,135317000,13:53:20,3482,2134,24670,74178900,0,0,0
bu2209,20220218,20220218,135317500,13:53:20,3482,2134,24670,74178900,0,0,0
bu2209,20220218,20220218,135318500,13:53:20,3482,2134,24670,74178900,0,0,0
bu2209,20220218,20220218,135320500,13:53:21,3482,2134,24670,74178900,0,0,0
bu2209,20220218,20220218,135321000,13:53:21,3482,2134,24670,74178900,0,0,0
bu2209,20220218,20220218,135321500,13:53:22,3482,2134,24670,74178900,0,0,0
bu2209,20220218,20220218,135322000,13:53:22,3482,2134,24670,74178900,0,0,0
bu2209,20220218,20220218,135322500,13:53:23,3482,2134,24670,74178900,0,0,0
bu2209,20220218,20220218,135323000,13:53:23,3482,2134,24670,74178900,0,0,0
bu2209,20220218,20220218,135323500,13:53:23,3482,2134,24670,74178900,0,0,0
bu2209,20220218,20220218,135324000,13:53:26,3482,2134,24670,74178900,0,0,0
bu2209,20220218,20220218,135325000,13:53:26,3482,2134,24670,74178900,0,0,0
bu2209,20220218,20220218,135325500,13:53:26,3482,2134,24670,74178900,0,0,0
bu2209,20220218,20220218,135326000,13:53:26,3482,2134,24670,74178900,0,0,0
bu2209,20220218,20220218,135326500,13:53:26,3482,2134,24670,74178900,0,0,0
bu2209,20220218,20220218,135327000,13:53:27,3482,2134,24670,74178900,0,0,0
bu2209,20220218,20220218,135327500,13:53:28,3482,2134,24670,74178900,0,0,0
bu2209,20220218,20220218,135328000,13:53:29,3482,2134,24670,74178900,0,0,0
bu2209,20220218,20220218,135328500,13:53:29,3482,2134,24670,74178900,0,0,0
bu2209,20220218,20220218,135329000,13:53:29,3482,2134,24670,74178900,0,0,0
bu2209,20220218,20220218,135329500,13:53:29,3482,2134,24670,74178900,0,0,0
bu2209,20220218,20220218,135330000,13:53:30,3482,2134,24670,74178900,0,0,0
bu2209,20220218,20220218,135330500,13:53:31,3482,2134,24670,74178900,0,0,0
bu2209,20220218,20220218,135331000,13:53:31,3482,2134,24670,74178900,0,0,0
bu2209,20220218,20220218,135331500,13:53:32,3482,2134,24670,74178900,0,0,0
bu2209,20220218,20220218,135332000,13:53:32,3482,2134,24670,74178900,0,0,0
bu2209,20220218,20220218,135332500,13:53:33,3482,2134,24670,74178900,0,0,0
bu2209,20220218,20220218,135333000,13:53:33,3482,2134,24670,74178900,0,0,0
bu2209,20220218,20220218,135333500,13:53:33,3482,2134,24670,74178900,0,0,0
bu2209,20220218,20220218,135334000,13:53:35,3482,2134,24670,74178900,0,0,0
bu2209,20220218,20220218,135334500,13:53:35,3482,2134,24670,74178900,0,0,0
bu2209,20220218,20220218,135335000,13:53:36,3482,2134,24670,74178900,0,0,0
bu2209,20220218,20220218,135335500,13:53:36,3482,2134,24670,74178900,0,0,0
bu2209,20220218,20220218,135336000,13:53:44,3482,2134,24670,74178900,0,0,0
bu2209,20220218,20220218,135343000,13:53:45,3482,2134,24670,74178900,0,0,0
bu2209,20220218,20220218,135357000,13:53:57,3480,2135,24671,74213700,1,1,34800
bu2209,20220218,20220218,135358000,13:53:59,3480,2135,24671,74213700,0,0,0
bu2209,20220218,20220218,135405500,13:54:09,3480,2135,24671,74213700,0,0,0
bu2209,20220218,20220218,135408500,13:54:09,3480,2135,24671,74213700,0,0,0
bu2209,20220218,20220218,135409000,13:54:10,3480,2135,24671,74213700,0,0,0
bu2209,20220218,20220218,135418500,13:54:18,3480,2135,24671,74213700,0,0,0
bu2209,20220218,20220218,135419000,13:54:19,3480,2135,24671,74213700,0,0,0
bu2209,20220218,20220218,135419500,13:54:20,3480,2135,24671,74213700,0,0,0
bu2209,20220218,20220218,135422000,13:54:22,3480,2135,24671,74213700,0,0,0
bu2209,20220218,20220218,135422500,13:54:22,3480,2135,24671,74213700,0,0,0
bu2209,20220218,20220218,135441500,13:54:42,3480,2135,24671,74213700,0,0,0
bu2209,20220218,20220218,135444000,13:54:44,3480,2135,24671,74213700,0,0,0
bu2209,20220218,20220218,135459500,13:55:00,3480,2135,24671,74213700,0,0,0
bu2209,20220218,20220218,135502500,13:55:03,3480,2135,24671,74213700,0,0,0
bu2209,20220218,20220218,135535000,13:55:35,3480,2136,24671,74248500,1,0,34800
bu2209,20220218,20220218,135539500,13:55:40,3480,2136,24671,74248500,0,0,0
bu2209,20220218,20220218,135541500,13:55:41,3480,2136,24671,74248500,0,0,0
bu2209,20220218,20220218,135542000,13:55:42,3480,2136,24671,74248500,0,0,0
bu2209,20220218,20220218,135542500,13:55:42,3480,2136,24671,74248500,0,0,0
bu2209,20220218,20220218,135543000,13:55:45,3480,2136,24671,74248500,0,0,0
bu2209,20220218,20220218,135543500,13:55:45,3480,2136,24671,74248500,0,0,0
bu2209,20220218,20220218,135544000,13:55:45,3480,2136,24671,74248500,0,0,0
bu2209,20220218,20220218,135544500,13:55:45,3480,2136,24671,74248500,0,0,0
bu2209,20220218,20220218,135546000,13:55:46,3480,2136,24671,74248500,0,0,0
bu2209,20220218,20220218,135546500,13:55:47,3480,2136,24671,74248500,0,0,0
bu2209,20220218,20220218,135553000,13:55:53,3482,2137,24671,74283320,1,0,34820
bu2209,20220218,20220218,135554000,13:55:54,3482,2137,24671,74283320,0,0,0
bu2209,20220218,20220218,135557500,13:55:58,3482,2137,24671,74283320,0,0,0
bu2209,20220218,20220218,135559000,13:55:59,3482,2139,24672,74352960,2,1,69640
bu2209,20220218,20220218,135559500,13:55:59,3482,2139,24672,74352960,0,0,0
bu2209,20220218,20220218,135600000,13:56:02,3482,2140,24671,74387780,1,-1,34820
bu2209,20220218,20220218,135600500,13:56:02,3482,2140,24671,74387780,0,0,0
bu2209,20220218,20220218,135601000,13:56:03,3482,2140,24671,74387780,0,0,0
bu2209,20220218,20220218,135602000,13:56:11,3482,2140,24671,74387780,0,0,0
bu2209,20220218,20220218,135603500,13:56:23,3482,2140,24671,74387780,0,0,0
bu2209,20220218,20220218,135617000,13:56:23,3482,2140,24671,74387780,0,0,0
bu2209,20220218,20220218,135627500,13:56:35,3482,2140,24671,74387780,0,0,0
