bu2206,20220218,20220218,112004000,11:20:09,0,0,0,0,0,0,0
bu2206,20220218,20220218,112002700,11:20:10,3452,350843,491488,12176481600,350843,491488,12176481600
bu2206,20220218,20220218,112006000,11:20:10,3454,350886,491490,12177966800,43,2,1485200
bu2206,20220218,20220218,112006500,11:20:10,3454,350887,491491,12178001340,1,1,34540
bu2206,20220218,20220218,112007000,11:20:10,3454,350887,491491,12178001340,0,0,0
bu2206,20220218,20220218,112007500,11:20:10,3454,350887,491491,12178001340,0,0,0
bu2206,20220218,20220218,112008000,11:20:10,3454,350887,491491,12178001340,0,0,0
bu2206,20220218,20220218,112008500,11:20:10,3454,350887,491491,12178001340,0,0,0
bu2206,20220218,20220218,112009000,11:20:10,3454,350887,491491,12178001340,0,0,0
bu2206,20220218,20220218,112009500,11:20:10,3454,350888,491491,12178035880,1,0,34540
bu2206,20220218,20220218,112010000,11:20:10,3454,350888,491491,12178035880,0,0,0
bu2206,20220218,20220218,112010500,11:20:10,3454,350888,491491,12178035880,0,0,0
bu2206,20220218,20220218,112011000,11:20:11,3454,350888,491491,12178035880,0,0,0
bu2206,20220218,20220218,112011500,11:20:12,3454,350888,491491,12178035880,0,0,0
bu2206,20220218,20220218,112012000,11:20:12,3454,350888,491491,12178035880,0,0,0
bu2206,20220218,20220218,112012500,11:20:13,3454,350888,491491,12178035880,0,0,0
bu2206,20220218,20220218,112013000,11:20:13,3454,350899,491489,12178415820,11,-2,379940
bu2206,20220218,20220218,112013500,11:20:13,3454,350899,491489,12178415820,0,0,0
bu2206,20220218,20220218,112014000,11:20:14,3454,350899,491489,12178415820,0,0,0
bu2206,20220218,20220218,112014500,11:20:14,3454,350899,491489,12178415820,0,0,0
bu2206,20220218,20220218,112015000,11:20:15,3454,350899,491489,12178415820,0,0,0
bu2206,20220218,20220218,112015500,11:20:16,3454,350901,491488,12178484900,2,-1,69080
bu2206,20220218,20220218,112016000,11:20:16,3454,350901,491488,12178484900,0,0,0
bu2206,20220218,20220218,112016500,11:20:16,3454,350901,491488,12178484900,0,0,0
bu2206,20220218,20220218,112017000,11:20:17,3452,350909,491488,12178761060,8,0,276160
bu2206,20220218,20220218,112017500,11:20:17,3452,350909,491488,12178761060,0,0,0
bu2206,20220218,20220218,112018500,11:20:18,3454,350917,491481,12179037380,8,-7,276320
bu2206,20220218,20220218,112019000,11:20:19,3454,350917,491481,12179037380,0,0,0
bu2206,20220218,20220218,112019500,11:20:20,3454,350917,491481,12179037380,0,0,0
bu2206,20220218,20220218,112020000,11:20:20,3454,350917,491481,12179037380,0,0,0
bu2206,20220218,20220218,112020500,11:20:21,3452,350918,491482,12179071900,1,1,34520
bu2206,20220218,20220218,112021500,11:20:21,3452,350918,491482,12179071900,0,0,0
bu2206,20220218,20220218,112022000,11:20:22,3452,350918,491482,12179071900,0,0,0
bu2206,20220218,20220218,112022500,11:20:23,3452,350919,491483,12179106420,1,1,34520
bu2206,20220218,20220218,112023000,11:20:23,3452,350920,491484,12179140940,1,1,34520
bu2206,20220218,20220218,112024000,11:20:24,3452,350920,491484,12179140940,0,0,0
bu2206,20220218,20220218,112024500,11:20:24,3454,350921,491484,12179175480,1,0,34540
bu2206,20220218,20220218,112025000,11:20:25,3454,350921,491484,12179175480,0,0,0
bu2206,20220218,20220218,112025500,11:20:25,3454,350940,491491,12179831740,19,7,656260
bu2206,20220218,20220218,112026000,11:20:26,3454,350940,491491,12179831740,0,0,0
bu2206,20220218,20220218,112027000,11:20:27,3454,350940,491491,12179831740,0,0,0
bu2206,20220218,20220218,112027500,11:20:28,3454,350940,491491,12179831740,0,0,0
bu2206,20220218,20220218,112028000,11:20:28,3454,350940,491491,12179831740,0,0,0
bu2206,20220218,20220218,112028500,11:20:28,3454,350940,491491,12179831740,0,0,0
bu2206,20220218,20220218,112029000,11:20:29,3454,350940,491491,12179831740,0,0,0
bu2206,20220218,20220218,112029500,11:20:30,3454,350940,491491,12179831740,0,0,0
bu2206,20220218,20220218,112030000,11:20:31,3452,350941,491492,12179866260,1,1,34520
bu2206,20220218,20220218,112031500,11:20:32,3452,350941,491492,12179866260,0,0,0
bu2206,20220218,20220218,112032000,11:20:32,3452,350941,491492,12179866260,0,0,0
bu2206,20220218,20220218,112032500,11:20:32,3452,350941,491492,12179866260,0,0,0
bu2206,20220218,20220218,112033000,11:20:33,3452,350941,491492,12179866260,0,0,0
bu2206,20220218,20220218,112033500,11:20:33,3452,350941,491492,12179866260,0,0,0
bu2206,20220218,20220218,112034500,11:20:35,3452,350941,491492,12179866260,0,0,0
bu2206,20220218,20220218,112035000,11:20:35,3454,350943,491494,12179935340,2,2,69080
bu2206,20220218,20220218,112035500,11:20:35,3454,350944,491494,12179969880,1,0,34540
bu2206,20220218,20220218,112036000,11:20:36,3454,350944,491494,12179969880,0,0,0
bu2206,20220218,20220218,112036500,11:20:37,3452,350948,491498,12180107960,4,4,138080
bu2206,20220218,20220218,112037000,11:20:37,3452,350949,491499,12180142480,1,1,34520
bu2206,20220218,20220218,112037500,11:20:38,3454,350966,491501,12180729660,17,2,587180
bu2206,20220218,20220218,112038000,11:20:38,3454,350966,491501,12180729660,0,0,0
bu2206,20220218,20220218,112039000,11:20:39,3452,350968,491503,12180798700,2,2,69040
bu2206,20220218,20220218,112039500,11:20:40,3452,350968,491503,12180798700,0,0,0
bu2206,20220218,20220218,112040000,11:20:40,3452,350968,491503,12180798700,0,0,0
bu2206,20220218,20220218,112040500,11:20:41,3452,350968,491503,12180798700,0,0,0
bu2206,20220218,20220218,112041000,11:20:41,3452,350968,491503,12180798700,0,0,0
bu2206,20220218,20220218,112041500,11:20:41,3452,350974,491503,12181005820,6,0,207120
bu2206,20220218,20220218,112042000,11:20:42,3452,350989,491490,12181523620,15,-13,517800
bu2206,20220218,20220218,112042500,11:20:42,3452,351098,491510,12185286300,109,20,3762680
bu2206,20220218,20220218,112043000,11:20:43,3452,351098,491510,12185286300,0,0,0
bu2206,20220218,20220218,112043500,11:20:44,3452,351117,491510,12185942180,19,0,655880
bu2206,20220218,20220218,112044000,11:20:44,3452,351117,491510,12185942180,0,0,0
bu2206,20220218,20220218,112044500,11:20:45,3452,351117,491510,12185942180,0,0,0
bu2206,20220218,20220218,112045000,11:20:45,3450,351118,491510,12185976680,1,0,34500
bu2206,20220218,20220218,112045500,11:20:46,3452,351120,491509,12186045720,2,-1,69040
bu2206,20220218,20220218,112046000,11:20:46,3452,351120,491509,12186045720,0,0,0
bu2206,20220218,20220218,112046500,11:20:46,3452,351168,491467,12187702660,48,-42,1656940
bu2206,20220218,20220218,112047000,11:20:48,3452,351168,491467,12187702660,0,0,0
bu2206,20220218,20220218,112047500,11:20:48,3452,351168,491467,12187702660,0,0,0
bu2206,20220218,20220218,112048000,11:20:49,3452,351168,491467,12187702660,0,0,0
bu2206,20220218,20220218,112048500,11:20:50,3454,351173,491467,12187875360,5,0,172700
bu2206,20220218,20220218,112049000,11:20:50,3454,351173,491467,12187875360,0,0,0
bu2206,20220218,20220218,112049500,11:20:50,3452,351176,491465,12187978920,3,-2,103560
bu2206,20220218,20220218,112050500,11:20:51,3454,351202,491465,12188876900,26,0,897980
bu2206,20220218,20220218,112051000,11:20:51,3454,351202,491465,12188876900,0,0,0
bu2206,20220218,20220218,112051500,11:20:52,3454,351202,491465,12188876900,0,0,0
bu2206,20220218,20220218,112052000,11:20:53,3454,351202,491465,12188876900,0,0,0
bu2206,20220218,20220218,112052500,11:20:53,3452,351204,491463,12188945940,2,-2,69040
bu2206,20220218,20220218,112053000,11:20:53,3452,351204,491463,12188945940,0,0,0
bu2206,20220218,20220218,112053500,11:20:53,3452,351204,491463,12188945940,0,0,0
bu2206,20220218,20220218,112054000,11:20:54,3452,351204,491463,12188945940,0,0,0
bu2206,20220218,20220218,112055000,11:20:55,3454,351205,491463,12188980480,1,0,34540
bu2206,20220218,20220218,112055500,11:20:56,3454,351205,491463,12188980480,0,0,0
bu2206,20220218,20220218,112056000,11:20:56,3454,351289,491503,12191881840,84,40,2901360
bu2206,20220218,20220218,112056500,11:20:56,3456,351293,491506,12192020020,4,3,138180
bu2206,20220218,20220218,112057000,11:20:58,3456,351294,491505,12192054580,1,-1,34560
bu2206,20220218,20220218,112057500,11:20:58,3454,351295,491505,12192089120,1,0,34540
bu2206,20220218,20220218,112058000,11:20:58,3454,351295,491505,12192089120,0,0,0
bu2206,20220218,20220218,112058500,11:20:59,3454,351296,491506,12192123660,1,1,34540
bu2206,20220218,20220218,112059500,11:21:00,3454,351306,491516,12192469060,10,10,345400
bu2206,20220218,20220218,112100000,11:21:00,3454,351307,491515,12192503600,1,-1,34540
bu2206,20220218,20220218,112100500,11:21:01,3456,351310,491512,12192607260,3,-3,103660
bu2206,20220218,20220218,112101000,11:21:01,3454,351311,491512,12192641800,1,0,34540
bu2206,20220218,20220218,112101500,11:21:02,3452,351356,491521,12194196060,45,9,1554260
bu2206,20220218,20220218,112102000,11:21:03,3452,351356,491521,12194196060,0,0,0
bu2206,20220218,20220218,112102500,11:21:03,3454,351357,491521,12194230600,1,0,34540
bu2206,20220218,20220218,112103000,11:21:03,3452,351358,491520,12194265120,1,-1,34520
bu2206,20220218,20220218,112103500,11:21:04,3452,351358,491520,12194265120,0,0,0
bu2206,20220218,20220218,112104000,11:21:04,3452,351368,491528,12194610320,10,8,345200
bu2206,20220218,20220218,112104500,11:21:05,3454,351372,491532,12194748480,4,4,138160
bu2206,20220218,20220218,112105000,11:21:06,3454,351372,491532,12194748480,0,0,0
bu2206,20220218,20220218,112105500,11:21:07,3452,351374,491533,12194817540,2,1,69060
bu2206,20220218,20220218,112107000,11:21:10,3452,351374,491533,12194817540,0,0,0
bu2206,20220218,20220218,112107500,11:21:10,3452,351374,491533,12194817540,0,0,0
bu2206,20220218,20220218,112110000,11:21:10,3452,351374,491533,12194817540,0,0,0
bu2206,20220218,20220218,112110500,11:21:11,3452,351374,491533,12194817540,0,0,0
bu2206,20220218,20220218,112111000,11:21:11,3452,351374,491533,12194817540,0,0,0
bu2206,20220218,20220218,112111500,11:21:12,3452,351374,491533,12194817540,0,0,0
bu2206,20220218,20220218,112112000,11:21:12,3452,351374,491533,12194817540,0,0,0
bu2206,20220218,20220218,112113000,11:21:13,3452,351387,491534,12195266340,13,1,448800
bu2206,20220218,20220218,112113500,11:21:13,3452,351387,491534,12195266340,0,0,0
bu2206,20220218,20220218,112114000,11:21:14,3452,351387,491534,12195266340,0,0,0
bu2206,20220218,20220218,112114500,11:21:14,3454,351392,491529,12195439020,5,-5,172680
bu2206,20220218,20220218,112115000,11:21:15,3454,351392,491529,12195439020,0,0,0
bu2206,20220218,20220218,112115500,11:21:15,3454,351392,491529,12195439020,0,0,0
bu2206,20220218,20220218,112116000,11:21:16,3454,351394,491527,12195508100,2,-2,69080
bu2206,20220218,20220218,112116500,11:21:17,3454,351394,491527,12195508100,0,0,0
bu2206,20220218,20220218,112117000,11:21:17,3454,351394,491527,12195508100,0,0,0
bu2206,20220218,20220218,112117500,11:21:18,3454,351424,491504,12196544300,30,-23,1036200
bu2206,20220218,20220218,112118000,11:21:18,3454,351426,491504,12196613380,2,0,69080
bu2206,20220218,20220218,112118500,11:21:18,3454,351426,491504,12196613380,0,0,0
bu2206,20220218,20220218,112119000,11:21:19,3454,351426,491504,12196613380,0,0,0
bu2206,20220218,20220218,112119500,11:21:20,3454,351447,491503,12197338720,21,-1,725340
bu2206,20220218,20220218,112120000,11:21:21,3454,351447,491503,12197338720,0,0,0
bu2206,20220218,20220218,112120500,11:21:22,3454,351447,491503,12197338720,0,0,0
bu2206,20220218,20220218,112121000,11:21:22,3454,351447,491503,12197338720,0,0,0
bu2206,20220218,20220218,112121500,11:21:22,3454,351447,491503,12197338720,0,0,0
bu2206,20220218,20220218,112122000,11:21:22,3456,351449,491502,12197407820,2,-1,69100
bu2206,20220218,20220218,112122500,11:21:22,3456,351449,491502,12197407820,0,0,0
bu2206,20220218,20220218,112123000,11:21:23,3456,351449,491502,12197407820,0,0,0
bu2206,20220218,20220218,112124000,11:21:24,3456,351449,491502,12197407820,0,0,0
bu2206,20220218,20220218,112124500,11:21:25,3456,351458,491502,12197718820,9,0,311000
bu2206,20220218,20220218,112125000,11:23:32,3454,351460,491500,12197787900,2,-2,69080
bu2206,20220218,20220218,112125500,11:23:32,3454,351462,491499,12197856980,2,-1,69080
bu2206,20220218,20220218,112126000,11:23:33,3454,351462,491499,12197856980,0,0,0
bu2206,20220218,20220218,112332500,11:23:33,3456,352165,491598,12222144080,703,99,24287100
bu2206,20220218,20220218,112333000,11:23:33,3456,352165,491598,12222144080,0,0,0
bu2206,20220218,20220218,112334000,11:23:34,3456,352165,491598,12222144080,0,0,0
bu2206,20220218,20220218,112334500,11:23:34,3456,352166,491597,12222178640,1,-1,34560
bu2206,20220218,20220218,112335000,11:23:35,3456,352166,491597,12222178640,0,0,0
bu2206,20220218,20220218,112335500,11:23:35,3456,352167,491598,12222213200,1,1,34560
bu2206,20220218,20220218,112336000,11:23:36,3456,352167,491598,12222213200,0,0,0
bu2206,20220218,20220218,112336500,11:23:38,3456,352169,491597,12222282320,2,-1,69120
bu2206,20220218,20220218,112337000,11:23:38,3456,352170,491596,12222316880,1,-1,34560
bu2206,20220218,20220218,112337500,11:23:38,3456,352170,491596,12222316880,0,0,0
bu2206,20220218,20220218,112338000,11:23:38,3456,352170,491596,12222316880,0,0,0
bu2206,20220218,20220218,112339500,11:23:39,3456,352170,491596,12222316880,0,0,0
bu2206,20220218,20220218,112340000,11:23:40,3456,352176,491599,12222524240,6,3,207360
bu2206,20220218,20220218,112340500,11:23:40,3456,352177,491599,12222558800,1,0,34560
bu2206,20220218,20220218,112341000,11:23:41,3456,352182,491603,12222731600,5,4,172800
bu2206,20220218,20220218,112341500,11:23:42,3456,352185,491603,12222835280,3,0,103680
bu2206,20220218,20220218,112342000,11:23:42,3456,352185,491603,12222835280,0,0,0
bu2206,20220218,20220218,112342500,11:23:42,3454,352188,491603,12222938900,3,0,103620
bu2206,20220218,20220218,112343000,11:23:43,3454,352189,491603,12222973440,1,0,34540
bu2206,20220218,20220218,112343500,11:23:43,3454,352189,491603,12222973440,0,0,0
bu2206,20220218,20220218,112344500,11:23:48,3454,352190,491603,12223007980,1,0,34540
bu2206,20220218,20220218,112345000,11:23:48,3454,352190,491603,12223007980,0,0,0
bu2206,20220218,20220218,112348000,11:23:48,3456,352194,491603,12223146200,4,0,138220
bu2206,20220218,20220218,112348500,11:23:49,3456,352202,491601,12223422680,8,-2,276480
bu2206,20220218,20220218,112349000,11:23:49,3456,352203,491601,12223457240,1,0,34560
bu2206,20220218,20220218,112349500,11:23:50,3454,352209,491601,12223664480,6,0,207240
bu2206,20220218,20220218,112350000,11:23:50,3454,352210,491600,12223699020,1,-1,34540
bu2206,20220218,20220218,112351000,11:23:51,3454,352210,491600,12223699020,0,0,0
bu2206,20220218,20220218,112351500,11:23:51,3454,352210,491600,12223699020,0,0,0
bu2206,20220218,20220218,112352000,11:23:52,3456,352213,491600,12223802700,3,0,103680
bu2206,20220218,20220218,112353000,11:23:53,3456,352213,491600,12223802700,0,0,0
bu2206,20220218,20220218,112353500,11:23:53,3454,352216,491601,12223906360,3,1,103660
bu2206,20220218,20220218,112355000,11:23:55,3454,352216,491601,12223906360,0,0,0
bu2206,20220218,20220218,112355500,11:23:55,3456,352219,491601,12224010040,3,0,103680
bu2206,20220218,20220218,112356000,11:23:56,3454,352220,491600,12224044580,1,-1,34540
bu2206,20220218,20220218,112356500,11:23:56,3454,352220,491600,12224044580,0,0,0
bu2206,20220218,20220218,112357000,11:23:57,3454,352220,491600,12224044580,0,0,0
bu2206,20220218,20220218,112357500,11:23:57,3454,352220,491600,12224044580,0,0,0
bu2206,20220218,20220218,112358000,11:23:58,3454,352220,491600,12224044580,0,0,0
bu2206,20220218,20220218,112359000,11:23:59,3454,352220,491600,12224044580,0,0,0
bu2206,20220218,20220218,112359500,11:23:59,3454,352220,491600,12224044580,0,0,0
bu2206,20220218,20220218,112400500,11:24:00,3456,352221,491601,12224079140,1,1,34560
bu2206,20220218,20220218,112401000,11:24:01,3454,352251,491576,12225115340,30,-25,1036200
bu2206,20220218,20220218,112401500,11:24:01,3454,352251,491576,12225115340,0,0,0
bu2206,20220218,20220218,112402000,11:24:02,3454,352251,491576,12225115340,0,0,0
bu2206,20220218,20220218,112402500,11:24:02,3454,352251,491576,12225115340,0,0,0
bu2206,20220218,20220218,112403000,11:24:03,3454,352251,491576,12225115340,0,0,0
bu2206,20220218,20220218,112403500,11:24:04,3456,352281,491576,12226152140,30,0,1036800
bu2206,20220218,20220218,112404000,11:24:04,3456,352281,491576,12226152140,0,0,0
bu2206,20220218,20220218,112404500,11:24:04,3456,352281,491576,12226152140,0,0,0
bu2206,20220218,20220218,112405000,11:24:05,3456,352282,491577,12226186700,1,1,34560
bu2206,20220218,20220218,112405500,11:24:05,3456,352282,491577,12226186700,0,0,0
bu2206,20220218,20220218,112406000,11:24:06,3456,352282,491577,12226186700,0,0,0
bu2206,20220218,20220218,112406500,11:24:06,3456,352283,491578,12226221260,1,1,34560
bu2206,20220218,20220218,112407000,11:24:07,3456,352283,491578,12226221260,0,0,0
bu2206,20220218,20220218,112407500,11:24:08,3454,352286,491577,12226324900,3,-1,103640
bu2206,20220218,20220218,112408000,11:24:08,3454,352286,491577,12226324900,0,0,0
bu2206,20220218,20220218,112408500,11:24:08,3454,352286,491577,12226324900,0,0,0
bu2206,20220218,20220218,112409000,11:24:11,3454,352286,491577,12226324900,0,0,0
bu2206,20220218,20220218,112409500,11:24:12,3456,352289,491575,12226428580,3,-2,103680
bu2206,20220218,20220218,112410000,11:24:12,3456,352289,491575,12226428580,0,0,0
bu2206,20220218,20220218,112410500,11:24:12,3456,352290,491574,12226463140,1,-1,34560
bu2206,20220218,20220218,112411500,11:24:12,3456,352291,491573,12226497700,1,-1,34560
bu2206,20220218,20220218,112412000,11:24:12,3456,352291,491573,12226497700,0,0,0
bu2206,20220218,20220218,112412500,11:24:13,3456,352291,491573,12226497700,0,0,0
bu2206,20220218,20220218,112413000,11:24:14,3456,352508,491670,12233997220,217,97,7499520
bu2206,20220218,20220218,112413500,11:24:14,3456,352524,491672,12234550180,16,2,552960
bu2206,20220218,20220218,112414000,11:24:14,3456,352532,491666,12234826780,8,-6,276600
bu2206,20220218,20220218,112414500,11:24:15,3456,352533,491667,12234861340,1,1,34560
bu2206,20220218,20220218,112415000,11:24:15,3458,352535,491667,12234930500,2,0,69160
bu2206,20220218,20220218,112415500,11:24:15,3458,352562,491651,12235864120,27,-16,933620
bu2206,20220218,20220218,112416000,11:24:16,3458,352564,491651,12235933280,2,0,69160
bu2206,20220218,20220218,112416500,11:24:17,3456,352574,491651,12236278880,10,0,345600
bu2206,20220218,20220218,112417000,11:24:17,3456,352629,491630,12238179680,55,-21,1900800
bu2206,20220218,20220218,112417500,11:24:18,3456,352634,491631,12238352480,5,1,172800
bu2206,20220218,20220218,112418000,11:24:18,3456,352634,491631,12238352480,0,0,0
bu2206,20220218,20220218,112418500,11:24:19,3456,352634,491631,12238352480,0,0,0
bu2206,20220218,20220218,112419000,11:24:19,3458,352635,491631,12238387060,1,0,34580
bu2206,20220218,20220218,112419500,11:24:20,3458,352635,491631,12238387060,0,0,0
bu2206,20220218,20220218,112420000,11:24:20,3456,352636,491631,12238421620,1,0,34560
bu2206,20220218,20220218,112421000,11:24:21,3458,352637,491630,12238456200,1,-1,34580
bu2206,20220218,20220218,112421500,11:24:22,3458,352638,491629,12238490780,1,-1,34580
bu2206,20220218,20220218,112422500,11:24:23,3458,352639,491628,12238525360,1,-1,34580
bu2206,20220218,20220218,112423000,11:24:23,3458,352639,491628,12238525360,0,0,0
bu2206,20220218,20220218,112423500,11:24:23,3456,352641,491627,12238594480,2,-1,69120
bu2206,20220218,20220218,112424000,11:24:24,3458,352642,491626,12238629060,1,-1,34580
bu2206,20220218,20220218,112424500,11:24:24,3458,352642,491626,12238629060,0,0,0
bu2206,20220218,20220218,112425000,11:24:25,3458,352642,491626,12238629060,0,0,0
bu2206,20220218,20220218,112425500,11:24:25,3456,352687,491666,12240184260,45,40,1555200
bu2206,20220218,20220218,112426000,11:24:26,3456,352692,491670,12240357040,5,4,172780
bu2206,20220218,20220218,112426500,11:24:26,3456,352692,491670,12240357040,0,0,0
bu2206,20220218,20220218,112427000,11:24:27,3456,352692,491670,12240357040,0,0,0
bu2206,20220218,20220218,112428000,11:24:28,3456,352706,491672,12240840880,14,2,483840
bu2206,20220218,20220218,112428500,11:24:28,3456,352706,491672,12240840880,0,0,0
bu2206,20220218,20220218,112429000,11:24:29,3456,352708,491673,12240910000,2,1,69120
bu2206,20220218,20220218,112429500,11:24:29,3456,352708,491673,12240910000,0,0,0
bu2206,20220218,20220218,112430000,11:24:30,3458,352737,491686,12241912320,29,13,1002320
bu2206,20220218,20220218,112430500,11:24:30,3458,352738,491685,12241946900,1,-1,34580
bu2206,20220218,20220218,112431000,11:24:31,3458,352740,491683,12242016060,2,-2,69160
bu2206,20220218,20220218,112431500,11:24:31,3456,352745,491687,12242188880,5,4,172820
bu2206,20220218,20220218,112432000,11:24:32,3456,352745,491687,12242188880,0,0,0
bu2206,20220218,20220218,112433000,11:24:33,3456,352830,491770,12245126480,85,83,2937600
bu2206,20220218,20220218,112433500,11:24:33,3456,352831,491771,12245161040,1,1,34560
bu2206,20220218,20220218,112434000,11:24:34,3456,352834,491773,12245264700,3,2,103660
bu2206,20220218,20220218,112434500,11:24:34,3456,352835,491773,12245299260,1,0,34560
bu2206,20220218,20220218,112435000,11:24:35,3456,352837,491773,12245368380,2,0,69120
bu2206,20220218,20220218,112435500,11:24:35,3456,352840,491776,12245472060,3,3,103680
bu2206,20220218,20220218,112436000,11:24:36,3456,352840,491776,12245472060,0,0,0
bu2206,20220218,20220218,112436500,11:24:36,3456,352850,491782,12245817660,10,6,345600
bu2206,20220218,20220218,112437000,11:24:37,3456,352856,491778,12246025020,6,-4,207360
bu2206,20220218,20220218,112437500,11:24:37,3456,352860,491778,12246163260,4,0,138240
bu2206,20220218,20220218,112438000,11:24:39,3456,352861,491778,12246197820,1,0,34560
bu2206,20220218,20220218,112438500,11:24:39,3456,352862,491778,12246232380,1,0,34560
bu2206,20220218,20220218,112439500,11:24:40,3456,352862,491778,12246232380,0,0,0
bu2206,20220218,20220218,112440000,11:24:40,3456,352862,491778,12246232380,0,0,0
bu2206,20220218,20220218,112440500,11:24:40,3454,352863,491778,12246266920,1,0,34540
bu2206,20220218,20220218,112441000,11:24:41,3454,352864,491778,12246301460,1,0,34540
bu2206,20220218,20220218,112441500,11:24:41,3454,352864,491778,12246301460,0,0,0
bu2206,20220218,20220218,112442000,11:24:42,3454,352864,491778,12246301460,0,0,0
bu2206,20220218,20220218,112442500,11:24:42,3454,352864,491778,12246301460,0,0,0
bu2206,20220218,20220218,112443000,11:24:43,3456,352865,491778,12246336020,1,0,34560
bu2206,20220218,20220218,112443500,11:24:43,3456,352868,491778,12246439700,3,0,103680
bu2206,20220218,20220218,112444000,11:24:44,3456,352868,491778,12246439700,0,0,0
bu2206,20220218,20220218,112444500,11:24:44,3456,352868,491778,12246439700,0,0,0
bu2206,20220218,20220218,112445000,11:24:45,3456,352868,491778,12246439700,0,0,0
bu2206,20220218,20220218,112445500,11:24:45,3456,352868,491778,12246439700,0,0,0
bu2206,20220218,20220218,112446000,11:24:46,3456,352868,491778,12246439700,0,0,0
bu2206,20220218,20220218,112446500,11:24:46,3456,352868,491778,12246439700,0,0,0
bu2206,20220218,20220218,112447500,11:24:47,3456,352869,491778,12246474260,1,0,34560
bu2206,20220218,20220218,112448000,11:24:48,3456,352869,491778,12246474260,0,0,0
bu2206,20220218,20220218,112448500,11:24:49,3456,352870,491778,12246508820,1,0,34560
bu2206,20220218,20220218,112449000,11:24:49,3456,352870,491778,12246508820,0,0,0
bu2206,20220218,20220218,112450000,11:24:50,3456,352870,491778,12246508820,0,0,0
bu2206,20220218,20220218,112450500,11:24:50,3456,352870,491778,12246508820,0,0,0
bu2206,20220218,20220218,112452000,11:24:52,3456,352870,491778,12246508820,0,0,0
bu2206,20220218,20220218,112452500,11:24:52,3456,352871,491777,12246543380,1,-1,34560
bu2206,20220218,20220218,112453500,11:24:53,3456,352871,491777,12246543380,0,0,0
bu2206,20220218,20220218,112454000,11:24:54,3456,352871,491777,12246543380,0,0,0
bu2206,20220218,20220218,112454500,11:24:54,3456,352871,491777,12246543380,0,0,0
bu2206,20220218,20220218,112455000,11:24:55,3456,352871,491777,12246543380,0,0,0
bu2206,20220218,20220218,112455500,11:24:56,3454,352877,491774,12246750620,6,-3,207240
bu2206,20220218,20220218,112456000,11:24:56,3454,352881,491774,12246888780,4,0,138160
bu2206,20220218,20220218,112456500,11:24:56,3454,352881,491774,12246888780,0,0,0
bu2206,20220218,20220218,112457000,11:24:57,3456,352887,491774,12247096080,6,0,207300
bu2206,20220218,20220218,112457500,11:24:57,3456,352887,491774,12247096080,0,0,0
bu2206,20220218,20220218,112458000,11:24:58,3456,352897,491764,12247441680,10,-10,345600
bu2206,20220218,20220218,112458500,11:24:58,3456,352903,491758,12247649040,6,-6,207360
bu2206,20220218,20220218,112459000,11:24:59,3456,352903,491758,12247649040,0,0,0
bu2206,20220218,20220218,112459500,11:24:59,3456,352905,491756,12247718160,2,-2,69120
bu2206,20220218,20220218,112500000,11:25:00,3456,352905,491756,12247718160,0,0,0
bu2206,20220218,20220218,112501000,11:25:02,3454,352906,491757,12247752700,1,1,34540
bu2206,20220218,20220218,112501500,11:25:05,3456,352908,491755,12247821820,2,-2,69120
bu2206,20220218,20220218,112502000,11:25:05,3456,352908,491755,12247821820,0,0,0
bu2206,20220218,20220218,112502500,11:25:06,3456,352908,491755,12247821820,0,0,0
bu2206,20220218,20220218,112504500,11:25:06,3456,352917,491760,12248132820,9,5,311000
bu2206,20220218,20220218,112505500,11:25:06,3454,352918,491760,12248167360,1,0,34540
bu2206,20220218,20220218,112506000,11:25:06,3454,352918,491760,12248167360,0,0,0
bu2206,20220218,20220218,112506500,11:25:07,3456,352922,491756,12248305600,4,-4,138240
bu2206,20220218,20220218,112507000,11:25:07,3456,352922,491756,12248305600,0,0,0
bu2206,20220218,20220218,112507500,11:25:07,3456,352924,491755,12248374720,2,-1,69120
bu2206,20220218,20220218,112508000,11:25:08,3456,352924,491755,12248374720,0,0,0
bu2206,20220218,20220218,112508500,11:25:08,3456,352924,491755,12248374720,0,0,0
bu2206,20220218,20220218,112509000,11:25:09,3456,352924,491755,12248374720,0,0,0
bu2206,20220218,20220218,112509500,11:25:09,3456,352931,491757,12248616640,7,2,241920
bu2206,20220218,20220218,112510000,11:25:10,3456,352931,491757,12248616640,0,0,0
bu2206,20220218,20220218,112511000,11:25:11,3456,352931,491757,12248616640,0,0,0
bu2206,20220218,20220218,112511500,11:25:11,3456,352932,491757,12248651200,1,0,34560
bu2206,20220218,20220218,112512000,11:25:12,3456,352932,491757,12248651200,0,0,0
bu2206,20220218,20220218,112512500,11:25:12,3456,352932,491757,12248651200,0,0,0
bu2206,20220218,20220218,112513000,11:25:13,3456,352942,491757,12248996800,10,0,345600
bu2206,20220218,20220218,112514000,11:25:15,3456,352947,491758,12249169600,5,1,172800
bu2206,20220218,20220218,112514500,11:25:15,3456,352947,491758,12249169600,0,0,0
bu2206,20220218,20220218,112515000,11:25:16,3456,352947,491758,12249169600,0,0,0
bu2206,20220218,20220218,112515500,11:25:16,3456,352947,491758,12249169600,0,0,0
bu2206,20220218,20220218,112516000,11:25:16,3456,352947,491758,12249169600,0,0,0
bu2206,20220218,20220218,112516500,11:25:16,3454,352949,491759,12249238680,2,1,69080
bu2206,20220218,20220218,112518000,11:25:18,3454,352949,491759,12249238680,0,0,0
bu2206,20220218,20220218,112518500,11:25:19,3454,352949,491759,12249238680,0,0,0
bu2206,20220218,20220218,112519000,11:25:19,3454,352949,491759,12249238680,0,0,0
bu2206,20220218,20220218,112519500,11:25:19,3454,352949,491759,12249238680,0,0,0
bu2206,20220218,20220218,112520000,11:25:21,3454,352950,491760,12249273220,1,1,34540
bu2206,20220218,20220218,112520500,11:25:21,3454,352950,491760,12249273220,0,0,0
bu2206,20220218,20220218,112521000,11:25:22,3454,352950,491760,12249273220,0,0,0
bu2206,20220218,20220218,112521500,11:25:22,3456,352956,491759,12249480540,6,-1,207320
bu2206,20220218,20220218,112522500,11:25:22,3456,352956,491759,12249480540,0,0,0
bu2206,20220218,20220218,112523500,11:25:24,3456,352957,491759,12249515100,1,0,34560
bu2206,20220218,20220218,112524000,11:25:25,3456,352957,491759,12249515100,0,0,0
bu2206,20220218,20220218,112524500,11:25:25,3456,352957,491759,12249515100,0,0,0
bu2206,20220218,20220218,112525000,11:25:25,3456,352991,491764,12250690140,34,5,1175040
bu2206,20220218,20220218,112525500,11:25:26,3456,353045,491767,12252556380,54,3,1866240
bu2206,20220218,20220218,112526000,11:25:26,3456,353047,491767,12252625500,2,0,69120
bu2206,20220218,20220218,112526500,11:25:27,3456,353047,491767,12252625500,0,0,0
bu2206,20220218,20220218,112527000,11:25:27,3456,353053,491773,12252832860,6,6,207360
bu2206,20220218,20220218,112527500,11:25:28,3456,353060,491769,12253074780,7,-4,241920
bu2206,20220218,20220218,112528000,11:25:28,3456,353060,491769,12253074780,0,0,0
bu2206,20220218,20220218,112528500,11:25:28,3456,353063,491767,12253178460,3,-2,103680
bu2206,20220218,20220218,112529000,11:25:29,3456,353065,491768,12253247580,2,1,69120
bu2206,20220218,20220218,112529500,11:25:30,3456,353065,491768,12253247580,0,0,0
bu2206,20220218,20220218,112530000,11:25:31,3456,353065,491768,12253247580,0,0,0
bu2206,20220218,20220218,112530500,11:25:31,3456,353066,491768,12253282140,1,0,34560
bu2206,20220218,20220218,112531000,11:25:31,3456,353067,491767,12253316700,1,-1,34560
bu2206,20220218,20220218,112531500,11:25:32,3456,353067,491767,12253316700,0,0,0
bu2206,20220218,20220218,112532000,11:25:32,3456,353067,491767,12253316700,0,0,0
bu2206,20220218,20220218,112532500,11:25:33,3456,353067,491767,12253316700,0,0,0
bu2206,20220218,20220218,112533000,11:25:33,3456,353067,491767,12253316700,0,0,0
bu2206,20220218,20220218,112533500,11:25:33,3456,353069,491767,12253385820,2,0,69120
bu2206,20220218,20220218,112534500,11:25:35,3456,353069,491767,12253385820,0,0,0
bu2206,20220218,20220218,112535000,11:25:36,3456,353069,491767,12253385820,0,0,0
bu2206,20220218,20220218,112535500,11:25:37,3456,353069,491767,12253385820,0,0,0
bu2206,20220218,20220218,112536000,11:25:37,3456,353069,491767,12253385820,0,0,0
bu2206,20220218,20220218,112537000,11:25:38,3456,353070,491766,12253420380,1,-1,34560
bu2206,20220218,20220218,112537500,11:25:38,3456,353070,491766,12253420380,0,0,0
bu2206,20220218,20220218,112538000,11:25:38,3456,353070,491766,12253420380,0,0,0
bu2206,20220218,20220218,112538500,11:25:39,3456,353070,491766,12253420380,0,0,0
bu2206,20220218,20220218,112539000,11:25:39,3456,353070,491766,12253420380,0,0,0
bu2206,20220218,20220218,112539500,11:25:40,3456,353070,491766,12253420380,0,0,0
bu2206,20220218,20220218,112540000,11:25:40,3456,353070,491766,12253420380,0,0,0
bu2206,20220218,20220218,112541000,11:25:41,3456,353070,491766,12253420380,0,0,0
bu2206,20220218,20220218,112541500,11:25:41,3456,353071,491765,12253454940,1,-1,34560
bu2206,20220218,20220218,112542000,11:25:42,3456,353082,491754,12253835100,11,-11,380160
bu2206,20220218,20220218,112543500,11:25:43,3456,353084,491752,12253904220,2,-2,69120
bu2206,20220218,20220218,112544000,11:25:44,3456,353085,491752,12253938780,1,0,34560
bu2206,20220218,20220218,112544500,11:25:44,3456,353087,491750,12254007900,2,-2,69120
bu2206,20220218,20220218,112545000,11:25:45,3456,353088,491750,12254042460,1,0,34560
bu2206,20220218,20220218,112545500,11:25:46,3456,353088,491750,12254042460,0,0,0
bu2206,20220218,20220218,112546000,11:25:47,3456,353089,491750,12254077020,1,0,34560
bu2206,20220218,20220218,112547000,11:25:48,3456,353090,491750,12254111580,1,0,34560
bu2206,20220218,20220218,112547500,11:25:48,3456,353090,491750,12254111580,0,0,0
bu2206,20220218,20220218,112548500,11:25:48,3456,353090,491750,12254111580,0,0,0
bu2206,20220218,20220218,112549000,11:25:49,3456,353090,491750,12254111580,0,0,0
bu2206,20220218,20220218,112550500,11:25:51,3456,353094,491747,12254249820,4,-3,138240
bu2206,20220218,20220218,112551000,11:25:51,3454,353096,491747,12254318900,2,0,69080
bu2206,20220218,20220218,112551500,11:25:51,3454,353098,491747,12254387980,2,0,69080
bu2206,20220218,20220218,112552000,11:25:52,3456,353101,491748,12254491660,3,1,103680
bu2206,20220218,20220218,112552500,11:25:52,3454,353102,491749,12254526200,1,1,34540
bu2206,20220218,20220218,112553500,11:25:54,3454,353102,491749,12254526200,0,0,0
bu2206,20220218,20220218,112554000,11:25:54,3456,353108,491746,12254733560,6,-3,207360
bu2206,20220218,20220218,112556000,11:25:57,3456,353108,491746,12254733560,0,0,0
bu2206,20220218,20220218,112556500,11:25:57,3456,353111,491743,12254837240,3,-3,103680
bu2206,20220218,20220218,112557000,11:25:57,3456,353111,491743,12254837240,0,0,0
bu2206,20220218,20220218,112557500,11:25:57,3456,353111,491743,12254837240,0,0,0
bu2206,20220218,20220218,112558000,11:25:59,3454,353121,491753,12255182640,10,10,345400
bu2206,20220218,20220218,112559000,11:26:00,3456,353122,491752,12255217200,1,-1,34560
bu2206,20220218,20220218,112559500,11:26:00,3456,353122,491752,12255217200,0,0,0
bu2206,20220218,20220218,112600000,11:26:00,3456,353122,491752,12255217200,0,0,0
bu2206,20220218,20220218,112600500,11:26:01,3456,353122,491752,12255217200,0,0,0
bu2206,20220218,20220218,112601000,11:26:01,3456,353122,491752,12255217200,0,0,0
bu2206,20220218,20220218,112602000,11:26:03,3456,353122,491752,12255217200,0,0,0
bu2206,20220218,20220218,112602500,11:26:03,3456,353122,491752,12255217200,0,0,0
bu2206,20220218,20220218,112603000,11:26:03,3456,353122,491752,12255217200,0,0,0
bu2206,20220218,20220218,112603500,11:26:04,3456,353123,491752,12255251760,1,0,34560
bu2206,20220218,20220218,112604000,11:26:05,3454,353125,491752,12255320840,2,0,69080
bu2206,20220218,20220218,112604500,11:26:05,3454,353125,491752,12255320840,0,0,0
bu2206,20220218,20220218,112605000,11:26:05,3454,353125,491752,12255320840,0,0,0
bu2206,20220218,20220218,112605500,11:26:06,3454,353125,491752,12255320840,0,0,0
bu2206,20220218,20220218,112606000,11:26:06,3456,353128,491752,12255424520,3,0,103680
bu2206,20220218,20220218,112606500,11:26:09,3456,353129,491751,12255459080,1,-1,34560
bu2206,20220218,20220218,112607000,11:26:09,3456,353130,491750,12255493640,1,-1,34560
bu2206,20220218,20220218,112607500,11:26:09,3456,353137,491749,12255735560,7,-1,241920
bu2206,20220218,20220218,112608000,11:26:09,3454,353140,491748,12255839200,3,-1,103640
bu2206,20220218,20220218,112609000,11:26:10,3456,353143,491750,12255942880,3,2,103680
bu2206,20220218,20220218,112609500,11:26:10,3456,353143,491750,12255942880,0,0,0
bu2206,20220218,20220218,112610000,11:26:10,3456,353145,491750,12256011980,2,0,69100
bu2206,20220218,20220218,112610500,11:26:11,3456,353146,491750,12256046540,1,0,34560
bu2206,20220218,20220218,112611000,11:26:11,3456,353147,491750,12256081100,1,0,34560
bu2206,20220218,20220218,112611500,11:26:13,3456,353148,491750,12256115660,1,0,34560
bu2206,20220218,20220218,112612000,11:26:14,3456,353148,491750,12256115660,0,0,0
bu2206,20220218,20220218,112612500,11:26:14,3456,353148,491750,12256115660,0,0,0
bu2206,20220218,20220218,112613000,11:26:15,3456,353150,491750,12256184780,2,0,69120
bu2206,20220218,20220218,112613500,11:26:15,3456,353171,491735,12256910540,21,-15,725760
bu2206,20220218,20220218,112614000,11:26:15,3456,353171,491735,12256910540,0,0,0
bu2206,20220218,20220218,112614500,11:26:15,3456,353171,491735,12256910540,0,0,0
bu2206,20220218,20220218,112615000,11:26:16,3456,353171,491735,12256910540,0,0,0
bu2206,20220218,20220218,112616000,11:26:16,3456,353171,491735,12256910540,0,0,0
bu2206,20220218,20220218,112617000,11:26:17,3456,353171,491735,12256910540,0,0,0
bu2206,20220218,20220218,112617500,11:26:17,3456,353172,491734,12256945100,1,-1,34560
bu2206,20220218,20220218,112618000,11:26:18,3456,353172,491734,12256945100,0,0,0
bu2206,20220218,20220218,112618500,11:26:19,3456,353172,491734,12256945100,0,0,0
bu2206,20220218,20220218,112619000,11:26:19,3456,353233,491762,12259053260,61,28,2108160
bu2206,20220218,20220218,112619500,11:26:20,3456,353253,491759,12259744460,20,-3,691200
bu2206,20220218,20220218,112620000,11:26:20,3456,353253,491759,12259744460,0,0,0
bu2206,20220218,20220218,112620500,11:26:20,3456,353253,491759,12259744460,0,0,0
bu2206,20220218,20220218,112621000,11:26:21,3456,353253,491759,12259744460,0,0,0
bu2206,20220218,20220218,112621500,11:26:21,3456,353253,491759,12259744460,0,0,0
bu2206,20220218,20220218,112622500,11:26:22,3456,353253,491759,12259744460,0,0,0
bu2206,20220218,20220218,112623000,11:26:23,3456,353253,491759,12259744460,0,0,0
bu2206,20220218,20220218,112623500,11:26:23,3456,353258,491759,12259917260,5,0,172800
bu2206,20220218,20220218,112624000,11:26:24,3456,353264,491754,12260124620,6,-5,207360
bu2206,20220218,20220218,112624500,11:26:24,3456,353291,491748,12261057740,27,-6,933120
bu2206,20220218,20220218,112625000,11:26:25,3456,353291,491748,12261057740,0,0,0
bu2206,20220218,20220218,112625500,11:26:26,3456,353303,491748,12261472460,12,0,414720
bu2206,20220218,20220218,112626000,11:26:26,3456,353303,491748,12261472460,0,0,0
bu2206,20220218,20220218,112626500,11:26:26,3456,353303,491748,12261472460,0,0,0
bu2206,20220218,20220218,112627000,11:26:27,3456,353303,491748,12261472460,0,0,0
bu2206,20220218,20220218,112627500,11:26:27,3456,353304,491748,12261507020,1,0,34560
bu2206,20220218,20220218,112628000,11:26:28,3456,353306,491748,12261576140,2,0,69120
bu2206,20220218,20220218,112628500,11:26:28,3456,353306,491748,12261576140,0,0,0
bu2206,20220218,20220218,112629000,11:26:29,3456,353306,491748,12261576140,0,0,0
bu2206,20220218,20220218,112629500,11:26:31,3454,353311,491749,12261748920,5,1,172780
bu2206,20220218,20220218,112630000,11:26:31,3456,353313,491749,12261818020,2,0,69100
bu2206,20220218,20220218,112630500,11:26:31,3456,353316,491749,12261921700,3,0,103680
bu2206,20220218,20220218,112631000,11:26:31,3456,353316,491749,12261921700,0,0,0
bu2206,20220218,20220218,112631500,11:26:32,3456,353316,491749,12261921700,0,0,0
bu2206,20220218,20220218,112632000,11:26:32,3456,353316,491749,12261921700,0,0,0
bu2206,20220218,20220218,112632500,11:26:32,3456,353316,491749,12261921700,0,0,0
bu2206,20220218,20220218,112633500,11:26:34,3456,353317,491749,12261956260,1,0,34560
bu2206,20220218,20220218,112634500,11:26:37,3456,353317,491749,12261956260,0,0,0
bu2206,20220218,20220218,112635500,11:26:38,3456,353317,491749,12261956260,0,0,0
bu2206,20220218,20220218,112637000,11:26:39,3456,353317,491749,12261956260,0,0,0
bu2206,20220218,20220218,112637500,11:27:10,3456,353317,491749,12261956260,0,0,0
bu2206,20220218,20220218,112638000,11:27:10,3456,353317,491749,12261956260,0,0,0
bu2206,20220218,20220218,112653000,11:27:10,3454,353513,491636,12268726260,196,-113,6770000
bu2206,20220218,20220218,112710000,11:27:12,3454,353659,491609,12273769400,146,-27,5043140
bu2206,20220218,20220218,112712000,11:27:12,3454,353663,491605,12273907560,4,-4,138160
bu2206,20220218,20220218,112712500,11:27:13,3454,353668,491607,12274080260,5,2,172700
bu2206,20220218,20220218,112713000,11:27:14,3454,353668,491607,12274080260,0,0,0
bu2206,20220218,20220218,112713500,11:27:14,3454,353668,491607,12274080260,0,0,0
bu2206,20220218,20220218,112714000,11:27:15,3454,353668,491607,12274080260,0,0,0
bu2206,20220218,20220218,112714500,11:27:15,3452,353672,491603,12274218340,4,-4,138080
bu2206,20220218,20220218,112715000,11:27:16,3454,353674,491603,12274287420,2,0,69080
bu2206,20220218,20220218,112715500,11:27:16,3454,353674,491603,12274287420,0,0,0
bu2206,20220218,20220218,112716500,11:27:17,3454,353674,491603,12274287420,0,0,0
bu2206,20220218,20220218,112717000,11:27:17,3454,353674,491603,12274287420,0,0,0
bu2206,20220218,20220218,112717500,11:27:17,3454,353676,491605,12274356500,2,2,69080
bu2206,20220218,20220218,112718000,11:27:18,3454,353683,491600,12274598280,7,-5,241780
bu2206,20220218,20220218,112718500,11:27:19,3454,353683,491600,12274598280,0,0,0
bu2206,20220218,20220218,112719500,11:27:20,3452,353684,491600,12274632800,1,0,34520
bu2206,20220218,20220218,112720000,11:27:20,3454,353685,491600,12274667340,1,0,34540
bu2206,20220218,20220218,112720500,11:27:21,3454,353690,491598,12274840040,5,-2,172700
bu2206,20220218,20220218,112721000,11:27:21,3454,353692,491597,12274909120,2,-1,69080
bu2206,20220218,20220218,112721500,11:27:22,3454,353696,491601,12275047280,4,4,138160
bu2206,20220218,20220218,112722000,11:27:22,3454,353702,491603,12275254520,6,2,207240
bu2206,20220218,20220218,112722500,11:27:22,3454,353704,491602,12275323600,2,-1,69080
bu2206,20220218,20220218,112723000,11:27:26,3454,353704,491602,12275323600,0,0,0
bu2206,20220218,20220218,112723500,11:27:27,3454,353704,491602,12275323600,0,0,0
bu2206,20220218,20220218,112724000,11:27:27,3454,353705,491602,12275358140,1,0,34540
bu2206,20220218,20220218,112726500,11:27:27,3454,353710,491605,12275530840,5,3,172700
bu2206,20220218,20220218,112727000,11:27:27,3454,353723,491594,12275979860,13,-11,449020
bu2206,20220218,20220218,112727500,11:27:27,3454,353723,491594,12275979860,0,0,0
bu2206,20220218,20220218,112728000,11:27:28,3454,353724,491594,12276014400,1,0,34540
bu2206,20220218,20220218,112728500,11:27:28,3454,353727,491596,12276118040,3,2,103640
bu2206,20220218,20220218,112729000,11:27:29,3454,353727,491596,12276118040,0,0,0
bu2206,20220218,20220218,112729500,11:27:30,3454,353735,491596,12276394360,8,0,276320
bu2206,20220218,20220218,112730000,11:27:30,3454,353738,491595,12276498000,3,-1,103640
bu2206,20220218,20220218,112730500,11:27:31,3454,353738,491595,12276498000,0,0,0
bu2206,20220218,20220218,112731000,11:27:33,3454,353738,491595,12276498000,0,0,0
bu2206,20220218,20220218,112731500,11:27:35,3456,353740,491595,12276567120,2,0,69120
bu2206,20220218,20220218,112732000,11:27:36,3456,353743,491592,12276670800,3,-3,103680
bu2206,20220218,20220218,112735500,11:27:36,3456,353743,491592,12276670800,0,0,0
bu2206,20220218,20220218,112736000,11:27:37,3456,353743,491592,12276670800,0,0,0
bu2206,20220218,20220218,112736500,11:27:38,3456,353743,491592,12276670800,0,0,0
bu2206,20220218,20220218,112737000,11:27:38,3456,353743,491592,12276670800,0,0,0
bu2206,20220218,20220218,112737500,11:27:38,3454,353791,491561,12278328760,48,-31,1657960
bu2206,20220218,20220218,112738000,11:27:39,3454,353791,491561,12278328760,0,0,0
bu2206,20220218,20220218,112738500,11:27:39,3454,353791,491561,12278328760,0,0,0
bu2206,20220218,20220218,112739000,11:27:39,3454,353791,491561,12278328760,0,0,0
bu2206,20220218,20220218,112739500,11:27:39,3454,353791,491561,12278328760,0,0,0
bu2206,20220218,20220218,112740000,11:27:40,3454,353791,491561,12278328760,0,0,0
bu2206,20220218,20220218,112740500,11:27:40,3454,353791,491561,12278328760,0,0,0
bu2206,20220218,20220218,112741000,11:27:41,3454,353791,491561,12278328760,0,0,0
bu2206,20220218,20220218,112741500,11:27:42,3454,353792,491560,12278363300,1,-1,34540
bu2206,20220218,20220218,112742000,11:27:42,3454,353792,491560,12278363300,0,0,0
bu2206,20220218,20220218,112742500,11:27:43,3454,353792,491560,12278363300,0,0,0
bu2206,20220218,20220218,112743000,11:27:43,3454,353793,491560,12278397840,1,0,34540
bu2206,20220218,20220218,112743500,11:27:43,3454,353793,491560,12278397840,0,0,0
bu2206,20220218,20220218,112744000,11:27:44,3454,353793,491560,12278397840,0,0,0
bu2206,20220218,20220218,112744500,11:27:45,3454,353822,491541,12279399500,29,-19,1001660
bu2206,20220218,20220218,112745000,11:27:45,3454,353822,491541,12279399500,0,0,0
bu2206,20220218,20220218,112745500,11:27:46,3456,353825,491541,12279503140,3,0,103640
bu2206,20220218,20220218,112746000,11:27:46,3456,353825,491541,12279503140,0,0,0
bu2206,20220218,20220218,112746500,11:27:47,3454,353834,491541,12279814000,9,0,310860
bu2206,20220218,20220218,112747000,11:27:47,3454,353834,491541,12279814000,0,0,0
bu2206,20220218,20220218,112747500,11:27:47,3456,353835,491540,12279848560,1,-1,34560
bu2206,20220218,20220218,112748000,11:27:53,3456,353835,491540,12279848560,0,0,0
bu2206,20220218,20220218,112748500,11:27:54,3454,353837,491542,12279917640,2,2,69080
bu2206,20220218,20220218,112749500,11:27:54,3454,353837,491542,12279917640,0,0,0
bu2206,20220218,20220218,112754000,11:27:54,3454,353837,491542,12279917640,0,0,0
bu2206,20220218,20220218,112754500,11:27:55,3454,353837,491542,12279917640,0,0,0
bu2206,20220218,20220218,112755000,11:27:55,3456,353846,491544,12280228580,9,2,310940
bu2206,20220218,20220218,112755500,11:27:55,3456,353846,491544,12280228580,0,0,0
bu2206,20220218,20220218,112756000,11:27:56,3456,353846,491544,12280228580,0,0,0
bu2206,20220218,20220218,112756500,11:27:56,3456,353846,491544,12280228580,0,0,0
bu2206,20220218,20220218,112757000,11:27:57,3456,353846,491544,12280228580,0,0,0
bu2206,20220218,20220218,112757500,11:27:57,3456,353846,491544,12280228580,0,0,0
bu2206,20220218,20220218,112758000,11:27:58,3456,353846,491544,12280228580,0,0,0
bu2206,20220218,20220218,112758500,11:27:59,3454,353847,491545,12280263120,1,1,34540
bu2206,20220218,20220218,112759000,11:27:59,3454,353847,491545,12280263120,0,0,0
bu2206,20220218,20220218,112759500,11:27:59,3454,353847,491545,12280263120,0,0,0
bu2206,20220218,20220218,112800000,11:28:00,3456,353848,491545,12280297680,1,0,34560
bu2206,20220218,20220218,112800500,11:28:01,3456,353848,491545,12280297680,0,0,0
bu2206,20220218,20220218,112801000,11:28:01,3456,353848,491545,12280297680,0,0,0
bu2206,20220218,20220218,112801500,11:28:02,3456,353850,491545,12280366800,2,0,69120
bu2206,20220218,20220218,112802000,11:28:03,3456,353851,491545,12280401360,1,0,34560
bu2206,20220218,20220218,112802500,11:28:03,3456,353863,491538,12280816080,12,-7,414720
bu2206,20220218,20220218,112803000,11:28:04,3456,354068,491683,12287900880,205,145,7084800
bu2206,20220218,20220218,112803500,11:28:04,3456,354081,491693,12288350160,13,10,449280
bu2206,20220218,20220218,112804000,11:28:05,3456,354081,491693,12288350160,0,0,0
bu2206,20220218,20220218,112804500,11:28:06,3456,354083,491694,12288419280,2,1,69120
bu2206,20220218,20220218,112805000,11:28:06,3456,354083,491694,12288419280,0,0,0
bu2206,20220218,20220218,112805500,11:28:08,3458,354089,491694,12288626700,6,0,207420
bu2206,20220218,20220218,112806000,11:28:10,3458,354110,491688,12289352660,21,-6,725960
bu2206,20220218,20220218,112806500,11:28:10,3456,354131,491672,12290078640,21,-16,725980
bu2206,20220218,20220218,112807000,11:28:10,3456,354131,491672,12290078640,0,0,0
bu2206,20220218,20220218,112810000,11:28:11,3456,354131,491672,12290078640,0,0,0
bu2206,20220218,20220218,112810500,11:28:12,3456,354131,491672,12290078640,0,0,0
bu2206,20220218,20220218,112811500,11:28:12,3456,354131,491672,12290078640,0,0,0
bu2206,20220218,20220218,112812000,11:28:13,3456,354131,491672,12290078640,0,0,0
bu2206,20220218,20220218,112812500,11:28:13,3458,354136,491670,12290251520,5,-2,172880
bu2206,20220218,20220218,112813000,11:28:13,3458,354136,491670,12290251520,0,0,0
bu2206,20220218,20220218,112813500,11:28:14,3458,354136,491670,12290251520,0,0,0
bu2206,20220218,20220218,112814000,11:28:14,3458,354136,491670,12290251520,0,0,0
bu2206,20220218,20220218,112814500,11:28:14,3456,354140,491667,12290389760,4,-3,138240
bu2206,20220218,20220218,112815000,11:28:15,3458,354142,491666,12290458900,2,-1,69140
bu2206,20220218,20220218,112815500,11:28:15,3458,354145,491665,12290562600,3,-1,103700
bu2206,20220218,20220218,112816000,11:28:16,3456,354156,491658,12290942840,11,-7,380240
bu2206,20220218,20220218,112816500,11:28:16,3456,354156,491658,12290942840,0,0,0
bu2206,20220218,20220218,112817000,11:28:17,3456,354156,491658,12290942840,0,0,0
bu2206,20220218,20220218,112817500,11:28:17,3456,354157,491658,12290977400,1,0,34560
bu2206,20220218,20220218,112818500,11:28:18,3456,354157,491658,12290977400,0,0,0
bu2206,20220218,20220218,112819000,11:28:19,3456,354157,491658,12290977400,0,0,0
bu2206,20220218,20220218,112819500,11:28:20,3458,354164,491660,12291219420,7,2,242020
bu2206,20220218,20220218,112820000,11:28:20,3458,354164,491660,12291219420,0,0,0
bu2206,20220218,20220218,112820500,11:28:20,3458,354164,491660,12291219420,0,0,0
bu2206,20220218,20220218,112821000,11:28:21,3458,354171,491659,12291461460,7,-1,242040
bu2206,20220218,20220218,112821500,11:28:22,3458,354176,491658,12291634360,5,-1,172900
bu2206,20220218,20220218,112822000,11:28:22,3458,354181,491658,12291807260,5,0,172900
bu2206,20220218,20220218,112822500,11:28:22,3456,354192,491663,12292187520,11,5,380260
bu2206,20220218,20220218,112823000,11:28:23,3456,354192,491663,12292187520,0,0,0
bu2206,20220218,20220218,112823500,11:28:23,3456,354192,491663,12292187520,0,0,0
bu2206,20220218,20220218,112824000,11:28:24,3456,354192,491663,12292187520,0,0,0
bu2206,20220218,20220218,112824500,11:28:24,3456,354200,491664,12292464120,8,1,276600
bu2206,20220218,20220218,112825000,11:28:25,3458,354201,491664,12292498700,1,0,34580
bu2206,20220218,20220218,112825500,11:28:25,3456,354203,491662,12292567820,2,-2,69120
bu2206,20220218,20220218,112826000,11:28:26,3456,354203,491662,12292567820,0,0,0
bu2206,20220218,20220218,112826500,11:28:27,3456,354203,491662,12292567820,0,0,0
bu2206,20220218,20220218,112827000,11:28:27,3456,354203,491662,12292567820,0,0,0
bu2206,20220218,20220218,112827500,11:28:27,3458,354207,491659,12292706080,4,-3,138260
bu2206,20220218,20220218,112828000,11:28:28,3456,354211,491659,12292844320,4,0,138240
bu2206,20220218,20220218,112828500,11:28:28,3456,354211,491659,12292844320,0,0,0
bu2206,20220218,20220218,112829000,11:28:29,3456,354213,491658,12292913460,2,-1,69140
bu2206,20220218,20220218,112829500,11:28:30,3456,354214,491657,12292948020,1,-1,34560
bu2206,20220218,20220218,112830000,11:28:30,3458,354215,491657,12292982600,1,0,34580
bu2206,20220218,20220218,112830500,11:28:31,3456,354218,491658,12293086300,3,1,103700
bu2206,20220218,20220218,112831000,11:28:31,3458,354222,491658,12293224620,4,0,138320
bu2206,20220218,20220218,112831500,11:28:31,3458,354223,491657,12293259200,1,-1,34580
bu2206,20220218,20220218,112832000,11:28:32,3458,354223,491657,12293259200,0,0,0
bu2206,20220218,20220218,112832500,11:28:33,3456,354227,491658,12293397460,4,1,138260
bu2206,20220218,20220218,112833000,11:28:33,3456,354278,491676,12295160020,51,18,1762560
bu2206,20220218,20220218,112833500,11:28:34,3456,354282,491674,12295298260,4,-2,138240
bu2206,20220218,20220218,112834000,11:28:34,3458,354286,491675,12295436520,4,1,138260
bu2206,20220218,20220218,112834500,11:28:34,3456,354289,491673,12295540200,3,-2,103680
bu2206,20220218,20220218,112835000,11:28:35,3458,354294,491669,12295713100,5,-4,172900
bu2206,20220218,20220218,112835500,11:28:37,3458,354294,491669,12295713100,0,0,0
bu2206,20220218,20220218,112836000,11:28:37,3458,354294,491669,12295713100,0,0,0
bu2206,20220218,20220218,112836500,11:28:37,3458,354294,491669,12295713100,0,0,0
bu2206,20220218,20220218,112837000,11:28:37,3458,354294,491669,12295713100,0,0,0
bu2206,20220218,20220218,112837500,11:28:37,3456,354295,491668,12295747660,1,-1,34560
bu2206,20220218,20220218,112838000,11:28:38,3456,354295,491668,12295747660,0,0,0
bu2206,20220218,20220218,112838500,11:28:38,3456,354295,491668,12295747660,0,0,0
bu2206,20220218,20220218,112839000,11:28:40,3458,354303,491669,12296024280,8,1,276620
bu2206,20220218,20220218,112839500,11:28:40,3456,354304,491668,12296058840,1,-1,34560
bu2206,20220218,20220218,112840000,11:28:40,3458,354308,491664,12296197160,4,-4,138320
bu2206,20220218,20220218,112840500,11:28:40,3458,354311,491664,12296300900,3,0,103740
bu2206,20220218,20220218,112841000,11:28:41,3456,354314,491663,12296404600,3,-1,103700
bu2206,20220218,20220218,112841500,11:28:41,3456,354315,491663,12296439160,1,0,34560
bu2206,20220218,20220218,112842000,11:28:42,3456,354316,491662,12296473720,1,-1,34560
bu2206,20220218,20220218,112842500,11:28:43,3456,354322,491659,12296681180,6,-3,207460
bu2206,20220218,20220218,112843000,11:28:43,3456,354322,491659,12296681180,0,0,0
bu2206,20220218,20220218,112843500,11:28:44,3458,354327,491660,12296854020,5,1,172840
bu2206,20220218,20220218,112844500,11:28:45,3458,354327,491660,12296854020,0,0,0
bu2206,20220218,20220218,112845000,11:28:45,3458,354327,491660,12296854020,0,0,0
bu2206,20220218,20220218,112845500,11:28:46,3458,354328,491659,12296888600,1,-1,34580
bu2206,20220218,20220218,112846000,11:28:46,3456,354330,491659,12296957740,2,0,69140
bu2206,20220218,20220218,112846500,11:28:46,3456,354331,491660,12296992300,1,1,34560
bu2206,20220218,20220218,112847000,11:28:47,3456,354331,491660,12296992300,0,0,0
bu2206,20220218,20220218,112847500,11:28:48,3458,354332,491660,12297026880,1,0,34580
bu2206,20220218,20220218,112848000,11:28:48,3456,354333,491661,12297061440,1,1,34560
bu2206,20220218,20220218,112848500,11:28:48,3456,354333,491661,12297061440,0,0,0
bu2206,20220218,20220218,112849500,11:28:50,3456,354333,491661,12297061440,0,0,0
bu2206,20220218,20220218,112850000,11:28:50,3456,354333,491661,12297061440,0,0,0
bu2206,20220218,20220218,112850500,11:28:51,3456,354333,491661,12297061440,0,0,0
bu2206,20220218,20220218,112851000,11:28:51,3456,354333,491661,12297061440,0,0,0
bu2206,20220218,20220218,112851500,11:28:51,3456,354333,491661,12297061440,0,0,0
bu2206,20220218,20220218,112852000,11:28:53,3456,354333,491661,12297061440,0,0,0
bu2206,20220218,20220218,112852500,11:28:53,3456,354333,491661,12297061440,0,0,0
bu2206,20220218,20220218,112853000,11:28:54,3456,354334,491662,12297096000,1,1,34560
bu2206,20220218,20220218,112853500,11:28:54,3456,354334,491662,12297096000,0,0,0
bu2206,20220218,20220218,112854000,11:28:54,3456,354336,491664,12297165120,2,2,69120
bu2206,20220218,20220218,112854500,11:28:54,3456,354336,491664,12297165120,0,0,0
bu2206,20220218,20220218,112855000,11:28:55,3456,354340,491660,12297303360,4,-4,138240
bu2206,20220218,20220218,112855500,11:28:56,3456,354340,491660,12297303360,0,0,0
bu2206,20220218,20220218,112856000,11:28:56,3458,354341,491659,12297337940,1,-1,34580
bu2206,20220218,20220218,112856500,11:28:56,3458,354341,491659,12297337940,0,0,0
bu2206,20220218,20220218,112857000,11:28:57,3458,354341,491659,12297337940,0,0,0
bu2206,20220218,20220218,112857500,11:28:58,3458,354341,491659,12297337940,0,0,0
bu2206,20220218,20220218,112858000,11:28:59,3458,354342,491658,12297372520,1,-1,34580
bu2206,20220218,20220218,112858500,11:28:59,3458,354353,491649,12297752900,11,-9,380380
bu2206,20220218,20220218,112859000,11:28:59,3456,354354,491648,12297787460,1,-1,34560
bu2206,20220218,20220218,112859500,11:29:00,3456,354355,491647,12297822020,1,-1,34560
bu2206,20220218,20220218,112900000,11:29:00,3458,354415,491587,12299896820,60,-60,2074800
bu2206,20220218,20220218,112900500,11:29:01,3458,354415,491587,12299896820,0,0,0
bu2206,20220218,20220218,112901000,11:29:01,3456,354419,491584,12300035080,4,-3,138260
bu2206,20220218,20220218,112901500,11:29:02,3458,354436,491584,12300622920,17,0,587840
bu2206,20220218,20220218,112902000,11:29:03,3458,354457,491563,12301349100,21,-21,726180
bu2206,20220218,20220218,112902500,11:29:03,3458,354457,491563,12301349100,0,0,0
bu2206,20220218,20220218,112903500,11:29:04,3458,354457,491563,12301349100,0,0,0
bu2206,20220218,20220218,112904000,11:29:04,3458,354460,491561,12301452820,3,-2,103720
bu2206,20220218,20220218,112904500,11:29:04,3458,354462,491560,12301521980,2,-1,69160
bu2206,20220218,20220218,112905000,11:29:05,3458,354462,491560,12301521980,0,0,0
bu2206,20220218,20220218,112905500,11:29:06,3458,354465,491560,12301625720,3,0,103740
bu2206,20220218,20220218,112906000,11:29:06,3458,354465,491560,12301625720,0,0,0
bu2206,20220218,20220218,112906500,11:29:06,3458,354467,491560,12301694880,2,0,69160
bu2206,20220218,20220218,112907000,11:29:08,3458,354468,491561,12301729460,1,1,34580
bu2206,20220218,20220218,112907500,11:29:08,3458,354469,491561,12301764040,1,0,34580
bu2206,20220218,20220218,112908000,11:29:08,3456,354474,491563,12301936840,5,2,172800
bu2206,20220218,20220218,112908500,11:29:08,3458,354477,491562,12302040580,3,-1,103740
bu2206,20220218,20220218,112909000,11:29:09,3458,354479,491561,12302109740,2,-1,69160
bu2206,20220218,20220218,112909500,11:29:09,3458,354482,491561,12302213480,3,0,103740
bu2206,20220218,20220218,112910000,11:29:10,3456,354497,491557,12302732120,15,-4,518640
bu2206,20220218,20220218,112910500,11:29:10,3456,354497,491557,12302732120,0,0,0
bu2206,20220218,20220218,112911000,11:29:11,3456,354497,491557,12302732120,0,0,0
bu2206,20220218,20220218,112911500,11:29:12,3458,354503,491551,12302939600,6,-6,207480
bu2206,20220218,20220218,112912500,11:29:12,3458,354504,491550,12302974180,1,-1,34580
bu2206,20220218,20220218,112913000,11:29:13,3458,354513,491544,12303285400,9,-6,311220
bu2206,20220218,20220218,112913500,11:29:14,3458,354515,491542,12303354560,2,-2,69160
bu2206,20220218,20220218,112914000,11:29:14,3458,354520,491545,12303527460,5,3,172900
bu2206,20220218,20220218,112914500,11:29:15,3456,354573,491561,12305360180,53,16,1832720
bu2206,20220218,20220218,112915000,11:29:15,3458,354575,491562,12305429340,2,1,69160
bu2206,20220218,20220218,112915500,11:29:16,3458,354577,491564,12305498500,2,2,69160
bu2206,20220218,20220218,112916000,11:29:16,3456,354601,491565,12306328180,24,1,829680
bu2206,20220218,20220218,112916500,11:29:18,3456,354601,491565,12306328180,0,0,0
bu2206,20220218,20220218,112917000,11:29:20,3456,354610,491570,12306639260,9,5,311080
bu2206,20220218,20220218,112917500,11:29:21,3456,354610,491570,12306639260,0,0,0
bu2206,20220218,20220218,112918000,11:29:21,3456,354610,491570,12306639260,0,0,0
bu2206,20220218,20220218,112920500,11:29:21,3456,354610,491570,12306639260,0,0,0
bu2206,20220218,20220218,112921000,11:29:22,3456,354610,491570,12306639260,0,0,0
bu2206,20220218,20220218,112921500,11:29:24,3458,354634,491562,12307469180,24,-8,829920
bu2206,20220218,20220218,112922000,11:29:24,3458,354636,491562,12307538340,2,0,69160
bu2206,20220218,20220218,112922500,11:29:24,3456,354640,491564,12307676640,4,2,138300
bu2206,20220218,20220218,112923000,11:29:24,3458,354644,491565,12307814960,4,1,138320
bu2206,20220218,20220218,112924000,11:29:24,3458,354651,491572,12308057020,7,7,242060
bu2206,20220218,20220218,112924500,11:29:25,3458,354657,491573,12308264500,6,1,207480
bu2206,20220218,20220218,112925000,11:29:25,3458,354659,491573,12308333660,2,0,69160
bu2206,20220218,20220218,112925500,11:29:25,3458,354660,491572,12308368240,1,-1,34580
bu2206,20220218,20220218,112926000,11:29:26,3458,354660,491572,12308368240,0,0,0
bu2206,20220218,20220218,112926500,11:29:26,3458,354660,491572,12308368240,0,0,0
bu2206,20220218,20220218,112927000,11:29:27,3456,354665,491577,12308541040,5,5,172800
bu2206,20220218,20220218,112927500,11:29:27,3458,354746,491535,12311342020,81,-42,2800980
bu2206,20220218,20220218,112928000,11:29:28,3458,354774,491539,12312310260,28,4,968240
bu2206,20220218,20220218,112928500,11:29:29,3458,354774,491539,12312310260,0,0,0
bu2206,20220218,20220218,112929000,11:29:29,3458,354775,491539,12312344840,1,0,34580
bu2206,20220218,20220218,112929500,11:29:29,3458,354775,491539,12312344840,0,0,0
bu2206,20220218,20220218,112930000,11:29:30,3458,354775,491539,12312344840,0,0,0
bu2206,20220218,20220218,112930500,11:29:31,3458,354775,491539,12312344840,0,0,0
bu2206,20220218,20220218,112931000,11:29:32,3458,354775,491539,12312344840,0,0,0
bu2206,20220218,20220218,112931500,11:29:32,3460,354777,491539,12312414040,2,0,69200
bu2206,20220218,20220218,112932000,11:29:36,3458,354901,491561,12316704320,124,22,4290280
bu2206,20220218,20220218,112932500,11:29:36,3460,354906,491561,12316877320,5,0,173000
bu2206,20220218,20220218,112933000,11:29:37,3460,354914,491564,12317154120,8,3,276800
bu2206,20220218,20220218,112933500,11:29:38,3460,354919,491561,12317327060,5,-3,172940
bu2206,20220218,20220218,112936500,11:29:38,3460,354931,491565,12317742260,12,4,415200
bu2206,20220218,20220218,112937500,11:29:38,3460,354935,491568,12317880660,4,3,138400
bu2206,20220218,20220218,112938000,11:29:38,3460,354938,491569,12317984440,3,1,103780
bu2206,20220218,20220218,112939000,11:29:39,3460,354957,491571,12318641840,19,2,657400
bu2206,20220218,20220218,112939500,11:29:40,3460,354958,491570,12318676440,1,-1,34600
bu2206,20220218,20220218,112940000,11:29:40,3460,354983,491573,12319541440,25,3,865000
bu2206,20220218,20220218,112940500,11:29:40,3458,354984,491572,12319576020,1,-1,34580
bu2206,20220218,20220218,112941000,11:29:41,3460,354985,491572,12319610620,1,0,34600
bu2206,20220218,20220218,112941500,11:29:42,3460,354990,491567,12319783620,5,-5,173000
bu2206,20220218,20220218,112942000,11:29:44,3458,354993,491564,12319887360,3,-3,103740
bu2206,20220218,20220218,112942500,11:29:44,3460,355006,491555,12320337160,13,-9,449800
bu2206,20220218,20220218,112943000,11:29:45,3460,355017,491554,12320717740,11,-1,380580
bu2206,20220218,20220218,112943500,11:29:45,3460,355026,491547,12321029140,9,-7,311400
bu2206,20220218,20220218,112944500,11:29:45,3460,355079,491598,12322862940,53,51,1833800
bu2206,20220218,20220218,112945000,11:29:46,3460,355079,491598,12322862940,0,0,0
bu2206,20220218,20220218,112945500,11:29:46,3458,355094,491611,12323381680,15,13,518740
bu2206,20220218,20220218,112946000,11:29:47,3460,355100,491611,12323589260,6,0,207580
bu2206,20220218,20220218,112946500,11:29:47,3458,355109,491612,12323900540,9,1,311280
bu2206,20220218,20220218,112947000,11:29:47,3460,355112,491615,12324004340,3,3,103800
bu2206,20220218,20220218,112947500,11:29:48,3458,355119,491620,12324246480,7,5,242140
bu2206,20220218,20220218,112948000,11:29:49,3460,355124,491620,12324419460,5,0,172980
bu2206,20220218,20220218,112948500,11:29:50,3460,355127,491620,12324523260,3,0,103800
bu2206,20220218,20220218,112949000,11:29:50,3460,355142,491621,12325042240,15,1,518980
bu2206,20220218,20220218,112949500,11:29:51,3460,355142,491621,12325042240,0,0,0
bu2206,20220218,20220218,112950000,11:29:51,3460,355154,491621,12325457440,12,0,415200
bu2206,20220218,20220218,112950500,11:29:51,3458,355155,491621,12325492020,1,0,34580
bu2206,20220218,20220218,112951500,11:29:52,3458,355159,491622,12325630360,4,1,138340
bu2206,20220218,20220218,112952000,11:29:53,3458,355191,491600,12326737480,32,-22,1107120
bu2206,20220218,20220218,112952500,11:29:53,3458,355210,491588,12327394540,19,-12,657060
bu2206,20220218,20220218,112953000,11:29:54,3460,355211,491587,12327429140,1,-1,34600
bu2206,20220218,20220218,112953500,11:29:54,3460,355212,491586,12327463740,1,-1,34600
bu2206,20220218,20220218,112954000,11:29:54,3458,355218,491580,12327671260,6,-6,207520
bu2206,20220218,20220218,112954500,11:29:54,3458,355219,491580,12327705840,1,0,34580
bu2206,20220218,20220218,112955000,11:29:55,3460,355222,491579,12327809620,3,-1,103780
bu2206,20220218,20220218,112955500,11:29:56,3458,355227,491579,12327982520,5,0,172900
bu2206,20220218,20220218,112956000,11:30:00,3458,355280,491563,12329815260,53,-16,1832740
bu2206,20220218,20220218,112956500,11:30:00,3458,355282,491565,12329884420,2,2,69160
bu2206,20220218,20220218,112957000,11:30:02,3456,355285,491563,12329988120,3,-2,103700
bu2206,20220218,20220218,112957500,11:30:02,3458,355291,491561,12330195600,6,-2,207480
bu2206,20220218,20220218,112959500,11:30:02,3458,355297,491557,12330403080,6,-4,207480
bu2206,20220218,20220218,113000000,11:30:03,3458,355301,491557,12330541400,4,0,138320
bu2206,20220218,20220218,113001000,11:30:03,3458,355302,491557,12330575980,1,0,34580
bu2206,20220218,20220218,113001500,11:30:03,3458,355302,491557,12330575980,0,0,0
bu2206,20220218,20220218,133002000,13:30:08,3458,355362,491554,12332650660,60,-3,2074680
bu2206,20220218,20220218,133002500,13:30:10,3458,355373,491560,12333030960,11,6,380300
bu2206,20220218,20220218,133008000,13:30:10,3458,355373,491560,12333030960,0,0,0
bu2206,20220218,20220218,133009500,13:30:10,3458,355547,491455,12339045260,174,-105,6014300
bu2206,20220218,20220218,133010000,13:30:11,3458,355547,491455,12339045260,0,0,0
bu2206,20220218,20220218,133010500,13:30:12,3458,355548,491455,12339079840,1,0,34580
bu2206,20220218,20220218,133011000,13:30:13,3458,355552,491451,12339218140,4,-4,138300
bu2206,20220218,20220218,133011500,13:30:13,3458,355555,491449,12339321880,3,-2,103740
bu2206,20220218,20220218,133012500,13:30:13,3458,355571,491444,12339874940,16,-5,553060
bu2206,20220218,20220218,133013000,13:30:14,3458,355571,491444,12339874940,0,0,0
bu2206,20220218,20220218,133013500,13:30:14,3458,355572,491443,12339909520,1,-1,34580
bu2206,20220218,20220218,133014000,13:30:15,3458,355577,491448,12340082340,5,5,172820
bu2206,20220218,20220218,133014500,13:30:16,3456,355578,491448,12340116900,1,0,34560
bu2206,20220218,20220218,133015000,13:30:18,3456,355582,491450,12340255140,4,2,138240
bu2206,20220218,20220218,133016500,13:30:18,3456,355761,491554,12346441360,179,104,6186220
bu2206,20220218,20220218,133017000,13:30:18,3456,355761,491554,12346441360,0,0,0
bu2206,20220218,20220218,133017500,13:30:18,3456,355762,491555,12346475920,1,1,34560
bu2206,20220218,20220218,133018000,13:30:19,3456,355762,491555,12346475920,0,0,0
bu2206,20220218,20220218,133018500,13:30:20,3456,355764,491557,12346545040,2,2,69120
bu2206,20220218,20220218,133019000,13:30:20,3456,355765,491556,12346579600,1,-1,34560
bu2206,20220218,20220218,133019500,13:30:21,3456,355767,491555,12346648700,2,-1,69100
bu2206,20220218,20220218,133020000,13:30:21,3454,355783,491548,12347201600,16,-7,552900
bu2206,20220218,20220218,133020500,13:30:21,3454,355791,491548,12347477920,8,0,276320
bu2206,20220218,20220218,133021000,13:30:21,3456,355879,491516,12350519200,88,-32,3041280
bu2206,20220218,20220218,133021500,13:30:22,3456,355890,491526,12350899360,11,10,380160
bu2206,20220218,20220218,133022000,13:30:38,3456,355894,491527,12351037640,4,1,138280
bu2206,20220218,20220218,133022500,13:30:38,3456,355935,491527,12352454620,41,0,1416980
bu2206,20220218,20220218,133023000,13:30:40,3458,355936,491527,12352489200,1,0,34580
bu2206,20220218,20220218,133038000,13:30:40,3458,356016,491555,12355254600,80,28,2765400
bu2206,20220218,20220218,133038500,13:30:42,3456,356022,491549,12355462060,6,-6,207460
bu2206,20220218,20220218,133040500,13:30:42,3458,356026,491545,12355600360,4,-4,138300
bu2206,20220218,20220218,133041000,13:30:43,3458,356026,491545,12355600360,0,0,0
bu2206,20220218,20220218,133041500,13:30:44,3458,356027,491545,12355634940,1,0,34580
bu2206,20220218,20220218,133042500,13:30:44,3458,356027,491545,12355634940,0,0,0
bu2206,20220218,20220218,133043000,13:30:44,3458,356027,491545,12355634940,0,0,0
bu2206,20220218,20220218,133044500,13:30:46,3456,356051,491553,12356464780,24,8,829840
bu2206,20220218,20220218,133045000,13:30:46,3456,356051,491553,12356464780,0,0,0
bu2206,20220218,20220218,133045500,13:30:46,3456,356051,491553,12356464780,0,0,0
bu2206,20220218,20220218,133046000,13:30:47,3456,356051,491553,12356464780,0,0,0
bu2206,20220218,20220218,133046500,13:30:47,3456,356051,491553,12356464780,0,0,0
bu2206,20220218,20220218,133047000,13:30:48,3458,356057,491552,12356672260,6,-1,207480
bu2206,20220218,20220218,133047500,13:30:48,3458,356057,491552,12356672260,0,0,0
bu2206,20220218,20220218,133048000,13:30:49,3456,356062,491552,12356845060,5,0,172800
bu2206,20220218,20220218,133048500,13:30:49,3456,356062,491552,12356845060,0,0,0
bu2206,20220218,20220218,133049000,13:30:50,3456,356062,491552,12356845060,0,0,0
bu2206,20220218,20220218,133049500,13:30:50,3458,356102,491568,12358228260,40,16,1383200
bu2206,20220218,20220218,133050000,13:30:51,3458,356105,491565,12358332000,3,-3,103740
bu2206,20220218,20220218,133050500,13:30:51,3456,356109,491561,12358470240,4,-4,138240
bu2206,20220218,20220218,133051000,13:30:52,3458,356110,491561,12358504820,1,0,34580
bu2206,20220218,20220218,133051500,13:30:52,3458,356110,491561,12358504820,0,0,0
bu2206,20220218,20220218,133052000,13:30:53,3458,356111,491560,12358539400,1,-1,34580
bu2206,20220218,20220218,133052500,13:30:54,3456,356116,491562,12358712240,5,2,172840
bu2206,20220218,20220218,133053000,13:30:54,3456,356116,491562,12358712240,0,0,0
bu2206,20220218,20220218,133053500,13:30:54,3456,356117,491561,12358746800,1,-1,34560
bu2206,20220218,20220218,133054000,13:30:55,3456,356117,491561,12358746800,0,0,0
bu2206,20220218,20220218,133054500,13:30:55,3456,356117,491561,12358746800,0,0,0
bu2206,20220218,20220218,133055000,13:30:56,3456,356118,491560,12358781360,1,-1,34560
bu2206,20220218,20220218,133055500,13:30:56,3456,356120,491560,12358850480,2,0,69120
bu2206,20220218,20220218,133056000,13:30:57,3458,356121,491559,12358885060,1,-1,34580
bu2206,20220218,20220218,133056500,13:30:57,3458,356121,491559,12358885060,0,0,0
bu2206,20220218,20220218,133057000,13:30:58,3456,356133,491566,12359299780,12,7,414720
bu2206,20220218,20220218,133057500,13:30:58,3456,356158,491563,12360164240,25,-3,864460
bu2206,20220218,20220218,133058000,13:30:58,3458,356194,491527,12361409120,36,-36,1244880
bu2206,20220218,20220218,133058500,13:30:59,3458,356194,491527,12361409120,0,0,0
bu2206,20220218,20220218,133059000,13:30:59,3456,356197,491527,12361512800,3,0,103680
bu2206,20220218,20220218,133059500,13:31:00,3456,356212,491542,12362031200,15,15,518400
bu2206,20220218,20220218,133100000,13:31:00,3456,356213,491542,12362065760,1,0,34560
bu2206,20220218,20220218,133100500,13:31:00,3456,356213,491542,12362065760,0,0,0
bu2206,20220218,20220218,133101000,13:31:01,3458,356228,491550,12362584440,15,8,518680
bu2206,20220218,20220218,133101500,13:31:01,3458,356231,491552,12362688180,3,2,103740
bu2206,20220218,20220218,133102000,13:31:02,3458,356232,491551,12362722760,1,-1,34580
bu2206,20220218,20220218,133102500,13:31:03,3458,356232,491551,12362722760,0,0,0
bu2206,20220218,20220218,133103000,13:31:03,3458,356232,491551,12362722760,0,0,0
bu2206,20220218,20220218,133103500,13:31:05,3456,356234,491553,12362791900,2,2,69140
bu2206,20220218,20220218,133104000,13:31:06,3458,356389,491632,12368151800,155,79,5359900
bu2206,20220218,20220218,133104500,13:31:07,3458,356396,491632,12368393860,7,0,242060
bu2206,20220218,20220218,133105500,13:31:08,3458,356396,491632,12368393860,0,0,0
bu2206,20220218,20220218,133107000,13:31:08,3462,356598,491772,12375383260,202,140,6989400
bu2206,20220218,20220218,133107500,13:31:09,3462,356663,491732,12377633540,65,-40,2250280
bu2206,20220218,20220218,133108500,13:31:09,3462,356670,491730,12377875800,7,-2,242260
bu2206,20220218,20220218,133109000,13:31:09,3462,356670,491730,12377875800,0,0,0
bu2206,20220218,20220218,133109500,13:31:10,3462,356675,491732,12378048860,5,2,173060
bu2206,20220218,20220218,133110000,13:31:11,3460,356677,491732,12378118080,2,0,69220
bu2206,20220218,20220218,133110500,13:31:11,3462,356680,491733,12378221920,3,1,103840
bu2206,20220218,20220218,133111000,13:31:11,3462,356681,491734,12378256540,1,1,34620
bu2206,20220218,20220218,133111500,13:31:12,3462,356682,491735,12378291160,1,1,34620
bu2206,20220218,20220218,133112000,13:31:13,3462,356714,491744,12379399000,32,9,1107840
bu2206,20220218,20220218,133112500,13:31:13,3462,356735,491730,12380126020,21,-14,727020
bu2206,20220218,20220218,133113000,13:31:13,3462,356861,491800,12384488140,126,70,4362120
bu2206,20220218,20220218,133113500,13:31:14,3464,356867,491796,12384695920,6,-4,207780
bu2206,20220218,20220218,133114000,13:31:15,3462,356941,491746,12387259200,74,-50,2563280
bu2206,20220218,20220218,133114500,13:31:15,3464,356968,491749,12388194380,27,3,935180
bu2206,20220218,20220218,133115000,13:31:15,3464,356974,491749,12388402220,6,0,207840
bu2206,20220218,20220218,133115500,13:31:16,3462,356978,491749,12388540760,4,0,138540
bu2206,20220218,20220218,133116000,13:31:16,3464,356984,491750,12388748580,6,1,207820
bu2206,20220218,20220218,133116500,13:31:17,3464,357000,491762,12389302760,16,12,554180
bu2206,20220218,20220218,133117000,13:31:18,3462,357001,491762,12389337380,1,0,34620
bu2206,20220218,20220218,133117500,13:31:18,3464,357060,491769,12391381140,59,7,2043760
bu2206,20220218,20220218,133118000,13:31:19,3464,357082,491766,12392142900,22,-3,761760
bu2206,20220218,20220218,133118500,13:31:19,3464,357111,491756,12393147380,29,-10,1004480
bu2206,20220218,20220218,133119000,13:31:19,3464,357117,491758,12393355200,6,2,207820
bu2206,20220218,20220218,133119500,13:31:20,3464,357120,491759,12393459120,3,1,103920
bu2206,20220218,20220218,133120000,13:31:20,3464,357122,491760,12393528400,2,1,69280
bu2206,20220218,20220218,133120500,13:31:21,3464,357122,491760,12393528400,0,0,0
bu2206,20220218,20220218,133121000,13:31:21,3464,357122,491760,12393528400,0,0,0
bu2206,20220218,20220218,133121500,13:31:22,3462,357125,491762,12393632280,3,2,103880
bu2206,20220218,20220218,133122000,13:31:23,3462,357127,491763,12393701520,2,1,69240
bu2206,20220218,20220218,133122500,13:31:25,3464,357132,491767,12393874700,5,4,173180
bu2206,20220218,20220218,133123000,13:31:25,3464,357135,491767,12393978620,3,0,103920
bu2206,20220218,20220218,133123500,13:31:25,3464,357147,491769,12394394300,12,2,415680
bu2206,20220218,20220218,133124000,13:31:25,3464,357148,491769,12394428940,1,0,34640
bu2206,20220218,20220218,133124500,13:31:25,3464,357153,491767,12394602100,5,-2,173160
bu2206,20220218,20220218,133156000,13:31:56,3464,357158,491766,12394775280,5,-1,173180
bu2206,20220218,20220218,133158000,13:31:58,3464,357168,491765,12395121640,10,-1,346360
bu2206,20220218,20220218,133158500,13:31:58,3464,357174,491767,12395329480,6,2,207840
bu2206,20220218,20220218,133159000,13:31:59,3462,357177,491766,12395433380,3,-1,103900
bu2206,20220218,20220218,133159500,13:32:00,3464,357180,491766,12395537300,3,0,103920
bu2206,20220218,20220218,133200000,13:32:01,3464,358378,491645,12437025600,1198,-121,41488300
bu2206,20220218,20220218,133200500,13:32:01,3464,358389,491651,12437406740,11,6,381140
bu2206,20220218,20220218,133201000,13:32:01,3466,358400,491656,12437787900,11,5,381160
bu2206,20220218,20220218,133201500,13:32:01,3466,358416,491656,12438342440,16,0,554540
bu2206,20220218,20220218,133202000,13:32:03,3466,358436,491674,12439035600,20,18,693160
bu2206,20220218,20220218,133202500,13:32:04,3466,358438,491675,12439104920,2,1,69320
bu2206,20220218,20220218,133203000,13:32:05,3466,358443,491677,12439278160,5,2,173240
bu2206,20220218,20220218,133203500,13:32:05,3466,358445,491678,12439347480,2,1,69320
bu2206,20220218,20220218,133204000,13:32:05,3466,358446,491679,12439382140,1,1,34660
bu2206,20220218,20220218,133205000,13:32:06,3466,358478,491679,12440491260,32,0,1109120
bu2206,20220218,20220218,133205500,13:32:06,3466,358479,491678,12440525920,1,-1,34660
bu2206,20220218,20220218,133206000,13:32:07,3466,358485,491679,12440733860,6,1,207940
bu2206,20220218,20220218,133206500,13:32:07,3466,358496,491679,12441115120,11,0,381260
bu2206,20220218,20220218,133207000,13:32:07,3466,358503,491680,12441357620,7,1,242500
bu2206,20220218,20220218,133207500,13:32:07,3466,358506,491679,12441461600,3,-1,103980
bu2206,20220218,20220218,133208000,13:32:09,3464,358546,491665,12442847200,40,-14,1385600
bu2206,20220218,20220218,133208500,13:32:10,3466,358552,491662,12443055140,6,-3,207940
bu2206,20220218,20220218,133209000,13:32:10,3464,358760,491527,12450260260,208,-135,7205120
bu2206,20220218,20220218,133209500,13:32:10,3464,358763,491526,12450364180,3,-1,103920
bu2206,20220218,20220218,133210000,13:32:11,3464,358792,491519,12451368740,29,-7,1004560
bu2206,20220218,20220218,133210500,13:32:14,3464,358797,491515,12451541940,5,-4,173200
bu2206,20220218,20220218,133211000,13:32:14,3464,358799,491514,12451611220,2,-1,69280
bu2206,20220218,20220218,133213000,13:32:15,3462,358824,491511,12452476900,25,-3,865680
bu2206,20220218,20220218,133214000,13:32:15,3464,358828,491510,12452615440,4,-1,138540
bu2206,20220218,20220218,133215000,13:32:16,3464,358832,491506,12452754000,4,-4,138560
bu2206,20220218,20220218,133215500,13:32:16,3464,358832,491506,12452754000,0,0,0
bu2206,20220218,20220218,133216000,13:32:17,3462,358833,491507,12452788620,1,1,34620
bu2206,20220218,20220218,133216500,13:32:17,3462,358835,491509,12452857860,2,2,69240
bu2206,20220218,20220218,133217000,13:32:17,3464,358839,491508,12452996400,4,-1,138540
bu2206,20220218,20220218,133217500,13:32:18,3462,358842,491510,12453100300,3,2,103900
bu2206,20220218,20220218,133218000,13:32:18,3462,358842,491510,12453100300,0,0,0
bu2206,20220218,20220218,133218500,13:32:19,3464,358847,491510,12453273500,5,0,173200
bu2206,20220218,20220218,133219000,13:32:20,3464,358862,491510,12453792920,15,0,519420
bu2206,20220218,20220218,133219500,13:32:20,3464,358864,491511,12453862180,2,1,69260
bu2206,20220218,20220218,133220000,13:32:20,3464,358865,491510,12453896820,1,-1,34640
bu2206,20220218,20220218,133220500,13:32:21,3464,358866,491511,12453931460,1,1,34640
bu2206,20220218,20220218,133221000,13:32:22,3464,358875,491519,12454243220,9,8,311760
bu2206,20220218,20220218,133221500,13:32:22,3462,358876,491520,12454277840,1,1,34620
bu2206,20220218,20220218,133222000,13:32:23,3466,358937,491545,12456390900,61,25,2113060
bu2206,20220218,20220218,133222500,13:32:24,3466,358952,491545,12456910580,15,0,519680
bu2206,20220218,20220218,133223000,13:32:24,3466,358954,491544,12456979900,2,-1,69320
bu2206,20220218,20220218,133223500,13:32:24,3464,358960,491549,12457187740,6,5,207840
bu2206,20220218,20220218,133224000,13:32:24,3464,358960,491549,12457187740,0,0,0
bu2206,20220218,20220218,133224500,13:32:25,3464,358963,491549,12457291700,3,0,103960
bu2206,20220218,20220218,133225000,13:32:25,3464,358966,491551,12457395640,3,2,103940
bu2206,20220218,20220218,133225500,13:32:26,3466,358967,491551,12457430300,1,0,34660
bu2206,20220218,20220218,133226000,13:32:27,3466,358967,491551,12457430300,0,0,0
bu2206,20220218,20220218,133226500,13:32:27,3464,358969,491551,12457499580,2,0,69280
bu2206,20220218,20220218,133227000,13:32:27,3464,358969,491551,12457499580,0,0,0
bu2206,20220218,20220218,133227500,13:32:31,3464,358976,491552,12457742060,7,1,242480
bu2206,20220218,20220218,133228000,13:32:32,3464,358978,491554,12457811340,2,2,69280
bu2206,20220218,20220218,133228500,13:32:32,3464,358979,491554,12457845980,1,0,34640
bu2206,20220218,20220218,133229000,13:32:33,3464,358983,491555,12457984540,4,1,138560
bu2206,20220218,20220218,133232000,13:32:35,3466,359020,491534,12459266600,37,-21,1282060
bu2206,20220218,20220218,133232500,13:32:35,3464,359024,491535,12459405200,4,1,138600
bu2206,20220218,20220218,133234500,13:32:35,3464,359024,491535,12459405200,0,0,0
bu2206,20220218,20220218,133235000,13:32:36,3464,359038,491528,12459890160,14,-7,484960
bu2206,20220218,20220218,133235500,13:32:36,3464,359068,491509,12460929360,30,-19,1039200
bu2206,20220218,20220218,133236000,13:32:37,3464,359086,491504,12461552880,18,-5,623520
bu2206,20220218,20220218,133236500,13:32:37,3464,359089,491503,12461656760,3,-1,103880
bu2206,20220218,20220218,133237000,13:32:37,3464,359089,491503,12461656760,0,0,0
bu2206,20220218,20220218,133237500,13:32:38,3464,359090,491502,12461691400,1,-1,34640
bu2206,20220218,20220218,133238000,13:32:38,3464,359090,491502,12461691400,0,0,0
bu2206,20220218,20220218,133238500,13:32:39,3462,359091,491503,12461726020,1,1,34620
bu2206,20220218,20220218,133239000,13:32:39,3462,359091,491503,12461726020,0,0,0
bu2206,20220218,20220218,133239500,13:32:40,3464,359095,491502,12461864580,4,-1,138560
bu2206,20220218,20220218,133240000,13:32:40,3464,359097,491503,12461933860,2,1,69280
bu2206,20220218,20220218,133240500,13:32:41,3464,359100,491505,12462037740,3,2,103880
bu2206,20220218,20220218,133241000,13:32:41,3464,359100,491505,12462037740,0,0,0
bu2206,20220218,20220218,133241500,13:32:42,3464,359100,491505,12462037740,0,0,0
bu2206,20220218,20220218,133242000,13:32:42,3464,359100,491505,12462037740,0,0,0
bu2206,20220218,20220218,133242500,13:32:42,3464,359102,491506,12462107020,2,1,69280
bu2206,20220218,20220218,133243000,13:32:43,3464,359102,491506,12462107020,0,0,0
bu2206,20220218,20220218,133243500,13:32:44,3464,359103,491506,12462141660,1,0,34640
bu2206,20220218,20220218,133244000,13:32:44,3464,359103,491506,12462141660,0,0,0
bu2206,20220218,20220218,133244500,13:32:45,3464,359104,491507,12462176300,1,1,34640
bu2206,20220218,20220218,133245000,13:32:45,3464,359104,491507,12462176300,0,0,0
bu2206,20220218,20220218,133245500,13:32:45,3462,359105,491507,12462210920,1,0,34620
bu2206,20220218,20220218,133246000,13:32:47,3462,359136,491538,12463284140,31,31,1073220
bu2206,20220218,20220218,133246500,13:32:47,3464,359149,491532,12463734440,13,-6,450300
bu2206,20220218,20220218,133247000,13:32:47,3464,359149,491532,12463734440,0,0,0
bu2206,20220218,20220218,133247500,13:32:48,3462,359154,491531,12463907560,5,-1,173120
bu2206,20220218,20220218,133248000,13:32:49,3462,359156,491531,12463976820,2,0,69260
bu2206,20220218,20220218,133248500,13:32:49,3462,359177,491513,12464704240,21,-18,727420
bu2206,20220218,20220218,133249000,13:32:49,3464,359178,491512,12464738880,1,-1,34640
bu2206,20220218,20220218,133249500,13:32:50,3464,359193,491519,12465258480,15,7,519600
bu2206,20220218,20220218,133250000,13:32:50,3464,359194,491518,12465293120,1,-1,34640
bu2206,20220218,20220218,133250500,13:32:52,3464,359197,491518,12465397040,3,0,103920
bu2206,20220218,20220218,133251000,13:32:52,3462,359198,491518,12465431660,1,0,34620
bu2206,20220218,20220218,133251500,13:32:53,3462,359200,491519,12465500900,2,1,69240
bu2206,20220218,20220218,133252500,13:32:53,3462,359213,491532,12465951180,13,13,450280
bu2206,20220218,20220218,133253000,13:32:53,3462,359215,491533,12466020420,2,1,69240
bu2206,20220218,20220218,133253500,13:32:54,3462,359216,491534,12466055040,1,1,34620
bu2206,20220218,20220218,133254000,13:32:54,3464,359223,491536,12466297500,7,2,242460
bu2206,20220218,20220218,133254500,13:32:55,3462,359224,491537,12466332120,1,1,34620
bu2206,20220218,20220218,133255000,13:32:55,3462,359224,491537,12466332120,0,0,0
bu2206,20220218,20220218,133255500,13:32:55,3464,359229,491538,12466505260,5,1,173140
bu2206,20220218,20220218,133256000,13:32:56,3464,359231,491539,12466574520,2,1,69260
bu2206,20220218,20220218,133256500,13:32:56,3464,359236,491544,12466747720,5,5,173200
bu2206,20220218,20220218,133257000,13:32:59,3462,359251,491551,12467267160,15,7,519440
bu2206,20220218,20220218,133257500,13:33:00,3462,359251,491551,12467267160,0,0,0
bu2206,20220218,20220218,133258000,13:33:00,3462,359252,491552,12467301780,1,1,34620
bu2206,20220218,20220218,133258500,13:33:00,3464,359254,491553,12467371060,2,1,69280
bu2206,20220218,20220218,133259500,13:33:01,3464,359275,491557,12468098120,21,4,727060
bu2206,20220218,20220218,133300000,13:33:01,3462,359277,491558,12468167360,2,1,69240
bu2206,20220218,20220218,133300500,13:33:01,3462,359277,491558,12468167360,0,0,0
bu2206,20220218,20220218,133301000,13:33:02,3462,359279,491559,12468236600,2,1,69240
bu2206,20220218,20220218,133301500,13:33:02,3462,359279,491559,12468236600,0,0,0
bu2206,20220218,20220218,133302000,13:33:03,3462,359279,491559,12468236600,0,0,0
bu2206,20220218,20220218,133302500,13:33:03,3462,359280,491560,12468271220,1,1,34620
bu2206,20220218,20220218,133303000,13:33:04,3464,359341,491559,12470384240,61,-1,2113020
bu2206,20220218,20220218,133303500,13:33:04,3464,359341,491559,12470384240,0,0,0
bu2206,20220218,20220218,133304000,13:33:04,3464,359341,491559,12470384240,0,0,0
bu2206,20220218,20220218,133304500,13:33:05,3464,359341,491559,12470384240,0,0,0
bu2206,20220218,20220218,133305000,13:33:05,3464,359346,491561,12470557420,5,2,173180
bu2206,20220218,20220218,133305500,13:33:06,3464,359346,491561,12470557420,0,0,0
bu2206,20220218,20220218,133306000,13:33:06,3464,359346,491561,12470557420,0,0,0
bu2206,20220218,20220218,133306500,13:33:06,3462,359446,491555,12474019420,100,-6,3462000
bu2206,20220218,20220218,133307000,13:33:07,3462,359448,491555,12474088680,2,0,69260
bu2206,20220218,20220218,133307500,13:33:08,3462,359448,491555,12474088680,0,0,0
bu2206,20220218,20220218,133308000,13:33:08,3462,359448,491555,12474088680,0,0,0
bu2206,20220218,20220218,133308500,13:33:09,3462,359448,491555,12474088680,0,0,0
bu2206,20220218,20220218,133309000,13:33:09,3462,359449,491556,12474123300,1,1,34620
bu2206,20220218,20220218,133309500,13:33:10,3464,359451,491558,12474192580,2,2,69280
bu2206,20220218,20220218,133310000,13:33:11,3462,359454,491561,12474296460,3,3,103880
bu2206,20220218,20220218,133310500,13:33:12,3462,359455,491561,12474331080,1,0,34620
bu2206,20220218,20220218,133311000,13:33:13,3464,359456,491561,12474365720,1,0,34640
bu2206,20220218,20220218,133311500,13:33:14,3462,359459,491564,12474469580,3,3,103860
bu2206,20220218,20220218,133312000,13:33:14,3462,359461,491566,12474538820,2,2,69240
bu2206,20220218,20220218,133313500,13:33:15,3462,359461,491566,12474538820,0,0,0
bu2206,20220218,20220218,133314000,13:33:17,3464,359466,491566,12474711980,5,0,173160
bu2206,20220218,20220218,133314500,13:33:17,3462,359469,491567,12474815880,3,1,103900
bu2206,20220218,20220218,133315000,13:33:18,3462,359470,491568,12474850500,1,1,34620
bu2206,20220218,20220218,133317000,13:33:18,3462,359548,491584,12477551880,78,16,2701380
bu2206,20220218,20220218,133318000,13:33:19,3464,359575,491598,12478487160,27,14,935280
bu2206,20220218,20220218,133318500,13:33:19,3464,359584,491603,12478798900,9,5,311740
bu2206,20220218,20220218,133319000,13:33:20,3464,359585,491603,12478833540,1,0,34640
bu2206,20220218,20220218,133319500,13:33:20,3464,359586,491604,12478868180,1,1,34640
bu2206,20220218,20220218,133320000,13:33:21,3464,359668,491656,12481708660,82,52,2840480
bu2206,20220218,20220218,133320500,13:33:21,3464,359668,491656,12481708660,0,0,0
bu2206,20220218,20220218,133321000,13:33:22,3464,359668,491656,12481708660,0,0,0
bu2206,20220218,20220218,133321500,13:33:22,3466,359670,491655,12481777960,2,-1,69300
bu2206,20220218,20220218,133322000,13:33:22,3464,359672,491655,12481847240,2,0,69280
bu2206,20220218,20220218,133322500,13:33:22,3464,359675,491658,12481951160,3,3,103920
bu2206,20220218,20220218,133323000,13:33:23,3466,359678,491655,12482055140,3,-3,103980
bu2206,20220218,20220218,133323500,13:33:24,3464,359687,491651,12482367000,9,-4,311860
bu2206,20220218,20220218,133324000,13:33:24,3464,359693,491656,12482574840,6,5,207840
bu2206,20220218,20220218,133324500,13:33:25,3464,359755,491664,12484722520,62,8,2147680
bu2206,20220218,20220218,133325000,13:33:26,3464,359761,491665,12484930280,6,1,207760
bu2206,20220218,20220218,133325500,13:33:27,3464,359761,491665,12484930280,0,0,0
bu2206,20220218,20220218,133326000,13:33:28,3464,359800,491664,12486281240,39,-1,1350960
bu2206,20220218,20220218,133326500,13:33:29,3462,359813,491675,12486731540,13,11,450300
bu2206,20220218,20220218,133327000,13:33:29,3464,359817,491677,12486870080,4,2,138540
bu2206,20220218,20220218,133328500,13:33:30,3464,359817,491677,12486870080,0,0,0
bu2206,20220218,20220218,133329000,13:33:30,3464,359839,491692,12487632120,22,15,762040
bu2206,20220218,20220218,133329500,13:33:30,3464,359858,491702,12488290260,19,10,658140
bu2206,20220218,20220218,133330000,13:33:30,3464,359859,491703,12488324900,1,1,34640
bu2206,20220218,20220218,133330500,13:33:31,3464,359861,491702,12488394180,2,-1,69280
bu2206,20220218,20220218,133331000,13:33:32,3464,359871,491703,12488740580,10,1,346400
bu2206,20220218,20220218,133331500,13:33:32,3464,359874,491704,12488844500,3,1,103920
bu2206,20220218,20220218,133332000,13:33:32,3464,359877,491707,12488948420,3,3,103920
bu2206,20220218,20220218,133332500,13:33:33,3464,359877,491707,12488948420,0,0,0
bu2206,20220218,20220218,133333000,13:33:33,3462,359878,491707,12488983040,1,0,34620
bu2206,20220218,20220218,133333500,13:33:33,3464,359879,491708,12489017680,1,1,34640
bu2206,20220218,20220218,133334000,13:33:34,3464,359890,491718,12489398700,11,10,381020
bu2206,20220218,20220218,133334500,13:33:34,3464,359895,491722,12489571900,5,4,173200
bu2206,20220218,20220218,133335000,13:33:35,3464,359897,491723,12489641180,2,1,69280
bu2206,20220218,20220218,133335500,13:33:35,3464,359900,491724,12489745100,3,1,103920
bu2206,20220218,20220218,133336000,13:33:36,3464,359911,491734,12490126120,11,10,381020
bu2206,20220218,20220218,133336500,13:33:36,3464,359911,491734,12490126120,0,0,0
bu2206,20220218,20220218,133337000,13:33:37,3464,359990,491812,12492862680,79,78,2736560
bu2206,20220218,20220218,133337500,13:33:37,3464,359991,491813,12492897320,1,1,34640
bu2206,20220218,20220218,133338000,13:33:38,3464,359991,491813,12492897320,0,0,0
bu2206,20220218,20220218,133338500,13:33:39,3462,360012,491828,12493624740,21,15,727420
bu2206,20220218,20220218,133339000,13:33:39,3464,360015,491826,12493728660,3,-2,103920
bu2206,20220218,20220218,133339500,13:33:40,3464,360019,491827,12493867220,4,1,138560
bu2206,20220218,20220218,133340000,13:33:40,3464,360158,491954,12498682160,139,127,4814940
bu2206,20220218,20220218,133340500,13:33:41,3464,360158,491954,12498682160,0,0,0
bu2206,20220218,20220218,133341000,13:33:41,3464,360158,491954,12498682160,0,0,0
bu2206,20220218,20220218,133341500,13:33:42,3464,360160,491955,12498751440,2,1,69280
bu2206,20220218,20220218,133342000,13:33:42,3464,360170,491965,12499097840,10,10,346400
bu2206,20220218,20220218,133342500,13:33:42,3464,360171,491964,12499132480,1,-1,34640
bu2206,20220218,20220218,133343000,13:33:43,3466,360172,491964,12499167140,1,0,34660
bu2206,20220218,20220218,133343500,13:33:44,3466,360177,491962,12499340440,5,-2,173300
bu2206,20220218,20220218,133344000,13:33:45,3464,360181,491964,12499479000,4,2,138560
bu2206,20220218,20220218,133344500,13:33:45,3466,360201,491959,12500172200,20,-5,693200
bu2206,20220218,20220218,133345000,13:33:45,3464,360204,491962,12500276120,3,3,103920
bu2206,20220218,20220218,133345500,13:33:47,3466,360215,491973,12500657380,11,11,381260
bu2206,20220218,20220218,133346000,13:33:47,3464,360222,491975,12500899860,7,2,242480
bu2206,20220218,20220218,133346500,13:33:48,3466,360224,491975,12500969160,2,0,69300
bu2206,20220218,20220218,133347000,13:33:48,3466,360226,491976,12501038480,2,1,69320
bu2206,20220218,20220218,133347500,13:33:49,3464,360234,491976,12501315620,8,0,277140
bu2206,20220218,20220218,133348000,13:33:49,3464,360234,491976,12501315620,0,0,0
bu2206,20220218,20220218,133348500,13:33:50,3464,360234,491976,12501315620,0,0,0
bu2206,20220218,20220218,133349000,13:33:50,3464,360237,491975,12501419560,3,-1,103940
bu2206,20220218,20220218,133349500,13:33:50,3466,360238,491976,12501454220,1,1,34660
bu2206,20220218,20220218,133350000,13:33:50,3464,360240,491976,12501523520,2,0,69300
bu2206,20220218,20220218,133350500,13:33:50,3464,360240,491976,12501523520,0,0,0
bu2206,20220218,20220218,133351000,13:33:51,3464,360241,491975,12501558160,1,-1,34640
bu2206,20220218,20220218,133351500,13:33:52,3466,360242,491974,12501592820,1,-1,34660
bu2206,20220218,20220218,133352000,13:33:52,3464,360246,491974,12501731420,4,0,138600
bu2206,20220218,20220218,133352500,13:33:52,3464,360247,491974,12501766060,1,0,34640
bu2206,20220218,20220218,133353000,13:33:53,3464,360247,491974,12501766060,0,0,0
bu2206,20220218,20220218,133353500,13:33:53,3466,360248,491974,12501800720,1,0,34660
bu2206,20220218,20220218,133354000,13:33:54,3466,360248,491974,12501800720,0,0,0
bu2206,20220218,20220218,133354500,13:33:55,3466,360248,491974,12501800720,0,0,0
bu2206,20220218,20220218,133355000,13:33:56,3466,360249,491973,12501835380,1,-1,34660
bu2206,20220218,20220218,133355500,13:33:56,3466,360249,491973,12501835380,0,0,0
bu2206,20220218,20220218,133356000,13:33:57,3466,360262,491974,12502285780,13,1,450400
bu2206,20220218,20220218,133356500,13:33:57,3464,360268,491974,12502493720,6,0,207940
bu2206,20220218,20220218,133357000,13:33:57,3466,360269,491973,12502528380,1,-1,34660
bu2206,20220218,20220218,133357500,13:33:58,3466,360275,491967,12502736340,6,-6,207960
bu2206,20220218,20220218,133358000,13:33:58,3464,360277,491968,12502805620,2,1,69280
bu2206,20220218,20220218,133358500,13:33:59,3464,360277,491968,12502805620,0,0,0
bu2206,20220218,20220218,133359000,13:33:59,3466,360301,491960,12503637420,24,-8,831800
bu2206,20220218,20220218,133359500,13:34:00,3466,360303,491962,12503706720,2,2,69300
bu2206,20220218,20220218,133400000,13:34:00,3464,360304,491963,12503741360,1,1,34640
bu2206,20220218,20220218,133400500,13:34:01,3464,360304,491963,12503741360,0,0,0
bu2206,20220218,20220218,133401000,13:34:02,3464,360304,491963,12503741360,0,0,0
bu2206,20220218,20220218,133401500,13:34:02,3464,360304,491963,12503741360,0,0,0
bu2206,20220218,20220218,133402000,13:34:10,3466,360305,491963,12503776020,1,0,34660
bu2206,20220218,20220218,133402500,13:34:10,3464,360349,491971,12505300180,44,8,1524160
bu2206,20220218,20220218,133403000,13:34:10,3466,360352,491970,12505404160,3,-1,103980
bu2206,20220218,20220218,133410000,13:34:12,3464,360637,491775,12515276240,285,-195,9872080
bu2206,20220218,20220218,133410500,13:34:12,3464,360637,491775,12515276240,0,0,0
bu2206,20220218,20220218,133411500,13:34:12,3464,360648,491766,12515657320,11,-9,381080
bu2206,20220218,20220218,133412000,13:34:12,3466,360649,491765,12515691980,1,-1,34660
bu2206,20220218,20220218,133412500,13:34:13,3464,360650,491764,12515726620,1,-1,34640
bu2206,20220218,20220218,133413000,13:34:13,3464,360652,491764,12515795900,2,0,69280
bu2206,20220218,20220218,133413500,13:34:14,3464,360656,491764,12515934460,4,0,138560
bu2206,20220218,20220218,133414000,13:34:14,3464,360660,491764,12516073020,4,0,138560
bu2206,20220218,20220218,133414500,13:34:15,3464,360661,491764,12516107660,1,0,34640
bu2206,20220218,20220218,133415000,13:34:15,3464,360662,491764,12516142300,1,0,34640
bu2206,20220218,20220218,133415500,13:34:16,3464,360665,491764,12516246220,3,0,103920
bu2206,20220218,20220218,133416000,13:34:16,3466,360667,491764,12516315540,2,0,69320
bu2206,20220218,20220218,133416500,13:34:17,3464,360679,491753,12516731260,12,-11,415720
bu2206,20220218,20220218,133417500,13:34:17,3466,360680,491753,12516765920,1,0,34660
bu2206,20220218,20220218,133418000,13:34:18,3464,360689,491752,12517077700,9,-1,311780
bu2206,20220218,20220218,133418500,13:34:19,3464,360698,491743,12517389460,9,-9,311760
bu2206,20220218,20220218,133419000,13:34:19,3464,360699,491743,12517424100,1,0,34640
bu2206,20220218,20220218,133419500,13:34:20,3464,360700,491743,12517458740,1,0,34640
bu2206,20220218,20220218,133420000,13:34:20,3464,360705,491739,12517631940,5,-4,173200
bu2206,20220218,20220218,133420500,13:34:23,3464,360705,491739,12517631940,0,0,0
bu2206,20220218,20220218,133421000,13:34:23,3466,360707,491739,12517701260,2,0,69320
bu2206,20220218,20220218,133421500,13:34:23,3466,360708,491738,12517735920,1,-1,34660
bu2206,20220218,20220218,133423000,13:34:24,3464,360712,491735,12517874540,4,-3,138620
bu2206,20220218,20220218,133423500,13:34:24,3464,360713,491735,12517909180,1,0,34640
bu2206,20220218,20220218,133424000,13:34:24,3464,360713,491735,12517909180,0,0,0
bu2206,20220218,20220218,133424500,13:34:24,3464,360715,491734,12517978460,2,-1,69280
bu2206,20220218,20220218,133425000,13:34:25,3464,360726,491724,12518359500,11,-10,381040
bu2206,20220218,20220218,133425500,13:34:25,3466,360728,491724,12518428820,2,0,69320
bu2206,20220218,20220218,133426000,13:34:26,3464,360729,491724,12518463460,1,0,34640
bu2206,20220218,20220218,133426500,13:34:26,3464,360729,491724,12518463460,0,0,0
bu2206,20220218,20220218,133427000,13:34:27,3466,360749,491724,12519156660,20,0,693200
bu2206,20220218,20220218,133427500,13:34:28,3466,360749,491724,12519156660,0,0,0
bu2206,20220218,20220218,133428000,13:34:28,3464,360753,491721,12519295220,4,-3,138560
bu2206,20220218,20220218,133428500,13:34:29,3466,360754,491720,12519329880,1,-1,34660
bu2206,20220218,20220218,133429000,13:34:29,3466,360756,491720,12519399200,2,0,69320
bu2206,20220218,20220218,133429500,13:34:29,3464,360757,491720,12519433840,1,0,34640
bu2206,20220218,20220218,133430000,13:34:30,3464,360758,491719,12519468480,1,-1,34640
bu2206,20220218,20220218,133430500,13:34:30,3466,360760,491719,12519537780,2,0,69300
bu2206,20220218,20220218,133431000,13:34:31,3466,360761,491718,12519572440,1,-1,34660
bu2206,20220218,20220218,133431500,13:34:31,3464,360763,491717,12519641740,2,-1,69300
bu2206,20220218,20220218,133432000,13:34:32,3464,360763,491717,12519641740,0,0,0
bu2206,20220218,20220218,133432500,13:34:32,3464,360763,491717,12519641740,0,0,0
bu2206,20220218,20220218,133433000,13:34:34,3464,360763,491717,12519641740,0,0,0
bu2206,20220218,20220218,133433500,13:34:34,3464,360763,491717,12519641740,0,0,0
bu2206,20220218,20220218,133434000,13:34:34,3464,360763,491717,12519641740,0,0,0
bu2206,20220218,20220218,133434500,13:34:35,3464,360766,491717,12519745680,3,0,103940
bu2206,20220218,20220218,133435000,13:34:35,3464,360796,491717,12520784880,30,0,1039200
bu2206,20220218,20220218,133435500,13:34:36,3464,360796,491717,12520784880,0,0,0
bu2206,20220218,20220218,133436000,13:34:36,3464,360796,491717,12520784880,0,0,0
bu2206,20220218,20220218,133436500,13:34:36,3464,360796,491717,12520784880,0,0,0
bu2206,20220218,20220218,133437000,13:34:37,3464,360796,491717,12520784880,0,0,0
bu2206,20220218,20220218,133437500,13:34:38,3466,360802,491711,12520992840,6,-6,207960
bu2206,20220218,20220218,133438000,13:34:38,3466,360804,491709,12521062160,2,-2,69320
bu2206,20220218,20220218,133438500,13:34:39,3464,360805,491709,12521096800,1,0,34640
bu2206,20220218,20220218,133439000,13:34:39,3466,360835,491681,12522136600,30,-28,1039800
bu2206,20220218,20220218,133439500,13:34:39,3466,360859,491681,12522968440,24,0,831840
bu2206,20220218,20220218,133440000,13:34:40,3466,360859,491681,12522968440,0,0,0
bu2206,20220218,20220218,133440500,13:34:41,3466,360860,491680,12523003100,1,-1,34660
bu2206,20220218,20220218,133441000,13:34:41,3466,360860,491680,12523003100,0,0,0
bu2206,20220218,20220218,133441500,13:34:43,3466,360861,491680,12523037760,1,0,34660
bu2206,20220218,20220218,133442000,13:34:44,3466,360864,491679,12523141700,3,-1,103940
bu2206,20220218,20220218,133442500,13:34:44,3466,360864,491679,12523141700,0,0,0
bu2206,20220218,20220218,133443500,13:34:45,3466,360864,491679,12523141700,0,0,0
bu2206,20220218,20220218,133444000,13:34:45,3464,360876,491678,12523557400,12,-1,415700
bu2206,20220218,20220218,133444500,13:34:46,3464,360877,491677,12523592040,1,-1,34640
bu2206,20220218,20220218,133445000,13:34:46,3464,360878,491677,12523626680,1,0,34640
bu2206,20220218,20220218,133445500,13:34:46,3466,360879,491676,12523661340,1,-1,34660
bu2206,20220218,20220218,133446000,13:34:46,3464,360881,491676,12523730620,2,0,69280
bu2206,20220218,20220218,133446500,13:34:47,3466,360885,491674,12523869260,4,-2,138640
bu2206,20220218,20220218,133447000,13:34:47,3464,360887,491673,12523938560,2,-1,69300
bu2206,20220218,20220218,133447500,13:34:48,3464,360887,491673,12523938560,0,0,0
bu2206,20220218,20220218,133448000,13:34:48,3466,360895,491667,12524215840,8,-6,277280
bu2206,20220218,20220218,133448500,13:34:49,3464,360896,491666,12524250480,1,-1,34640
bu2206,20220218,20220218,133449000,13:34:49,3464,360897,491665,12524285120,1,-1,34640
bu2206,20220218,20220218,133449500,13:34:49,3464,360897,491665,12524285120,0,0,0
bu2206,20220218,20220218,133450000,13:34:51,3464,360897,491665,12524285120,0,0,0
bu2206,20220218,20220218,133450500,13:34:51,3466,360898,491664,12524319780,1,-1,34660
bu2206,20220218,20220218,133451000,13:34:51,3464,360909,491664,12524700820,11,0,381040
bu2206,20220218,20220218,133451500,13:34:52,3466,360919,491664,12525047420,10,0,346600
bu2206,20220218,20220218,133452000,13:34:52,3466,360919,491664,12525047420,0,0,0
bu2206,20220218,20220218,133452500,13:34:53,3466,360919,491664,12525047420,0,0,0
bu2206,20220218,20220218,133453000,13:34:53,3466,360919,491664,12525047420,0,0,0
bu2206,20220218,20220218,133453500,13:34:55,3466,360919,491664,12525047420,0,0,0
bu2206,20220218,20220218,133454000,13:34:56,3464,360920,491663,12525082060,1,-1,34640
bu2206,20220218,20220218,133454500,13:34:56,3464,360920,491663,12525082060,0,0,0
bu2206,20220218,20220218,133455500,13:34:56,3464,360924,491663,12525220620,4,0,138560
bu2206,20220218,20220218,133456000,13:34:57,3466,360925,491663,12525255280,1,0,34660
bu2206,20220218,20220218,133456500,13:34:57,3466,360985,491644,12527333780,60,-19,2078500
bu2206,20220218,20220218,133457000,13:34:57,3464,360987,491645,12527403080,2,1,69300
bu2206,20220218,20220218,133457500,13:34:58,3464,360987,491645,12527403080,0,0,0
bu2206,20220218,20220218,133458000,13:34:58,3464,360990,491646,12527507000,3,1,103920
bu2206,20220218,20220218,133458500,13:34:59,3464,360990,491646,12527507000,0,0,0
bu2206,20220218,20220218,133459000,13:34:59,3464,360991,491647,12527541640,1,1,34640
bu2206,20220218,20220218,133459500,13:35:00,3464,360998,491648,12527784200,7,1,242560
bu2206,20220218,20220218,133500000,13:35:00,3466,361000,491649,12527853520,2,1,69320
bu2206,20220218,20220218,133500500,13:35:00,3464,361005,491648,12528026720,5,-1,173200
bu2206,20220218,20220218,133501000,13:35:04,3464,361005,491648,12528026720,0,0,0
bu2206,20220218,20220218,133501500,13:35:05,3464,361006,491647,12528061360,1,-1,34640
bu2206,20220218,20220218,133502000,13:35:10,3466,361013,491643,12528303940,7,-4,242580
