bu2212,20220218,20220218,112001500,11:20:04,3452,1144,30280,39670480,1144,-19,39670480
bu2212,20220218,20220218,112004500,11:20:09,3452,1144,30280,39670480,0,0,0
bu2212,20220218,20220218,112013000,11:20:13,3450,1148,30284,39808480,4,4,138000
bu2212,20220218,20220218,112013500,11:20:13,3450,1148,30284,39808480,0,0,0
bu2212,20220218,20220218,112014000,11:20:14,3450,1148,30284,39808480,0,0,0
bu2212,20220218,20220218,112015500,11:20:16,3450,1148,30284,39808480,0,0,0
bu2212,20220218,20220218,112017500,11:20:17,3450,1148,30284,39808480,0,0,0
bu2212,20220218,20220218,112043000,11:20:43,3450,1148,30284,39808480,0,0,0
bu2212,20220218,20220218,112043500,11:20:44,3450,1148,30284,39808480,0,0,0
bu2212,20220218,20220218,112047000,11:20:48,3450,1148,30284,39808480,0,0,0
bu2212,20220218,20220218,112053000,11:20:53,3450,1148,30284,39808480,0,0,0
bu2212,20220218,20220218,112053500,11:20:53,3450,1148,30284,39808480,0,0,0
bu2212,20220218,20220218,112056500,11:20:56,3450,1148,30284,39808480,0,0,0
bu2212,20220218,20220218,112059000,11:21:00,3450,1148,30284,39808480,0,0,0
bu2212,20220218,20220218,112101000,11:21:01,3450,1148,30284,39808480,0,0,0
bu2212,20220218,20220218,112101500,11:21:02,3450,1148,30284,39808480,0,0,0
bu2212,20220218,20220218,112102000,11:21:03,3450,1148,30284,39808480,0,0,0
bu2212,20220218,20220218,112102500,11:21:03,3450,1148,30284,39808480,0,0,0
bu2212,20220218,20220218,112105000,11:21:06,3450,1148,30284,39808480,0,0,0
bu2212,20220218,20220218,112105500,11:21:07,3450,1148,30284,39808480,0,0,0
bu2212,20220218,20220218,112107500,11:21:10,3450,1148,30284,39808480,0,0,0
bu2212,20220218,20220218,112108000,11:21:10,3450,1148,30284,39808480,0,0,0
bu2212,20220218,20220218,112110000,11:21:10,3450,1148,30284,39808480,0,0,0
bu2212,20220218,20220218,112113500,11:21:13,3450,1148,30284,39808480,0,0,0
bu2212,20220218,20220218,112114000,11:21:14,3450,1148,30284,39808480,0,0,0
bu2212,20220218,20220218,112114500,11:21:14,3450,1148,30284,39808480,0,0,0
bu2212,20220218,20220218,112115000,11:21:15,3450,1148,30284,39808480,0,0,0
bu2212,20220218,20220218,112118000,11:21:18,3450,1148,30284,39808480,0,0,0
bu2212,20220218,20220218,112120500,11:21:22,3450,1148,30284,39808480,0,0,0
bu2212,20220218,20220218,112121000,11:21:22,3450,1148,30284,39808480,0,0,0
bu2212,20220218,20220218,112327500,11:23:33,3450,1148,30284,39808480,0,0,0
bu2212,20220218,20220218,112356000,11:23:56,3450,1148,30284,39808480,0,0,0
bu2212,20220218,20220218,112413500,11:24:14,3456,1162,30272,40292200,14,-12,483720
bu2212,20220218,20220218,112414000,11:24:14,3456,1163,30271,40326760,1,-1,34560
bu2212,20220218,20220218,112414500,11:24:15,3456,1163,30271,40326760,0,0,0
bu2212,20220218,20220218,112415000,11:24:15,3456,1163,30271,40326760,0,0,0
bu2212,20220218,20220218,112417500,11:24:18,3456,1163,30271,40326760,0,0,0
bu2212,20220218,20220218,112419500,11:24:20,3456,1163,30271,40326760,0,0,0
bu2212,20220218,20220218,112420500,11:24:21,3456,1163,30271,40326760,0,0,0
bu2212,20220218,20220218,112421500,11:24:22,3456,1163,30271,40326760,0,0,0
bu2212,20220218,20220218,112426000,11:24:26,3456,1163,30271,40326760,0,0,0
bu2212,20220218,20220218,112426500,11:24:26,3456,1163,30271,40326760,0,0,0
bu2212,20220218,20220218,112430500,11:24:30,3456,1163,30271,40326760,0,0,0
bu2212,20220218,20220218,112433500,11:24:33,3456,1163,30271,40326760,0,0,0
bu2212,20220218,20220218,112434000,11:24:34,3456,1163,30271,40326760,0,0,0
bu2212,20220218,20220218,112438000,11:24:39,3456,1163,30271,40326760,0,0,0
bu2212,20220218,20220218,112439000,11:24:40,3456,1163,30271,40326760,0,0,0
bu2212,20220218,20220218,112440000,11:24:40,3456,1163,30271,40326760,0,0,0
bu2212,20220218,20220218,112440500,11:24:40,3456,1163,30271,40326760,0,0,0
bu2212,20220218,20220218,112444000,11:24:44,3456,1163,30271,40326760,0,0,0
bu2212,20220218,20220218,112500000,11:25:00,3456,1163,30271,40326760,0,0,0
bu2212,20220218,20220218,112505500,11:25:06,3456,1163,30271,40326760,0,0,0
bu2212,20220218,20220218,112506000,11:25:07,3456,1163,30271,40326760,0,0,0
bu2212,20220218,20220218,112506500,11:25:07,3456,1163,30271,40326760,0,0,0
bu2212,20220218,20220218,112507000,11:25:07,3456,1163,30271,40326760,0,0,0
bu2212,20220218,20220218,112517000,11:25:18,3456,1163,30271,40326760,0,0,0
bu2212,20220218,20220218,112518500,11:25:19,3456,1163,30271,40326760,0,0,0
bu2212,20220218,20220218,112519500,11:25:19,3456,1163,30271,40326760,0,0,0
bu2212,20220218,20220218,112522000,11:25:22,3456,1163,30271,40326760,0,0,0
bu2212,20220218,20220218,112523000,11:25:23,3456,1163,30271,40326760,0,0,0
bu2212,20220218,20220218,112525000,11:25:25,3456,1163,30271,40326760,0,0,0
bu2212,20220218,20220218,112526000,11:25:26,3456,1163,30271,40326760,0,0,0
bu2212,20220218,20220218,112529500,11:25:30,3456,1163,30271,40326760,0,0,0
bu2212,20220218,20220218,112530000,11:25:31,3456,1163,30271,40326760,0,0,0
bu2212,20220218,20220218,112531500,11:25:32,3456,1163,30271,40326760,0,0,0
bu2212,20220218,20220218,112533000,11:25:33,3456,1163,30271,40326760,0,0,0
bu2212,20220218,20220218,112542500,11:25:43,3456,1163,30271,40326760,0,0,0
bu2212,20220218,20220218,112548000,11:25:48,3456,1163,30271,40326760,0,0,0
bu2212,20220218,20220218,112551000,11:25:51,3456,1163,30271,40326760,0,0,0
bu2212,20220218,20220218,112551500,11:25:51,3456,1163,30271,40326760,0,0,0
bu2212,20220218,20220218,112552500,11:25:52,3456,1163,30271,40326760,0,0,0
bu2212,20220218,20220218,112553000,11:25:53,3456,1163,30271,40326760,0,0,0
bu2212,20220218,20220218,112554500,11:25:55,3456,1163,30271,40326760,0,0,0
bu2212,20220218,20220218,112556500,11:25:57,3456,1163,30271,40326760,0,0,0
bu2212,20220218,20220218,112557000,11:25:57,3456,1163,30271,40326760,0,0,0
bu2212,20220218,20220218,112558000,11:25:59,3456,1163,30271,40326760,0,0,0
bu2212,20220218,20220218,112601500,11:26:03,3456,1163,30271,40326760,0,0,0
bu2212,20220218,20220218,112603000,11:26:03,3456,1163,30271,40326760,0,0,0
bu2212,20220218,20220218,112603500,11:26:04,3456,1163,30271,40326760,0,0,0
bu2212,20220218,20220218,112609500,11:26:10,3456,1163,30271,40326760,0,0,0
bu2212,20220218,20220218,112610000,11:26:10,3456,1163,30271,40326760,0,0,0
bu2212,20220218,20220218,112611000,11:26:11,3456,1163,30271,40326760,0,0,0
bu2212,20220218,20220218,112614000,11:26:15,3456,1163,30271,40326760,0,0,0
bu2212,20220218,20220218,112618500,11:26:19,3456,1163,30271,40326760,0,0,0
bu2212,20220218,20220218,112619500,11:26:20,3456,1163,30271,40326760,0,0,0
bu2212,20220218,20220218,112620000,11:26:20,3456,1163,30271,40326760,0,0,0
bu2212,20220218,20220218,112620500,11:26:20,3456,1163,30271,40326760,0,0,0
bu2212,20220218,20220218,112621000,11:26:21,3456,1163,30271,40326760,0,0,0
bu2212,20220218,20220218,112621500,11:26:21,3456,1163,30271,40326760,0,0,0
bu2212,20220218,20220218,112622000,11:26:22,3456,1163,30271,40326760,0,0,0
bu2212,20220218,20220218,112623500,11:26:23,3456,1163,30271,40326760,0,0,0
bu2212,20220218,20220218,112624000,11:26:24,3456,1163,30271,40326760,0,0,0
bu2212,20220218,20220218,112624500,11:26:24,3456,1163,30271,40326760,0,0,0
bu2212,20220218,20220218,112625000,11:26:25,3456,1163,30271,40326760,0,0,0
bu2212,20220218,20220218,112626000,11:26:26,3456,1163,30271,40326760,0,0,0
bu2212,20220218,20220218,112626500,11:26:26,3456,1163,30271,40326760,0,0,0
bu2212,20220218,20220218,112628500,11:26:28,3456,1163,30271,40326760,0,0,0
bu2212,20220218,20220218,112629000,11:26:29,3456,1163,30271,40326760,0,0,0
bu2212,20220218,20220218,112630000,11:26:31,3456,1163,30271,40326760,0,0,0
bu2212,20220218,20220218,112630500,11:26:31,3456,1163,30271,40326760,0,0,0
bu2212,20220218,20220218,112636500,11:26:39,3456,1163,30271,40326760,0,0,0
bu2212,20220218,20220218,112652000,11:27:10,3456,1163,30271,40326760,0,0,0
bu2212,20220218,20220218,112702500,11:27:12,3456,1163,30271,40326760,0,0,0
bu2212,20220218,20220218,112722000,11:27:22,3456,1163,30271,40326760,0,0,0
bu2212,20220218,20220218,112745000,11:27:45,3456,1163,30271,40326760,0,0,0
bu2212,20220218,20220218,112746000,11:27:46,3456,1163,30271,40326760,0,0,0
bu2212,20220218,20220218,112746500,11:27:47,3456,1179,30257,40879700,16,-14,552940
bu2212,20220218,20220218,112800500,11:28:01,3456,1179,30257,40879700,0,0,0
bu2212,20220218,20220218,112801000,11:28:01,3456,1179,30257,40879700,0,0,0
bu2212,20220218,20220218,112801500,11:28:02,3456,1179,30257,40879700,0,0,0
bu2212,20220218,20220218,112802500,11:28:03,3456,1179,30257,40879700,0,0,0
bu2212,20220218,20220218,112803000,11:28:04,3456,1179,30257,40879700,0,0,0
bu2212,20220218,20220218,112803500,11:28:04,3456,1180,30256,40914260,1,-1,34560
bu2212,20220218,20220218,112804000,11:28:05,3456,1180,30256,40914260,0,0,0
bu2212,20220218,20220218,112806500,11:28:10,3456,1180,30256,40914260,0,0,0
bu2212,20220218,20220218,112808500,11:28:11,3456,1180,30256,40914260,0,0,0
bu2212,20220218,20220218,112813500,11:28:14,3456,1180,30256,40914260,0,0,0
bu2212,20220218,20220218,112814000,11:28:14,3456,1180,30256,40914260,0,0,0
bu2212,20220218,20220218,112825000,11:28:25,3456,1180,30256,40914260,0,0,0
bu2212,20220218,20220218,112830000,11:28:30,3456,1180,30256,40914260,0,0,0
bu2212,20220218,20220218,112834000,11:28:34,3456,1180,30256,40914260,0,0,0
bu2212,20220218,20220218,112834500,11:28:34,3456,1180,30256,40914260,0,0,0
bu2212,20220218,20220218,112835500,11:28:37,3456,1180,30256,40914260,0,0,0
bu2212,20220218,20220218,112846000,11:28:46,3456,1180,30256,40914260,0,0,0
bu2212,20220218,20220218,112852000,11:28:53,3456,1180,30256,40914260,0,0,0
bu2212,20220218,20220218,112852500,11:28:53,3456,1180,30256,40914260,0,0,0
bu2212,20220218,20220218,112853000,11:28:54,3456,1180,30256,40914260,0,0,0
bu2212,20220218,20220218,112856500,11:28:56,3456,1180,30256,40914260,0,0,0
bu2212,20220218,20220218,112901000,11:29:01,3456,1180,30256,40914260,0,0,0
bu2212,20220218,20220218,112902000,11:29:03,3456,1180,30256,40914260,0,0,0
bu2212,20220218,20220218,112906000,11:29:06,3456,1180,30256,40914260,0,0,0
bu2212,20220218,20220218,112912000,11:29:12,3456,1180,30256,40914260,0,0,0
bu2212,20220218,20220218,112914000,11:29:14,3458,1181,30256,40948840,1,0,34580
bu2212,20220218,20220218,112914500,11:29:15,3458,1181,30256,40948840,0,0,0
bu2212,20220218,20220218,112923000,11:29:24,3458,1181,30256,40948840,0,0,0
bu2212,20220218,20220218,112924000,11:29:24,3458,1181,30256,40948840,0,0,0
bu2212,20220218,20220218,112928000,11:29:28,3458,1185,30253,41087160,4,-3,138320
bu2212,20220218,20220218,112928500,11:29:29,3458,1185,30253,41087160,0,0,0
bu2212,20220218,20220218,112929000,11:29:29,3458,1185,30253,41087160,0,0,0
bu2212,20220218,20220218,112930500,11:29:31,3458,1185,30253,41087160,0,0,0
bu2212,20220218,20220218,112931000,11:29:32,3458,1185,30253,41087160,0,0,0
bu2212,20220218,20220218,112932000,11:29:36,3458,1185,30253,41087160,0,0,0
bu2212,20220218,20220218,112935500,11:29:38,3458,1185,30253,41087160,0,0,0
bu2212,20220218,20220218,112938500,11:29:39,3458,1185,30253,41087160,0,0,0
bu2212,20220218,20220218,112940500,11:29:40,3458,1185,30253,41087160,0,0,0
bu2212,20220218,20220218,112946000,11:29:47,3458,1187,30251,41156320,2,-2,69160
bu2212,20220218,20220218,112946500,11:29:47,3458,1188,30251,41190900,1,0,34580
bu2212,20220218,20220218,112947000,11:29:47,3458,1188,30251,41190900,0,0,0
bu2212,20220218,20220218,112950500,11:29:51,3458,1188,30251,41190900,0,0,0
bu2212,20220218,20220218,112952500,11:29:53,3458,1188,30251,41190900,0,0,0
bu2212,20220218,20220218,112953000,11:29:54,3458,1188,30251,41190900,0,0,0
bu2212,20220218,20220218,112954500,11:29:54,3458,1188,30251,41190900,0,0,0
bu2212,20220218,20220218,112955500,11:29:56,3458,1188,30251,41190900,0,0,0
bu2212,20220218,20220218,112956500,11:30:00,3458,1188,30251,41190900,0,0,0
bu2212,20220218,20220218,112957500,11:30:02,3458,1188,30251,41190900,0,0,0
bu2212,20220218,20220218,112959000,11:30:02,3458,1188,30251,41190900,0,0,0
bu2212,20220218,20220218,113001500,11:30:03,3458,1188,30251,41190900,0,0,0
bu2212,20220218,20220218,133002000,13:30:08,3458,1188,30251,41190900,0,0,0
bu2212,20220218,20220218,133002500,13:30:10,3458,1188,30251,41190900,0,0,0
bu2212,20220218,20220218,133005000,13:30:10,3458,1188,30251,41190900,0,0,0
bu2212,20220218,20220218,133008500,13:30:10,3458,1188,30251,41190900,0,0,0
bu2212,20220218,20220218,133010500,13:30:12,3458,1188,30251,41190900,0,0,0
bu2212,20220218,20220218,133011000,13:30:13,3458,1188,30251,41190900,0,0,0
bu2212,20220218,20220218,133011500,13:30:13,3458,1188,30251,41190900,0,0,0
bu2212,20220218,20220218,133012000,13:30:13,3458,1188,30251,41190900,0,0,0
bu2212,20220218,20220218,133015000,13:30:18,3458,1188,30251,41190900,0,0,0
bu2212,20220218,20220218,133016500,13:30:18,3458,1188,30251,41190900,0,0,0
bu2212,20220218,20220218,133017500,13:30:18,3458,1188,30251,41190900,0,0,0
bu2212,20220218,20220218,133018000,13:30:19,3458,1188,30251,41190900,0,0,0
bu2212,20220218,20220218,133018500,13:30:20,3458,1188,30251,41190900,0,0,0
bu2212,20220218,20220218,133021500,13:30:22,3458,1188,30251,41190900,0,0,0
bu2212,20220218,20220218,133037500,13:30:40,3458,1188,30251,41190900,0,0,0
bu2212,20220218,20220218,133040500,13:30:42,3458,1188,30251,41190900,0,0,0
bu2212,20220218,20220218,133041000,13:30:43,3458,1188,30251,41190900,0,0,0
bu2212,20220218,20220218,133042500,13:30:44,3458,1188,30251,41190900,0,0,0
bu2212,20220218,20220218,133054000,13:30:55,3458,1188,30251,41190900,0,0,0
bu2212,20220218,20220218,133054500,13:30:55,3458,1188,30251,41190900,0,0,0
bu2212,20220218,20220218,133056000,13:30:57,3458,1189,30252,41225480,1,1,34580
bu2212,20220218,20220218,133056500,13:30:57,3458,1189,30252,41225480,0,0,0
bu2212,20220218,20220218,133057000,13:30:58,3458,1189,30252,41225480,0,0,0
bu2212,20220218,20220218,133057500,13:30:58,3458,1189,30252,41225480,0,0,0
bu2212,20220218,20220218,133058000,13:30:59,3458,1189,30252,41225480,0,0,0
bu2212,20220218,20220218,133100000,13:31:00,3458,1189,30252,41225480,0,0,0
bu2212,20220218,20220218,133100500,13:31:01,3458,1189,30252,41225480,0,0,0
bu2212,20220218,20220218,133101500,13:31:01,3458,1189,30252,41225480,0,0,0
bu2212,20220218,20220218,133104500,13:31:07,3458,1189,30252,41225480,0,0,0
bu2212,20220218,20220218,133105500,13:31:08,3458,1189,30252,41225480,0,0,0
bu2212,20220218,20220218,133107000,13:31:08,3458,1189,30252,41225480,0,0,0
bu2212,20220218,20220218,133107500,13:31:09,3458,1189,30252,41225480,0,0,0
bu2212,20220218,20220218,133108500,13:31:09,3462,1193,30254,41363900,4,2,138420
bu2212,20220218,20220218,133109000,13:31:09,3462,1193,30254,41363900,0,0,0
bu2212,20220218,20220218,133109500,13:31:10,3462,1193,30254,41363900,0,0,0
bu2212,20220218,20220218,133110000,13:31:11,3462,1193,30254,41363900,0,0,0
bu2212,20220218,20220218,133110500,13:31:11,3462,1193,30254,41363900,0,0,0
bu2212,20220218,20220218,133111000,13:31:11,3462,1193,30254,41363900,0,0,0
bu2212,20220218,20220218,133111500,13:31:12,3462,1193,30254,41363900,0,0,0
bu2212,20220218,20220218,133112000,13:31:13,3462,1193,30254,41363900,0,0,0
bu2212,20220218,20220218,133112500,13:31:13,3462,1193,30254,41363900,0,0,0
bu2212,20220218,20220218,133113000,13:31:13,3462,1193,30254,41363900,0,0,0
bu2212,20220218,20220218,133113500,13:31:14,3462,1193,30254,41363900,0,0,0
bu2212,20220218,20220218,133114000,13:31:15,3462,1193,30254,41363900,0,0,0
bu2212,20220218,20220218,133115000,13:31:15,3462,1193,30254,41363900,0,0,0
bu2212,20220218,20220218,133118000,13:31:19,3462,1193,30254,41363900,0,0,0
bu2212,20220218,20220218,133200000,13:32:01,3462,1193,30254,41363900,0,0,0
bu2212,20220218,20220218,133210500,13:32:14,3462,1193,30254,41363900,0,0,0
bu2212,20220218,20220218,133211000,13:32:14,3462,1193,30254,41363900,0,0,0
bu2212,20220218,20220218,133218500,13:32:19,3462,1193,30254,41363900,0,0,0
bu2212,20220218,20220218,133219000,13:32:20,3462,1193,30254,41363900,0,0,0
bu2212,20220218,20220218,133222500,13:32:24,3462,1193,30254,41363900,0,0,0
bu2212,20220218,20220218,133223000,13:32:24,3462,1193,30254,41363900,0,0,0
bu2212,20220218,20220218,133230500,13:32:35,3462,1193,30254,41363900,0,0,0
bu2212,20220218,20220218,133237000,13:32:37,3462,1193,30254,41363900,0,0,0
bu2212,20220218,20220218,133237500,13:32:38,3462,1193,30254,41363900,0,0,0
bu2212,20220218,20220218,133238000,13:32:38,3462,1193,30254,41363900,0,0,0
bu2212,20220218,20220218,133246500,13:32:47,3462,1193,30254,41363900,0,0,0
bu2212,20220218,20220218,133247000,13:32:47,3462,1193,30254,41363900,0,0,0
bu2212,20220218,20220218,133247500,13:32:48,3462,1193,30254,41363900,0,0,0
bu2212,20220218,20220218,133248000,13:32:49,3462,1193,30254,41363900,0,0,0
bu2212,20220218,20220218,133248500,13:32:49,3462,1193,30254,41363900,0,0,0
bu2212,20220218,20220218,133249000,13:32:49,3462,1193,30254,41363900,0,0,0
bu2212,20220218,20220218,133249500,13:32:50,3462,1193,30254,41363900,0,0,0
bu2212,20220218,20220218,133250000,13:32:51,3462,1193,30254,41363900,0,0,0
bu2212,20220218,20220218,133250500,13:32:52,3462,1193,30254,41363900,0,0,0
bu2212,20220218,20220218,133251000,13:32:52,3462,1193,30254,41363900,0,0,0
bu2212,20220218,20220218,133251500,13:32:53,3462,1193,30254,41363900,0,0,0
bu2212,20220218,20220218,133252500,13:32:53,3462,1193,30254,41363900,0,0,0
bu2212,20220218,20220218,133253000,13:32:53,3462,1193,30254,41363900,0,0,0
bu2212,20220218,20220218,133253500,13:32:54,3462,1193,30254,41363900,0,0,0
bu2212,20220218,20220218,133257500,13:33:00,3462,1193,30254,41363900,0,0,0
bu2212,20220218,20220218,133301000,13:33:02,3462,1193,30254,41363900,0,0,0
bu2212,20220218,20220218,133303500,13:33:04,3462,1193,30254,41363900,0,0,0
bu2212,20220218,20220218,133305500,13:33:06,3462,1193,30254,41363900,0,0,0
bu2212,20220218,20220218,133306000,13:33:06,3462,1193,30254,41363900,0,0,0
bu2212,20220218,20220218,133307000,13:33:07,3462,1193,30254,41363900,0,0,0
bu2212,20220218,20220218,133317000,13:33:18,3462,1193,30254,41363900,0,0,0
bu2212,20220218,20220218,133317500,13:33:19,3462,1193,30254,41363900,0,0,0
bu2212,20220218,20220218,133319000,13:33:20,3462,1193,30254,41363900,0,0,0
bu2212,20220218,20220218,133320500,13:33:21,3462,1193,30254,41363900,0,0,0
bu2212,20220218,20220218,133321000,13:33:22,3462,1193,30254,41363900,0,0,0
bu2212,20220218,20220218,133321500,13:33:22,3462,1193,30254,41363900,0,0,0
bu2212,20220218,20220218,133324000,13:33:24,3462,1193,30254,41363900,0,0,0
bu2212,20220218,20220218,133324500,13:33:25,3462,1193,30254,41363900,0,0,0
bu2212,20220218,20220218,133325000,13:33:26,3462,1193,30254,41363900,0,0,0
bu2212,20220218,20220218,133325500,13:33:27,3462,1193,30254,41363900,0,0,0
bu2212,20220218,20220218,133326000,13:33:28,3462,1193,30254,41363900,0,0,0
bu2212,20220218,20220218,133330500,13:33:31,3462,1193,30254,41363900,0,0,0
bu2212,20220218,20220218,133331000,13:33:32,3462,1193,30254,41363900,0,0,0
bu2212,20220218,20220218,133331500,13:33:32,3462,1193,30254,41363900,0,0,0
bu2212,20220218,20220218,133332000,13:33:32,3462,1193,30254,41363900,0,0,0
bu2212,20220218,20220218,133332500,13:33:33,3462,1193,30254,41363900,0,0,0
bu2212,20220218,20220218,133333000,13:33:33,3462,1193,30254,41363900,0,0,0
bu2212,20220218,20220218,133333500,13:33:33,3462,1193,30254,41363900,0,0,0
bu2212,20220218,20220218,133334000,13:33:34,3462,1193,30254,41363900,0,0,0
bu2212,20220218,20220218,133334500,13:33:34,3462,1193,30254,41363900,0,0,0
bu2212,20220218,20220218,133335000,13:33:35,3462,1193,30254,41363900,0,0,0
bu2212,20220218,20220218,133336000,13:33:36,3462,1193,30254,41363900,0,0,0
bu2212,20220218,20220218,133336500,13:33:36,3462,1193,30254,41363900,0,0,0
bu2212,20220218,20220218,133337500,13:33:37,3462,1193,30254,41363900,0,0,0
bu2212,20220218,20220218,133338500,13:33:39,3462,1193,30254,41363900,0,0,0
bu2212,20220218,20220218,133339000,13:33:39,3462,1193,30254,41363900,0,0,0
bu2212,20220218,20220218,133339500,13:33:40,3462,1193,30254,41363900,0,0,0
bu2212,20220218,20220218,133340500,13:33:41,3462,1193,30254,41363900,0,0,0
bu2212,20220218,20220218,133341000,13:33:41,3462,1193,30254,41363900,0,0,0
bu2212,20220218,20220218,133342000,13:33:42,3462,1193,30254,41363900,0,0,0
bu2212,20220218,20220218,133342500,13:33:42,3462,1193,30254,41363900,0,0,0
bu2212,20220218,20220218,133343000,13:33:43,3462,1193,30254,41363900,0,0,0
bu2212,20220218,20220218,133345500,13:33:47,3462,1193,30254,41363900,0,0,0
bu2212,20220218,20220218,133346000,13:33:47,3462,1193,30254,41363900,0,0,0
bu2212,20220218,20220218,133403000,13:34:11,3462,1193,30254,41363900,0,0,0
bu2212,20220218,20220218,133405500,13:34:12,3462,1193,30254,41363900,0,0,0
bu2212,20220218,20220218,133410500,13:34:12,3462,1193,30254,41363900,0,0,0
bu2212,20220218,20220218,133411500,13:34:12,3462,1193,30254,41363900,0,0,0
bu2212,20220218,20220218,133412000,13:34:12,3462,1193,30254,41363900,0,0,0
bu2212,20220218,20220218,133412500,13:34:13,3462,1193,30254,41363900,0,0,0
bu2212,20220218,20220218,133414500,13:34:15,3462,1193,30254,41363900,0,0,0
bu2212,20220218,20220218,133415000,13:34:15,3462,1193,30254,41363900,0,0,0
bu2212,20220218,20220218,133416000,13:34:16,3462,1193,30254,41363900,0,0,0
bu2212,20220218,20220218,133416500,13:34:17,3462,1193,30254,41363900,0,0,0
bu2212,20220218,20220218,133420000,13:34:20,3462,1193,30254,41363900,0,0,0
bu2212,20220218,20220218,133420500,13:34:23,3462,1193,30254,41363900,0,0,0
bu2212,20220218,20220218,133421000,13:34:23,3462,1193,30254,41363900,0,0,0
bu2212,20220218,20220218,133421500,13:34:24,3462,1193,30254,41363900,0,0,0
bu2212,20220218,20220218,133422000,13:34:24,3462,1193,30254,41363900,0,0,0
bu2212,20220218,20220218,133435500,13:34:36,3462,1193,30254,41363900,0,0,0
bu2212,20220218,20220218,133436000,13:34:36,3462,1193,30254,41363900,0,0,0
bu2212,20220218,20220218,133439500,13:34:39,3462,1193,30254,41363900,0,0,0
bu2212,20220218,20220218,133444500,13:34:46,3462,1193,30254,41363900,0,0,0
bu2212,20220218,20220218,133447000,13:34:47,3462,1193,30254,41363900,0,0,0
bu2212,20220218,20220218,133451500,13:34:52,3462,1193,30254,41363900,0,0,0
bu2212,20220218,20220218,133452000,13:34:52,3462,1193,30254,41363900,0,0,0
bu2212,20220218,20220218,133454500,13:34:56,3462,1193,30254,41363900,0,0,0
bu2212,20220218,20220218,133457000,13:34:57,3462,1193,30254,41363900,0,0,0
bu2212,20220218,20220218,133500000,13:35:00,3462,1193,30254,41363900,0,0,0
bu2212,20220218,20220218,133500500,13:35:00,3462,1193,30254,41363900,0,0,0
bu2212,20220218,20220218,133501000,13:35:04,3462,1193,30254,41363900,0,0,0
bu2212,20220218,20220218,133509500,13:35:10,3462,1193,30254,41363900,0,0,0
bu2212,20220218,20220218,133519500,13:35:20,3466,1195,30255,41433220,2,1,69320
bu2212,20220218,20220218,133520000,13:35:20,3466,1195,30255,41433220,0,0,0
bu2212,20220218,20220218,133520500,13:35:21,3466,1195,30255,41433220,0,0,0
bu2212,20220218,20220218,133521000,13:35:21,3466,1195,30255,41433220,0,0,0
bu2212,20220218,20220218,133522500,13:35:23,3466,1195,30255,41433220,0,0,0
bu2212,20220218,20220218,133523500,13:35:23,3466,1195,30255,41433220,0,0,0
bu2212,20220218,20220218,133524500,13:35:25,3468,1197,30256,41502580,2,1,69360
bu2212,20220218,20220218,133525000,13:35:25,3468,1197,30256,41502580,0,0,0
bu2212,20220218,20220218,133525500,13:35:26,3470,1198,30255,41537280,1,-1,34700
bu2212,20220218,20220218,133527500,13:35:31,3470,1198,30255,41537280,0,0,0
bu2212,20220218,20220218,133528000,13:35:32,3470,1198,30255,41537280,0,0,0
bu2212,20220218,20220218,133540500,13:35:43,3470,1198,30255,41537280,0,0,0
bu2212,20220218,20220218,133541000,13:35:43,3470,1198,30255,41537280,0,0,0
bu2212,20220218,20220218,133542500,13:35:44,3470,1198,30255,41537280,0,0,0
bu2212,20220218,20220218,133559500,13:36:03,3470,1198,30255,41537280,0,0,0
bu2212,20220218,20220218,133602500,13:36:03,3470,1198,30255,41537280,0,0,0
bu2212,20220218,20220218,133614500,13:36:14,3470,1198,30255,41537280,0,0,0
bu2212,20220218,20220218,133615000,13:36:15,3470,1198,30255,41537280,0,0,0
bu2212,20220218,20220218,133623000,13:36:23,3466,1201,30254,41641280,3,-1,104000
bu2212,20220218,20220218,133623500,13:36:23,3466,1201,30254,41641280,0,0,0
bu2212,20220218,20220218,133630000,13:36:30,3466,1201,30254,41641280,0,0,0
bu2212,20220218,20220218,133630500,13:36:31,3466,1201,30254,41641280,0,0,0
bu2212,20220218,20220218,133638000,13:36:39,3466,1201,30254,41641280,0,0,0
bu2212,20220218,20220218,133638500,13:36:39,3466,1201,30254,41641280,0,0,0
bu2212,20220218,20220218,133639000,13:36:39,3466,1201,30254,41641280,0,0,0
bu2212,20220218,20220218,133643000,13:36:43,3466,1201,30254,41641280,0,0,0
bu2212,20220218,20220218,133652500,13:36:53,3466,1201,30254,41641280,0,0,0
bu2212,20220218,20220218,133653500,13:36:54,3466,1201,30254,41641280,0,0,0
bu2212,20220218,20220218,133654000,13:36:54,3466,1201,30254,41641280,0,0,0
bu2212,20220218,20220218,133654500,13:36:54,3466,1201,30254,41641280,0,0,0
bu2212,20220218,20220218,133656500,13:36:58,3466,1201,30254,41641280,0,0,0
bu2212,20220218,20220218,133659000,13:36:59,3466,1201,30254,41641280,0,0,0
bu2212,20220218,20220218,133701000,13:37:01,3466,1201,30254,41641280,0,0,0
bu2212,20220218,20220218,133703500,13:37:03,3466,1201,30254,41641280,0,0,0
bu2212,20220218,20220218,133704000,13:37:04,3466,1201,30254,41641280,0,0,0
bu2212,20220218,20220218,133709000,13:37:09,3466,1202,30255,41675940,1,1,34660
bu2212,20220218,20220218,133709500,13:37:10,3466,1202,30255,41675940,0,0,0
bu2212,20220218,20220218,133710000,13:37:11,3466,1202,30255,41675940,0,0,0
bu2212,20220218,20220218,133712500,13:37:13,3466,1203,30255,41710600,1,0,34660
bu2212,20220218,20220218,133713000,13:37:14,3466,1209,30250,41918560,6,-5,207960
bu2212,20220218,20220218,133713500,13:37:14,3466,1209,30250,41918560,0,0,0
bu2212,20220218,20220218,133714500,13:37:15,3466,1209,30250,41918560,0,0,0
bu2212,20220218,20220218,133717500,13:37:18,3466,1209,30250,41918560,0,0,0
bu2212,20220218,20220218,133718000,13:37:19,3466,1209,30250,41918560,0,0,0
bu2212,20220218,20220218,133718500,13:37:19,3466,1209,30250,41918560,0,0,0
bu2212,20220218,20220218,133719000,13:37:19,3466,1209,30250,41918560,0,0,0
bu2212,20220218,20220218,133720000,13:37:21,3466,1209,30250,41918560,0,0,0
bu2212,20220218,20220218,133720500,13:37:21,3466,1209,30250,41918560,0,0,0
bu2212,20220218,20220218,133722500,13:37:23,3466,1209,30250,41918560,0,0,0
bu2212,20220218,20220218,133723500,13:37:23,3466,1209,30250,41918560,0,0,0
bu2212,20220218,20220218,133724000,13:37:24,3466,1209,30250,41918560,0,0,0
bu2212,20220218,20220218,133724500,13:37:25,3466,1209,30250,41918560,0,0,0
bu2212,20220218,20220218,133725500,13:37:26,3466,1209,30250,41918560,0,0,0
bu2212,20220218,20220218,133726000,13:37:26,3466,1209,30250,41918560,0,0,0
bu2212,20220218,20220218,133726500,13:37:27,3466,1209,30250,41918560,0,0,0
bu2212,20220218,20220218,133727000,13:37:27,3466,1209,30250,41918560,0,0,0
bu2212,20220218,20220218,133730500,13:37:31,3466,1209,30250,41918560,0,0,0
bu2212,20220218,20220218,133731000,13:37:31,3466,1209,30250,41918560,0,0,0
bu2212,20220218,20220218,133731500,13:37:31,3466,1209,30250,41918560,0,0,0
bu2212,20220218,20220218,133732500,13:37:33,3470,1210,30250,41953260,1,0,34700
bu2212,20220218,20220218,133741000,13:37:41,3470,1210,30250,41953260,0,0,0
bu2212,20220218,20220218,133747500,13:37:48,3470,1210,30250,41953260,0,0,0
bu2212,20220218,20220218,133749000,13:37:49,3470,1210,30250,41953260,0,0,0
bu2212,20220218,20220218,133749500,13:37:49,3470,1210,30250,41953260,0,0,0
bu2212,20220218,20220218,133751000,13:37:51,3470,1213,30248,42057360,3,-2,104100
bu2212,20220218,20220218,133751500,13:37:53,3470,1213,30248,42057360,0,0,0
bu2212,20220218,20220218,133752500,13:37:54,3470,1213,30248,42057360,0,0,0
bu2212,20220218,20220218,133753000,13:37:54,3470,1213,30248,42057360,0,0,0
bu2212,20220218,20220218,133753500,13:37:55,3470,1213,30248,42057360,0,0,0
bu2212,20220218,20220218,133754000,13:37:55,3470,1213,30248,42057360,0,0,0
bu2212,20220218,20220218,133755000,13:37:55,3470,1213,30248,42057360,0,0,0
bu2212,20220218,20220218,133755500,13:37:55,3472,1215,30246,42126800,2,-2,69440
bu2212,20220218,20220218,133756000,13:37:56,3472,1215,30246,42126800,0,0,0
bu2212,20220218,20220218,133756500,13:37:57,3474,1217,30245,42196280,2,-1,69480
bu2212,20220218,20220218,133757000,13:37:57,3474,1217,30245,42196280,0,0,0
bu2212,20220218,20220218,133757500,13:37:58,3474,1217,30245,42196280,0,0,0
bu2212,20220218,20220218,133759000,13:38:00,3474,1217,30245,42196280,0,0,0
bu2212,20220218,20220218,133759500,13:38:00,3476,1218,30245,42231040,1,0,34760
bu2212,20220218,20220218,133800000,13:38:02,3476,1218,30245,42231040,0,0,0
bu2212,20220218,20220218,133800500,13:38:02,3476,1218,30245,42231040,0,0,0
bu2212,20220218,20220218,133802000,13:38:03,3478,1222,30243,42370140,4,-2,139100
bu2212,20220218,20220218,133802500,13:38:06,3478,1222,30243,42370140,0,0,0
bu2212,20220218,20220218,133803000,13:38:06,3478,1222,30243,42370140,0,0,0
bu2212,20220218,20220218,133805000,13:38:06,3478,1230,30241,42648280,8,-2,278140
bu2212,20220218,20220218,133806000,13:38:08,3478,1230,30241,42648280,0,0,0
bu2212,20220218,20220218,133806500,13:38:09,3478,1230,30241,42648280,0,0,0
bu2212,20220218,20220218,133807000,13:38:09,3478,1230,30241,42648280,0,0,0
bu2212,20220218,20220218,133809000,13:38:09,3480,1238,30239,42926600,8,-2,278320
bu2212,20220218,20220218,133809500,13:38:10,3480,1238,30239,42926600,0,0,0
bu2212,20220218,20220218,133810000,13:38:10,3480,1238,30239,42926600,0,0,0
bu2212,20220218,20220218,133810500,13:38:11,3480,1238,30239,42926600,0,0,0
bu2212,20220218,20220218,133811000,13:38:14,3478,1239,30239,42961380,1,0,34780
bu2212,20220218,20220218,133811500,13:38:14,3480,1241,30239,43030980,2,0,69600
bu2212,20220218,20220218,133812000,13:38:14,3480,1241,30239,43030980,0,0,0
bu2212,20220218,20220218,133812500,13:38:14,3480,1241,30239,43030980,0,0,0
bu2212,20220218,20220218,133813500,13:38:15,3480,1241,30239,43030980,0,0,0
bu2212,20220218,20220218,133814000,13:38:17,3480,1241,30239,43030980,0,0,0
bu2212,20220218,20220218,133814500,13:38:17,3480,1241,30239,43030980,0,0,0
bu2212,20220218,20220218,133815000,13:38:17,3480,1241,30239,43030980,0,0,0
bu2212,20220218,20220218,133815500,13:38:18,3480,1241,30239,43030980,0,0,0
bu2212,20220218,20220218,133819000,13:38:19,3480,1241,30239,43030980,0,0,0
bu2212,20220218,20220218,133819500,13:38:20,3480,1244,30236,43135380,3,-3,104400
bu2212,20220218,20220218,133820000,13:38:22,3480,1246,30235,43204980,2,-1,69600
bu2212,20220218,20220218,133820500,13:38:22,3480,1246,30235,43204980,0,0,0
bu2212,20220218,20220218,133821000,13:38:22,3480,1246,30235,43204980,0,0,0
bu2212,20220218,20220218,133821500,13:38:23,3480,1247,30234,43239780,1,-1,34800
bu2212,20220218,20220218,133822500,13:38:23,3480,1247,30234,43239780,0,0,0
bu2212,20220218,20220218,133823000,13:38:24,3480,1247,30234,43239780,0,0,0
bu2212,20220218,20220218,133824500,13:38:41,3480,1247,30234,43239780,0,0,0
bu2212,20220218,20220218,133825500,13:38:42,3480,1247,30234,43239780,0,0,0
bu2212,20220218,20220218,133840500,13:38:42,3480,1247,30234,43239780,0,0,0
bu2212,20220218,20220218,133841000,13:38:43,3480,1247,30234,43239780,0,0,0
bu2212,20220218,20220218,133841500,13:38:43,3480,1247,30234,43239780,0,0,0
bu2212,20220218,20220218,133842000,13:38:43,3480,1247,30234,43239780,0,0,0
bu2212,20220218,20220218,133842500,13:38:43,3480,1247,30234,43239780,0,0,0
bu2212,20220218,20220218,133845000,13:38:45,3480,1247,30234,43239780,0,0,0
bu2212,20220218,20220218,133845500,13:38:45,3480,1247,30234,43239780,0,0,0
bu2212,20220218,20220218,133846000,13:38:46,3480,1247,30234,43239780,0,0,0
bu2212,20220218,20220218,133847000,13:38:47,3480,1247,30234,43239780,0,0,0
bu2212,20220218,20220218,133858000,13:38:58,3480,1247,30234,43239780,0,0,0
bu2212,20220218,20220218,133900000,13:39:00,3480,1247,30234,43239780,0,0,0
bu2212,20220218,20220218,133901000,13:39:01,3480,1247,30234,43239780,0,0,0
bu2212,20220218,20220218,133908000,13:39:08,3480,1247,30234,43239780,0,0,0
bu2212,20220218,20220218,133908500,13:39:08,3480,1247,30234,43239780,0,0,0
bu2212,20220218,20220218,133913500,13:39:13,3480,1247,30234,43239780,0,0,0
bu2212,20220218,20220218,133914000,13:39:15,3478,1256,30225,43552860,9,-9,313080
bu2212,20220218,20220218,133914500,13:39:18,3480,1272,30213,44109580,16,-12,556720
bu2212,20220218,20220218,133916000,13:39:19,3480,1272,30213,44109580,0,0,0
bu2212,20220218,20220218,133926500,13:39:26,3480,1272,30213,44109580,0,0,0
bu2212,20220218,20220218,133928500,13:39:28,3480,1272,30213,44109580,0,0,0
bu2212,20220218,20220218,133929500,13:39:29,3480,1272,30213,44109580,0,0,0
bu2212,20220218,20220218,133932500,13:39:33,3480,1272,30213,44109580,0,0,0
bu2212,20220218,20220218,133936000,13:39:36,3480,1275,30212,44213980,3,-1,104400
bu2212,20220218,20220218,133937500,13:39:37,3480,1276,30212,44248780,1,0,34800
bu2212,20220218,20220218,133938000,13:39:38,3480,1276,30212,44248780,0,0,0
bu2212,20220218,20220218,133940500,13:39:41,3480,1276,30212,44248780,0,0,0
bu2212,20220218,20220218,133945000,13:39:46,3480,1278,30212,44318380,2,0,69600
bu2212,20220218,20220218,133945500,13:39:46,3480,1278,30212,44318380,0,0,0
bu2212,20220218,20220218,133946000,13:39:47,3480,1282,30210,44457580,4,-2,139200
bu2212,20220218,20220218,133947500,13:39:47,3480,1282,30210,44457580,0,0,0
bu2212,20220218,20220218,133948000,13:39:48,3480,1282,30210,44457580,0,0,0
bu2212,20220218,20220218,133949500,13:39:50,3480,1282,30210,44457580,0,0,0
bu2212,20220218,20220218,133950000,13:39:50,3480,1282,30210,44457580,0,0,0
bu2212,20220218,20220218,133950500,13:39:50,3480,1282,30210,44457580,0,0,0
bu2212,20220218,20220218,133951500,13:39:51,3480,1282,30210,44457580,0,0,0
bu2212,20220218,20220218,133953500,13:39:54,3480,1282,30210,44457580,0,0,0
bu2212,20220218,20220218,133954000,13:39:55,3480,1282,30210,44457580,0,0,0
bu2212,20220218,20220218,134010500,13:40:13,3480,1282,30210,44457580,0,0,0
bu2212,20220218,20220218,134016000,13:40:16,3480,1282,30210,44457580,0,0,0
bu2212,20220218,20220218,134017500,13:40:18,3480,1282,30210,44457580,0,0,0
bu2212,20220218,20220218,134018000,13:40:19,3480,1282,30210,44457580,0,0,0
bu2212,20220218,20220218,134019500,13:40:20,3480,1282,30210,44457580,0,0,0
bu2212,20220218,20220218,134037000,13:40:37,3480,1282,30210,44457580,0,0,0
bu2212,20220218,20220218,134037500,13:40:38,3480,1282,30210,44457580,0,0,0
bu2212,20220218,20220218,134038000,13:40:38,3480,1282,30210,44457580,0,0,0
bu2212,20220218,20220218,134038500,13:40:38,3480,1282,30210,44457580,0,0,0
bu2212,20220218,20220218,134039000,13:40:39,3480,1282,30210,44457580,0,0,0
bu2212,20220218,20220218,134051500,13:40:55,3480,1282,30210,44457580,0,0,0
bu2212,20220218,20220218,134056000,13:40:58,3480,1282,30210,44457580,0,0,0
bu2212,20220218,20220218,134109000,13:41:10,3478,1292,30206,44805400,10,-4,347820
bu2212,20220218,20220218,134109500,13:41:10,3478,1297,30204,44979300,5,-2,173900
bu2212,20220218,20220218,134110000,13:41:10,3478,1297,30204,44979300,0,0,0
bu2212,20220218,20220218,134111000,13:41:11,3478,1297,30204,44979300,0,0,0
bu2212,20220218,20220218,134111500,13:41:12,3478,1297,30204,44979300,0,0,0
bu2212,20220218,20220218,134112000,13:41:12,3478,1297,30204,44979300,0,0,0
bu2212,20220218,20220218,134112500,13:41:12,3478,1297,30204,44979300,0,0,0
bu2212,20220218,20220218,134113000,13:41:13,3478,1297,30204,44979300,0,0,0
bu2212,20220218,20220218,134128000,13:41:28,3478,1297,30204,44979300,0,0,0
bu2212,20220218,20220218,134132500,13:41:33,3478,1297,30204,44979300,0,0,0
bu2212,20220218,20220218,134133000,13:41:33,3480,1299,30203,45048900,2,-1,69600
bu2212,20220218,20220218,134133500,13:41:34,3480,1299,30203,45048900,0,0,0
bu2212,20220218,20220218,134134000,13:41:34,3480,1299,30203,45048900,0,0,0
bu2212,20220218,20220218,134134500,13:41:34,3480,1299,30203,45048900,0,0,0
bu2212,20220218,20220218,134135000,13:41:35,3480,1299,30203,45048900,0,0,0
bu2212,20220218,20220218,134136000,13:41:39,3480,1299,30203,45048900,0,0,0
bu2212,20220218,20220218,134137500,13:41:42,3480,1299,30203,45048900,0,0,0
bu2212,20220218,20220218,134142000,13:41:42,3480,1299,30203,45048900,0,0,0
bu2212,20220218,20220218,134142500,13:41:42,3480,1299,30203,45048900,0,0,0
bu2212,20220218,20220218,134148000,13:41:48,3480,1299,30203,45048900,0,0,0
bu2212,20220218,20220218,134148500,13:41:49,3480,1299,30203,45048900,0,0,0
bu2212,20220218,20220218,134154000,13:42:02,3480,1299,30203,45048900,0,0,0
bu2212,20220218,20220218,134154500,13:42:02,3480,1299,30203,45048900,0,0,0
bu2212,20220218,20220218,134201500,13:42:10,3480,1299,30203,45048900,0,0,0
bu2212,20220218,20220218,134207000,13:42:12,3480,1299,30203,45048900,0,0,0
bu2212,20220218,20220218,134214000,13:42:14,3480,1299,30203,45048900,0,0,0
bu2212,20220218,20220218,134214500,13:42:15,3480,1299,30203,45048900,0,0,0
bu2212,20220218,20220218,134216000,13:42:16,3480,1299,30203,45048900,0,0,0
bu2212,20220218,20220218,134216500,13:42:17,3480,1299,30203,45048900,0,0,0
bu2212,20220218,20220218,134218000,13:42:20,3480,1299,30203,45048900,0,0,0
bu2212,20220218,20220218,134218500,13:42:20,3480,1299,30203,45048900,0,0,0
bu2212,20220218,20220218,134228000,13:42:29,3480,1299,30203,45048900,0,0,0
bu2212,20220218,20220218,134255000,13:42:55,3480,1299,30203,45048900,0,0,0
bu2212,20220218,20220218,134255500,13:42:55,3480,1299,30203,45048900,0,0,0
bu2212,20220218,20220218,134256000,13:42:56,3480,1300,30202,45083700,1,-1,34800
bu2212,20220218,20220218,134257000,13:42:59,3480,1300,30202,45083700,0,0,0
bu2212,20220218,20220218,134259000,13:42:59,3480,1300,30202,45083700,0,0,0
bu2212,20220218,20220218,134259500,13:43:01,3480,1300,30202,45083700,0,0,0
bu2212,20220218,20220218,134303500,13:43:11,3480,1300,30202,45083700,0,0,0
bu2212,20220218,20220218,134304500,13:43:11,3480,1300,30202,45083700,0,0,0
bu2212,20220218,20220218,134310500,13:43:12,3480,1300,30202,45083700,0,0,0
bu2212,20220218,20220218,134312000,13:43:14,3480,1300,30202,45083700,0,0,0
bu2212,20220218,20220218,134316000,13:43:16,3480,1300,30202,45083700,0,0,0
bu2212,20220218,20220218,134316500,13:43:17,3480,1300,30202,45083700,0,0,0
bu2212,20220218,20220218,134319500,13:43:20,3480,1300,30202,45083700,0,0,0
bu2212,20220218,20220218,134322000,13:43:22,3480,1300,30202,45083700,0,0,0
bu2212,20220218,20220218,134323000,13:43:23,3480,1300,30202,45083700,0,0,0
bu2212,20220218,20220218,134325000,13:43:25,3480,1300,30202,45083700,0,0,0
bu2212,20220218,20220218,134329500,13:43:30,3480,1300,30202,45083700,0,0,0
bu2212,20220218,20220218,134336500,13:43:37,3480,1300,30202,45083700,0,0,0
bu2212,20220218,20220218,134354500,13:44:04,3480,1300,30202,45083700,0,0,0
bu2212,20220218,20220218,134403500,13:44:04,3480,1300,30202,45083700,0,0,0
bu2212,20220218,20220218,134404000,13:44:04,3480,1300,30202,45083700,0,0,0
bu2212,20220218,20220218,134405500,13:44:06,3480,1300,30202,45083700,0,0,0
bu2212,20220218,20220218,134408500,13:44:09,3480,1300,30202,45083700,0,0,0
bu2212,20220218,20220218,134410000,13:44:17,3480,1300,30202,45083700,0,0,0
bu2212,20220218,20220218,134410500,13:44:17,3480,1300,30202,45083700,0,0,0
bu2212,20220218,20220218,134416000,13:44:17,3480,1300,30202,45083700,0,0,0
bu2212,20220218,20220218,134422500,13:44:23,3480,1300,30202,45083700,0,0,0
bu2212,20220218,20220218,134423500,13:44:24,3480,1300,30202,45083700,0,0,0
bu2212,20220218,20220218,134430500,13:44:37,3480,1300,30202,45083700,0,0,0
bu2212,20220218,20220218,134437000,13:44:37,3480,1300,30202,45083700,0,0,0
bu2212,20220218,20220218,134437500,13:44:37,3480,1300,30202,45083700,0,0,0
bu2212,20220218,20220218,134438000,13:44:38,3480,1300,30202,45083700,0,0,0
bu2212,20220218,20220218,134438500,13:44:39,3480,1300,30202,45083700,0,0,0
bu2212,20220218,20220218,134439000,13:44:39,3480,1300,30202,45083700,0,0,0
bu2212,20220218,20220218,134439500,13:44:39,3480,1300,30202,45083700,0,0,0
bu2212,20220218,20220218,134440000,13:44:40,3480,1300,30202,45083700,0,0,0
bu2212,20220218,20220218,134440500,13:44:40,3480,1300,30202,45083700,0,0,0
bu2212,20220218,20220218,134441000,13:44:41,3476,1313,30195,45535880,13,-7,452180
bu2212,20220218,20220218,134441500,13:44:42,3476,1313,30195,45535880,0,0,0
bu2212,20220218,20220218,134443000,13:44:43,3476,1313,30195,45535880,0,0,0
bu2212,20220218,20220218,134447500,13:44:47,3476,1313,30195,45535880,0,0,0
bu2212,20220218,20220218,134448000,13:44:48,3476,1313,30195,45535880,0,0,0
bu2212,20220218,20220218,134448500,13:44:48,3476,1313,30195,45535880,0,0,0
bu2212,20220218,20220218,134451500,13:44:52,3476,1313,30195,45535880,0,0,0
bu2212,20220218,20220218,134452000,13:44:53,3476,1313,30195,45535880,0,0,0
bu2212,20220218,20220218,134452500,13:44:53,3476,1313,30195,45535880,0,0,0
bu2212,20220218,20220218,134453000,13:44:53,3472,1317,30197,45674860,4,2,138980
bu2212,20220218,20220218,134453500,13:44:54,3476,1320,30196,45779140,3,-1,104280
bu2212,20220218,20220218,134454000,13:44:54,3474,1321,30196,45813880,1,0,34740
bu2212,20220218,20220218,134454500,13:44:55,3474,1321,30196,45813880,0,0,0
bu2212,20220218,20220218,134459000,13:44:59,3474,1321,30196,45813880,0,0,0
bu2212,20220218,20220218,134459500,13:44:59,3474,1321,30196,45813880,0,0,0
bu2212,20220218,20220218,134504000,13:45:08,3474,1321,30196,45813880,0,0,0
bu2212,20220218,20220218,134504500,13:45:09,3474,1325,30197,45952840,4,1,138960
bu2212,20220218,20220218,134508000,13:45:09,3474,1325,30197,45952840,0,0,0
bu2212,20220218,20220218,134516000,13:45:17,3474,1325,30197,45952840,0,0,0
bu2212,20220218,20220218,134516500,13:45:17,3474,1325,30197,45952840,0,0,0
bu2212,20220218,20220218,134519500,13:45:23,3474,1325,30197,45952840,0,0,0
bu2212,20220218,20220218,134522500,13:45:24,3474,1325,30197,45952840,0,0,0
bu2212,20220218,20220218,134527500,13:45:30,3474,1325,30197,45952840,0,0,0
bu2212,20220218,20220218,134529500,13:45:30,3474,1325,30197,45952840,0,0,0
bu2212,20220218,20220218,134531500,13:45:32,3474,1325,30197,45952840,0,0,0
bu2212,20220218,20220218,134532000,13:45:33,3474,1325,30197,45952840,0,0,0
bu2212,20220218,20220218,134532500,13:45:33,3474,1325,30197,45952840,0,0,0
bu2212,20220218,20220218,134535000,13:45:35,3474,1325,30197,45952840,0,0,0
bu2212,20220218,20220218,134535500,13:45:35,3474,1325,30197,45952840,0,0,0
bu2212,20220218,20220218,134536500,13:45:37,3474,1325,30197,45952840,0,0,0
bu2212,20220218,20220218,134537000,13:45:37,3474,1325,30197,45952840,0,0,0
bu2212,20220218,20220218,134537500,13:45:38,3474,1325,30197,45952840,0,0,0
bu2212,20220218,20220218,134549000,13:45:49,3474,1325,30197,45952840,0,0,0
bu2212,20220218,20220218,134553500,13:45:54,3474,1325,30197,45952840,0,0,0
bu2212,20220218,20220218,134555500,13:45:57,3474,1325,30197,45952840,0,0,0
bu2212,20220218,20220218,134600000,13:46:01,3474,1325,30197,45952840,0,0,0
bu2212,20220218,20220218,134600500,13:46:01,3474,1325,30197,45952840,0,0,0
bu2212,20220218,20220218,134602500,13:46:04,3474,1325,30197,45952840,0,0,0
bu2212,20220218,20220218,134603500,13:46:04,3478,1331,30194,46161580,6,-3,208740
bu2212,20220218,20220218,134604000,13:46:05,3478,1331,30194,46161580,0,0,0
bu2212,20220218,20220218,134604500,13:46:05,3478,1331,30194,46161580,0,0,0
bu2212,20220218,20220218,134605000,13:46:05,3478,1331,30194,46161580,0,0,0
bu2212,20220218,20220218,134605500,13:46:05,3478,1331,30194,46161580,0,0,0
bu2212,20220218,20220218,134606000,13:46:06,3478,1331,30194,46161580,0,0,0
bu2212,20220218,20220218,134606500,13:46:07,3478,1331,30194,46161580,0,0,0
bu2212,20220218,20220218,134607000,13:46:07,3478,1331,30194,46161580,0,0,0
bu2212,20220218,20220218,134607500,13:46:08,3478,1331,30194,46161580,0,0,0
bu2212,20220218,20220218,134608000,13:46:09,3478,1331,30194,46161580,0,0,0
bu2212,20220218,20220218,134608500,13:46:09,3478,1331,30194,46161580,0,0,0
bu2212,20220218,20220218,134609000,13:46:09,3478,1331,30194,46161580,0,0,0
bu2212,20220218,20220218,134609500,13:46:10,3478,1331,30194,46161580,0,0,0
bu2212,20220218,20220218,134610000,13:46:11,3478,1331,30194,46161580,0,0,0
bu2212,20220218,20220218,134610500,13:46:11,3478,1331,30194,46161580,0,0,0
bu2212,20220218,20220218,134611000,13:46:11,3478,1331,30194,46161580,0,0,0
bu2212,20220218,20220218,134611500,13:46:11,3478,1331,30194,46161580,0,0,0
bu2212,20220218,20220218,134612000,13:46:13,3478,1331,30194,46161580,0,0,0
bu2212,20220218,20220218,134613500,13:46:14,3478,1331,30194,46161580,0,0,0
bu2212,20220218,20220218,134614000,13:46:14,3478,1331,30194,46161580,0,0,0
bu2212,20220218,20220218,134614500,13:46:15,3478,1331,30194,46161580,0,0,0
bu2212,20220218,20220218,134615000,13:46:16,3478,1331,30194,46161580,0,0,0
bu2212,20220218,20220218,134615500,13:46:17,3478,1331,30194,46161580,0,0,0
bu2212,20220218,20220218,134616000,13:46:18,3478,1333,30193,46231140,2,-1,69560
bu2212,20220218,20220218,134616500,13:46:18,3478,1333,30193,46231140,0,0,0
bu2212,20220218,20220218,134617500,13:46:18,3478,1333,30193,46231140,0,0,0
bu2212,20220218,20220218,134618500,13:46:19,3478,1333,30193,46231140,0,0,0
bu2212,20220218,20220218,134626000,13:46:31,3478,1333,30193,46231140,0,0,0
bu2212,20220218,20220218,134631000,13:46:31,3478,1333,30193,46231140,0,0,0
bu2212,20220218,20220218,134631500,13:46:32,3478,1333,30193,46231140,0,0,0
bu2212,20220218,20220218,134635000,13:46:35,3478,1333,30193,46231140,0,0,0
bu2212,20220218,20220218,134635500,13:46:36,3478,1334,30192,46265920,1,-1,34780
bu2212,20220218,20220218,134636000,13:46:37,3478,1334,30192,46265920,0,0,0
bu2212,20220218,20220218,134636500,13:46:37,3478,1334,30192,46265920,0,0,0
bu2212,20220218,20220218,134637500,13:46:38,3478,1334,30192,46265920,0,0,0
bu2212,20220218,20220218,134638000,13:46:38,3478,1334,30192,46265920,0,0,0
bu2212,20220218,20220218,134643500,13:46:45,3478,1334,30192,46265920,0,0,0
bu2212,20220218,20220218,134644500,13:46:47,3478,1334,30192,46265920,0,0,0
bu2212,20220218,20220218,134647500,13:46:47,3478,1334,30192,46265920,0,0,0
bu2212,20220218,20220218,134648000,13:46:48,3478,1334,30192,46265920,0,0,0
bu2212,20220218,20220218,134650000,13:46:50,3478,1334,30192,46265920,0,0,0
bu2212,20220218,20220218,134652000,13:46:52,3478,1334,30192,46265920,0,0,0
bu2212,20220218,20220218,134655000,13:46:55,3478,1334,30192,46265920,0,0,0
bu2212,20220218,20220218,134658500,13:46:59,3478,1334,30192,46265920,0,0,0
bu2212,20220218,20220218,134659000,13:46:59,3478,1334,30192,46265920,0,0,0
bu2212,20220218,20220218,134659500,13:46:59,3478,1334,30192,46265920,0,0,0
bu2212,20220218,20220218,134700500,13:47:00,3478,1334,30192,46265920,0,0,0
bu2212,20220218,20220218,134701000,13:47:01,3478,1334,30192,46265920,0,0,0
bu2212,20220218,20220218,134701500,13:47:02,3478,1334,30192,46265920,0,0,0
bu2212,20220218,20220218,134702000,13:47:02,3478,1334,30192,46265920,0,0,0
bu2212,20220218,20220218,134702500,13:47:03,3478,1334,30192,46265920,0,0,0
bu2212,20220218,20220218,134703000,13:47:03,3478,1334,30192,46265920,0,0,0
bu2212,20220218,20220218,134711000,13:47:16,3478,1334,30192,46265920,0,0,0
bu2212,20220218,20220218,134711500,13:47:16,3478,1334,30192,46265920,0,0,0
bu2212,20220218,20220218,134714000,13:47:17,3478,1334,30192,46265920,0,0,0
bu2212,20220218,20220218,134718000,13:47:19,3478,1334,30192,46265920,0,0,0
bu2212,20220218,20220218,134719500,13:47:19,3478,1334,30192,46265920,0,0,0
bu2212,20220218,20220218,134720000,13:47:20,3478,1334,30192,46265920,0,0,0
bu2212,20220218,20220218,134721000,13:47:22,3478,1337,30192,46370240,3,0,104320
bu2212,20220218,20220218,134721500,13:47:22,3474,1338,30191,46404980,1,-1,34740
bu2212,20220218,20220218,134722000,13:47:26,3474,1338,30191,46404980,0,0,0
bu2212,20220218,20220218,134725500,13:47:27,3474,1338,30191,46404980,0,0,0
bu2212,20220218,20220218,134736500,13:47:37,3474,1338,30191,46404980,0,0,0
bu2212,20220218,20220218,134737500,13:47:38,3474,1338,30191,46404980,0,0,0
bu2212,20220218,20220218,134738500,13:47:39,3474,1339,30190,46439720,1,-1,34740
bu2212,20220218,20220218,134739000,13:47:40,3474,1339,30190,46439720,0,0,0
bu2212,20220218,20220218,134754000,13:47:54,3474,1339,30190,46439720,0,0,0
bu2212,20220218,20220218,134758000,13:47:58,3474,1339,30190,46439720,0,0,0
bu2212,20220218,20220218,134759500,13:48:00,3474,1339,30190,46439720,0,0,0
bu2212,20220218,20220218,134800500,13:48:00,3474,1339,30190,46439720,0,0,0
bu2212,20220218,20220218,134802000,13:48:02,3474,1339,30190,46439720,0,0,0
bu2212,20220218,20220218,134818500,13:48:20,3474,1339,30190,46439720,0,0,0
bu2212,20220218,20220218,134822500,13:48:23,3474,1339,30190,46439720,0,0,0
bu2212,20220218,20220218,134836000,13:48:37,3474,1339,30190,46439720,0,0,0
bu2212,20220218,20220218,134843500,13:48:43,3474,1339,30190,46439720,0,0,0
bu2212,20220218,20220218,134849000,13:48:49,3474,1339,30190,46439720,0,0,0
bu2212,20220218,20220218,134849500,13:48:49,3474,1339,30190,46439720,0,0,0
bu2212,20220218,20220218,134853500,13:48:55,3474,1339,30190,46439720,0,0,0
bu2212,20220218,20220218,134900000,13:49:00,3474,1339,30190,46439720,0,0,0
bu2212,20220218,20220218,134900500,13:49:01,3476,1343,30187,46578760,4,-3,139040
bu2212,20220218,20220218,134901000,13:49:01,3476,1343,30187,46578760,0,0,0
bu2212,20220218,20220218,134901500,13:49:02,3476,1343,30187,46578760,0,0,0
bu2212,20220218,20220218,134902000,13:49:02,3476,1345,30185,46648280,2,-2,69520
bu2212,20220218,20220218,134902500,13:49:03,3476,1345,30185,46648280,0,0,0
bu2212,20220218,20220218,134907500,13:49:07,3476,1345,30185,46648280,0,0,0
bu2212,20220218,20220218,134917000,13:49:17,3476,1345,30185,46648280,0,0,0
bu2212,20220218,20220218,134918000,13:49:18,3476,1345,30185,46648280,0,0,0
bu2212,20220218,20220218,134918500,13:49:19,3476,1345,30185,46648280,0,0,0
bu2212,20220218,20220218,134919000,13:49:20,3476,1345,30185,46648280,0,0,0
bu2212,20220218,20220218,134924500,13:49:25,3476,1345,30185,46648280,0,0,0
bu2212,20220218,20220218,134925000,13:49:25,3476,1345,30185,46648280,0,0,0
bu2212,20220218,20220218,134926000,13:49:26,3476,1345,30185,46648280,0,0,0
bu2212,20220218,20220218,134926500,13:49:27,3476,1345,30185,46648280,0,0,0
bu2212,20220218,20220218,134928000,13:49:28,3476,1345,30185,46648280,0,0,0
bu2212,20220218,20220218,134928500,13:49:29,3476,1345,30185,46648280,0,0,0
bu2212,20220218,20220218,134929000,13:49:29,3476,1345,30185,46648280,0,0,0
bu2212,20220218,20220218,134929500,13:49:30,3476,1345,30185,46648280,0,0,0
bu2212,20220218,20220218,134930000,13:49:30,3476,1345,30185,46648280,0,0,0
bu2212,20220218,20220218,134932500,13:49:32,3476,1345,30185,46648280,0,0,0
bu2212,20220218,20220218,134952000,13:49:52,3476,1845,30685,64028280,500,500,17380000
bu2212,20220218,20220218,134955500,13:49:56,3476,2345,31185,81408280,500,500,17380000
bu2212,20220218,20220218,135004000,13:50:04,3476,2345,31185,81408280,0,0,0
bu2212,20220218,20220218,135004500,13:50:05,3476,2345,31185,81408280,0,0,0
bu2212,20220218,20220218,135005000,13:50:05,3476,2345,31185,81408280,0,0,0
bu2212,20220218,20220218,135005500,13:50:06,3476,2345,31185,81408280,0,0,0
bu2212,20220218,20220218,135025500,13:50:27,3476,2345,31185,81408280,0,0,0
bu2212,20220218,20220218,135033500,13:50:37,3476,2345,31185,81408280,0,0,0
bu2212,20220218,20220218,135040000,13:50:40,3476,2345,31185,81408280,0,0,0
bu2212,20220218,20220218,135040500,13:50:41,3476,2345,31185,81408280,0,0,0
bu2212,20220218,20220218,135042500,13:50:43,3478,2350,31183,81582160,5,-2,173880
bu2212,20220218,20220218,135043000,13:50:43,3478,2350,31183,81582160,0,0,0
bu2212,20220218,20220218,135043500,13:50:44,3478,2350,31183,81582160,0,0,0
bu2212,20220218,20220218,135050500,13:50:51,3478,2350,31183,81582160,0,0,0
bu2212,20220218,20220218,135051000,13:50:51,3478,2350,31183,81582160,0,0,0
bu2212,20220218,20220218,135052000,13:50:53,3478,2350,31183,81582160,0,0,0
bu2212,20220218,20220218,135054500,13:50:54,3478,2350,31183,81582160,0,0,0
bu2212,20220218,20220218,135056500,13:50:57,3478,2350,31183,81582160,0,0,0
bu2212,20220218,20220218,135058000,13:50:58,3478,2350,31183,81582160,0,0,0
bu2212,20220218,20220218,135058500,13:50:59,3478,2350,31183,81582160,0,0,0
bu2212,20220218,20220218,135059000,13:50:59,3478,2350,31183,81582160,0,0,0
bu2212,20220218,20220218,135105500,13:51:06,3478,2350,31183,81582160,0,0,0
bu2212,20220218,20220218,135107500,13:51:21,3478,2350,31183,81582160,0,0,0
bu2212,20220218,20220218,135119000,13:51:21,3478,2350,31183,81582160,0,0,0
bu2212,20220218,20220218,135122000,13:51:22,3478,2350,31183,81582160,0,0,0
bu2212,20220218,20220218,135122500,13:51:23,3478,2350,31183,81582160,0,0,0
bu2212,20220218,20220218,135145500,13:51:45,3476,2352,31183,81651700,2,0,69540
bu2212,20220218,20220218,135147000,13:51:47,3476,2352,31183,81651700,0,0,0
bu2212,20220218,20220218,135148500,13:51:49,3476,2352,31183,81651700,0,0,0
bu2212,20220218,20220218,135149500,13:51:50,3476,2352,31183,81651700,0,0,0
bu2212,20220218,20220218,135159000,13:51:59,3476,2352,31183,81651700,0,0,0
bu2212,20220218,20220218,135202000,13:52:03,3476,2352,31183,81651700,0,0,0
bu2212,20220218,20220218,135203500,13:52:04,3476,2352,31183,81651700,0,0,0
bu2212,20220218,20220218,135213000,13:52:13,3476,2352,31183,81651700,0,0,0
bu2212,20220218,20220218,135213500,13:52:13,3476,2352,31183,81651700,0,0,0
bu2212,20220218,20220218,135214000,13:52:14,3476,2352,31183,81651700,0,0,0
bu2212,20220218,20220218,135217000,13:52:17,3476,2352,31183,81651700,0,0,0
bu2212,20220218,20220218,135218000,13:52:19,3476,2352,31183,81651700,0,0,0
bu2212,20220218,20220218,135219500,13:52:24,3476,2352,31183,81651700,0,0,0
bu2212,20220218,20220218,135226000,13:52:26,3476,2352,31183,81651700,0,0,0
bu2212,20220218,20220218,135226500,13:52:27,3478,2358,31178,81860380,6,-5,208680
bu2212,20220218,20220218,135243500,13:52:45,3478,2358,31178,81860380,0,0,0
bu2212,20220218,20220218,135300000,13:53:00,3478,2358,31178,81860380,0,0,0
bu2212,20220218,20220218,135304000,13:53:06,3478,2358,31178,81860380,0,0,0
bu2212,20220218,20220218,135304500,13:53:06,3478,2358,31178,81860380,0,0,0
bu2212,20220218,20220218,135307500,13:53:09,3478,2358,31178,81860380,0,0,0
bu2212,20220218,20220218,135309500,13:53:09,3478,2358,31178,81860380,0,0,0
bu2212,20220218,20220218,135311500,13:53:12,3478,2358,31178,81860380,0,0,0
bu2212,20220218,20220218,135312000,13:53:12,3478,2358,31178,81860380,0,0,0
bu2212,20220218,20220218,135314000,13:53:14,3478,2358,31178,81860380,0,0,0
bu2212,20220218,20220218,135334500,13:53:35,3478,2358,31178,81860380,0,0,0
bu2212,20220218,20220218,135335000,13:53:36,3478,2358,31178,81860380,0,0,0
bu2212,20220218,20220218,135335500,13:53:36,3478,2358,31178,81860380,0,0,0
bu2212,20220218,20220218,135336000,13:53:44,3478,2358,31178,81860380,0,0,0
bu2212,20220218,20220218,135337000,13:53:45,3478,2358,31178,81860380,0,0,0
bu2212,20220218,20220218,135339000,13:53:45,3478,2358,31178,81860380,0,0,0
bu2212,20220218,20220218,135357500,13:53:58,3478,2358,31178,81860380,0,0,0
bu2212,20220218,20220218,135358000,13:53:59,3478,2358,31178,81860380,0,0,0
bu2212,20220218,20220218,135358500,13:54:00,3478,2358,31178,81860380,0,0,0
bu2212,20220218,20220218,135359000,13:54:02,3472,2360,31179,81929880,2,1,69500
bu2212,20220218,20220218,135359500,13:54:08,3472,2360,31179,81929880,0,0,0
bu2212,20220218,20220218,135410000,13:54:10,3472,2360,31179,81929880,0,0,0
bu2212,20220218,20220218,135418500,13:54:18,3472,2360,31179,81929880,0,0,0
bu2212,20220218,20220218,135419000,13:54:19,3472,2360,31179,81929880,0,0,0
bu2212,20220218,20220218,135419500,13:54:20,3472,2360,31179,81929880,0,0,0
bu2212,20220218,20220218,135420500,13:54:21,3472,2360,31179,81929880,0,0,0
bu2212,20220218,20220218,135424500,13:54:25,3472,2360,31179,81929880,0,0,0
bu2212,20220218,20220218,135426500,13:54:27,3472,2360,31179,81929880,0,0,0
bu2212,20220218,20220218,135440000,13:54:40,3472,2360,31179,81929880,0,0,0
bu2212,20220218,20220218,135455500,13:54:55,3472,2360,31179,81929880,0,0,0
bu2212,20220218,20220218,135500500,13:55:00,3472,2360,31179,81929880,0,0,0
bu2212,20220218,20220218,135501000,13:55:01,3472,2360,31179,81929880,0,0,0
bu2212,20220218,20220218,135502000,13:55:03,3472,2360,31179,81929880,0,0,0
bu2212,20220218,20220218,135502500,13:55:03,3472,2360,31179,81929880,0,0,0
bu2212,20220218,20220218,135503000,13:55:03,3472,2360,31179,81929880,0,0,0
bu2212,20220218,20220218,135520500,13:55:25,3472,2360,31179,81929880,0,0,0
bu2212,20220218,20220218,135521000,13:55:25,3472,2360,31179,81929880,0,0,0
bu2212,20220218,20220218,135525500,13:55:27,3472,2360,31179,81929880,0,0,0
bu2212,20220218,20220218,135534500,13:55:34,3472,2360,31179,81929880,0,0,0
bu2212,20220218,20220218,135535000,13:55:35,3472,2360,31179,81929880,0,0,0
bu2212,20220218,20220218,135537000,13:55:37,3472,2361,31180,81964600,1,1,34720
bu2212,20220218,20220218,135537500,13:55:38,3472,2361,31180,81964600,0,0,0
bu2212,20220218,20220218,135542500,13:55:42,3472,2361,31180,81964600,0,0,0
bu2212,20220218,20220218,135547500,13:55:48,3472,2361,31180,81964600,0,0,0
bu2212,20220218,20220218,135555000,13:55:55,3472,2361,31180,81964600,0,0,0
bu2212,20220218,20220218,135557500,13:55:58,3472,2361,31180,81964600,0,0,0
bu2212,20220218,20220218,135559000,13:55:59,3472,2361,31180,81964600,0,0,0
bu2212,20220218,20220218,135559500,13:55:59,3472,2361,31180,81964600,0,0,0
bu2212,20220218,20220218,135603500,13:56:23,3472,2361,31180,81964600,0,0,0
bu2212,20220218,20220218,135617500,13:56:23,3472,2361,31180,81964600,0,0,0
bu2212,20220218,20220218,135634000,13:56:35,3472,2361,31180,81964600,0,0,0
bu2212,20220218,20220218,135638500,13:56:39,3472,2361,31180,81964600,0,0,0
bu2212,20220218,20220218,135644500,13:56:45,3472,2361,31180,81964600,0,0,0
bu2212,20220218,20220218,135646500,13:56:48,3472,2361,31180,81964600,0,0,0
bu2212,20220218,20220218,135649500,13:56:50,3472,2361,31180,81964600,0,0,0
bu2212,20220218,20220218,135651000,13:56:51,3472,2361,31180,81964600,0,0,0
bu2212,20220218,20220218,135651500,13:56:52,3472,2361,31180,81964600,0,0,0
bu2212,20220218,20220218,135700500,13:57:02,3472,2361,31180,81964600,0,0,0
bu2212,20220218,20220218,135701000,13:57:02,3472,2361,31180,81964600,0,0,0
