cu2204,20220218,20220218,112003000,11:20:08,71560,31262,107220,11155084650,31262,984,11155084650
cu2204,20220218,20220218,112004500,11:20:09,71560,31262,107220,11155084650,0,0,0
cu2204,20220218,20220218,112006000,11:20:10,71560,31262,107220,11155084650,0,0,0
cu2204,20220218,20220218,112006500,11:20:10,71560,31262,107220,11155084650,0,0,0
cu2204,20220218,20220218,112007500,11:20:10,71560,31262,107220,11155084650,0,0,0
cu2204,20220218,20220218,112008000,11:20:10,71560,31262,107220,11155084650,0,0,0
cu2204,20220218,20220218,112009500,11:20:10,71560,31270,107225,11157947050,8,5,2862400
cu2204,20220218,20220218,112011000,11:20:11,71560,31271,107224,11158304850,1,-1,357800
cu2204,20220218,20220218,112012000,11:20:12,71560,31272,107223,11158662650,1,-1,357800
cu2204,20220218,20220218,112015000,11:20:15,71560,31272,107223,11158662650,0,0,0
cu2204,20220218,20220218,112016000,11:20:16,71560,31273,107223,11159020450,1,0,357800
cu2204,20220218,20220218,112019000,11:20:19,71560,31273,107223,11159020450,0,0,0
cu2204,20220218,20220218,112020000,11:20:20,71570,31328,107278,11178702200,55,55,19681750
cu2204,20220218,20220218,112020500,11:20:21,71570,31328,107278,11178702200,0,0,0
cu2204,20220218,20220218,112021000,11:20:21,71570,31328,107278,11178702200,0,0,0
cu2204,20220218,20220218,112021500,11:20:21,71580,31329,107279,11179060100,1,1,357900
cu2204,20220218,20220218,112022000,11:20:22,71580,31331,107279,11179775900,2,0,715800
cu2204,20220218,20220218,112025000,11:20:25,71580,31331,107279,11179775900,0,0,0
cu2204,20220218,20220218,112026000,11:20:26,71580,31331,107279,11179775900,0,0,0
cu2204,20220218,20220218,112026500,11:20:26,71580,31332,107280,11180133800,1,1,357900
cu2204,20220218,20220218,112027000,11:20:27,71580,31382,107286,11198028800,50,6,17895000
cu2204,20220218,20220218,112027500,11:20:28,71580,31388,107288,11200176200,6,2,2147400
cu2204,20220218,20220218,112028000,11:20:28,71580,31388,107288,11200176200,0,0,0
cu2204,20220218,20220218,112028500,11:20:28,71580,31389,107288,11200534100,1,0,357900
cu2204,20220218,20220218,112029500,11:20:30,71580,31390,107288,11200892000,1,0,357900
cu2204,20220218,20220218,112030000,11:20:31,71580,31394,107287,11202323600,4,-1,1431600
cu2204,20220218,20220218,112030500,11:20:31,71570,31404,107297,11205902100,10,10,3578500
cu2204,20220218,20220218,112032000,11:20:32,71570,31404,107297,11205902100,0,0,0
cu2204,20220218,20220218,112032500,11:20:32,71580,31405,107298,11206260000,1,1,357900
cu2204,20220218,20220218,112033000,11:20:33,71570,31412,107298,11208764950,7,0,2504950
cu2204,20220218,20220218,112034000,11:20:34,71570,31412,107298,11208764950,0,0,0
cu2204,20220218,20220218,112034500,11:20:35,71580,31415,107298,11209838650,3,0,1073700
cu2204,20220218,20220218,112036500,11:20:37,71580,31415,107298,11209838650,0,0,0
cu2204,20220218,20220218,112037000,11:20:37,71580,31424,107304,11213059750,9,6,3221100
cu2204,20220218,20220218,112037500,11:20:38,71580,31438,107304,11218070350,14,0,5010600
cu2204,20220218,20220218,112038000,11:20:38,71570,31443,107309,11219859600,5,5,1789250
cu2204,20220218,20220218,112038500,11:20:38,71570,31453,107309,11223438100,10,0,3578500
cu2204,20220218,20220218,112039000,11:20:39,71570,31453,107309,11223438100,0,0,0
cu2204,20220218,20220218,112039500,11:20:40,71570,31453,107309,11223438100,0,0,0
cu2204,20220218,20220218,112040000,11:20:40,71570,31453,107309,11223438100,0,0,0
cu2204,20220218,20220218,112040500,11:20:41,71570,31453,107309,11223438100,0,0,0
cu2204,20220218,20220218,112041000,11:20:41,71570,31453,107309,11223438100,0,0,0
cu2204,20220218,20220218,112042000,11:20:42,71590,31487,107331,11235608050,34,22,12169950
cu2204,20220218,20220218,112042500,11:20:42,71590,31494,107329,11238113700,7,-2,2505650
cu2204,20220218,20220218,112043000,11:20:43,71570,31504,107335,11241692500,10,6,3578800
cu2204,20220218,20220218,112043500,11:20:44,71570,31504,107335,11241692500,0,0,0
cu2204,20220218,20220218,112044000,11:20:44,71570,31504,107335,11241692500,0,0,0
cu2204,20220218,20220218,112044500,11:20:45,71570,31504,107335,11241692500,0,0,0
cu2204,20220218,20220218,112047500,11:20:48,71570,31504,107335,11241692500,0,0,0
cu2204,20220218,20220218,112048000,11:20:48,71570,31504,107335,11241692500,0,0,0
cu2204,20220218,20220218,112048500,11:20:50,71580,31511,107335,11244197800,7,0,2505300
cu2204,20220218,20220218,112049000,11:20:50,71580,31524,107344,11248850500,13,9,4652700
cu2204,20220218,20220218,112049500,11:20:50,71580,31524,107344,11248850500,0,0,0
cu2204,20220218,20220218,112050500,11:20:51,71580,31524,107344,11248850500,0,0,0
cu2204,20220218,20220218,112052000,11:20:53,71580,31524,107344,11248850500,0,0,0
cu2204,20220218,20220218,112052500,11:20:53,71580,31524,107344,11248850500,0,0,0
cu2204,20220218,20220218,112053000,11:20:53,71580,31524,107344,11248850500,0,0,0
cu2204,20220218,20220218,112054000,11:20:54,71590,31529,107347,11250640250,5,3,1789750
cu2204,20220218,20220218,112054500,11:20:55,71580,31530,107347,11250998150,1,0,357900
cu2204,20220218,20220218,112055500,11:20:56,71580,31533,107350,11252071850,3,3,1073700
cu2204,20220218,20220218,112056000,11:20:56,71580,31533,107350,11252071850,0,0,0
cu2204,20220218,20220218,112056500,11:20:56,71580,31533,107350,11252071850,0,0,0
cu2204,20220218,20220218,112057000,11:20:58,71580,31533,107350,11252071850,0,0,0
cu2204,20220218,20220218,112057500,11:20:58,71590,31534,107351,11252429800,1,1,357950
cu2204,20220218,20220218,112058500,11:20:59,71590,31534,107351,11252429800,0,0,0
cu2204,20220218,20220218,112059000,11:21:00,71590,31534,107351,11252429800,0,0,0
cu2204,20220218,20220218,112100000,11:21:00,71590,31534,107351,11252429800,0,0,0
cu2204,20220218,20220218,112100500,11:21:01,71580,31536,107351,11253145600,2,0,715800
cu2204,20220218,20220218,112101000,11:21:01,71580,31538,107351,11253861400,2,0,715800
cu2204,20220218,20220218,112101500,11:21:02,71580,31540,107351,11254577200,2,0,715800
cu2204,20220218,20220218,112102000,11:21:03,71580,31542,107351,11255293000,2,0,715800
cu2204,20220218,20220218,112102500,11:21:03,71580,31542,107351,11255293000,0,0,0
cu2204,20220218,20220218,112103000,11:21:03,71580,31542,107351,11255293000,0,0,0
cu2204,20220218,20220218,112103500,11:21:04,71580,31542,107351,11255293000,0,0,0
cu2204,20220218,20220218,112104000,11:21:04,71580,31542,107351,11255293000,0,0,0
cu2204,20220218,20220218,112104500,11:21:05,71580,31542,107351,11255293000,0,0,0
cu2204,20220218,20220218,112106500,11:21:08,71580,31543,107351,11255650900,1,0,357900
cu2204,20220218,20220218,112107000,11:21:10,71580,31543,107351,11255650900,0,0,0
cu2204,20220218,20220218,112107500,11:21:10,71590,31545,107351,11256366800,2,0,715900
cu2204,20220218,20220218,112110000,11:21:10,71590,31547,107353,11257082700,2,2,715900
cu2204,20220218,20220218,112110500,11:21:11,71590,31547,107353,11257082700,0,0,0
cu2204,20220218,20220218,112111000,11:21:11,71590,31547,107353,11257082700,0,0,0
cu2204,20220218,20220218,112111500,11:21:12,71590,31547,107353,11257082700,0,0,0
cu2204,20220218,20220218,112113000,11:21:13,71590,31547,107353,11257082700,0,0,0
cu2204,20220218,20220218,112115000,11:21:15,71580,31549,107353,11257798500,2,0,715800
cu2204,20220218,20220218,112116000,11:21:16,71580,31549,107353,11257798500,0,0,0
cu2204,20220218,20220218,112116500,11:21:17,71590,31559,107356,11261378000,10,3,3579500
cu2204,20220218,20220218,112117000,11:21:17,71600,31589,107376,11272117900,30,20,10739900
cu2204,20220218,20220218,112117500,11:21:18,71600,31619,107367,11282857850,30,-9,10739950
cu2204,20220218,20220218,112118000,11:21:18,71600,31646,107368,11292523850,27,1,9666000
cu2204,20220218,20220218,112118500,11:21:18,71600,31654,107369,11295387850,8,1,2864000
cu2204,20220218,20220218,112119000,11:21:19,71610,31660,107372,11297536150,6,3,2148300
cu2204,20220218,20220218,112119500,11:21:19,71610,31665,107377,11299326500,5,5,1790350
cu2204,20220218,20220218,112120000,11:21:21,71620,31681,107383,11305055350,16,6,5728850
cu2204,20220218,20220218,112120500,11:21:21,71620,31689,107381,11307920150,8,-2,2864800
cu2204,20220218,20220218,112121000,11:21:22,71610,31694,107383,11309710400,5,2,1790250
cu2204,20220218,20220218,112121500,11:21:22,71610,31696,107383,11310426500,2,0,716100
cu2204,20220218,20220218,112122000,11:21:22,71620,31702,107385,11312574800,6,2,2148300
cu2204,20220218,20220218,112122500,11:21:22,71620,31703,107385,11312932900,1,0,358100
cu2204,20220218,20220218,112123000,11:21:23,71620,31703,107385,11312932900,0,0,0
cu2204,20220218,20220218,112123500,11:21:23,71610,31704,107386,11313290950,1,1,358050
cu2204,20220218,20220218,112124000,11:21:24,71610,31706,107388,11314007050,2,2,716100
cu2204,20220218,20220218,112124500,11:21:25,71610,31706,107388,11314007050,0,0,0
cu2204,20220218,20220218,112125000,11:23:32,71620,31711,107393,11315797500,5,5,1790450
cu2204,20220218,20220218,112125500,11:23:32,71620,31711,107393,11315797500,0,0,0
cu2204,20220218,20220218,112126000,11:23:33,71620,31711,107393,11315797500,0,0,0
cu2204,20220218,20220218,112332500,11:23:33,71620,31711,107393,11315797500,0,0,0
cu2204,20220218,20220218,112333000,11:23:33,71580,32019,107534,11426082100,308,141,110284600
cu2204,20220218,20220218,112333500,11:23:33,71580,32019,107534,11426082100,0,0,0
cu2204,20220218,20220218,112334000,11:23:34,71580,32019,107534,11426082100,0,0,0
cu2204,20220218,20220218,112334500,11:23:34,71580,32019,107534,11426082100,0,0,0
cu2204,20220218,20220218,112335500,11:23:35,71580,32019,107534,11426082100,0,0,0
cu2204,20220218,20220218,112336000,11:23:36,71580,32019,107534,11426082100,0,0,0
cu2204,20220218,20220218,112337000,11:23:38,71580,32019,107534,11426082100,0,0,0
cu2204,20220218,20220218,112337500,11:23:38,71580,32019,107534,11426082100,0,0,0
cu2204,20220218,20220218,112339000,11:23:39,71580,32020,107534,11426440000,1,0,357900
cu2204,20220218,20220218,112340500,11:23:40,71580,32020,107534,11426440000,0,0,0
cu2204,20220218,20220218,112341000,11:23:41,71580,32020,107534,11426440000,0,0,0
cu2204,20220218,20220218,112343000,11:23:43,71580,32020,107534,11426440000,0,0,0
cu2204,20220218,20220218,112343500,11:23:43,71580,32024,107535,11427871600,4,1,1431600
cu2204,20220218,20220218,112344000,11:23:46,71580,32024,107535,11427871600,0,0,0
cu2204,20220218,20220218,112344500,11:23:48,71580,32024,107535,11427871600,0,0,0
cu2204,20220218,20220218,112345000,11:23:48,71580,32024,107535,11427871600,0,0,0
cu2204,20220218,20220218,112348500,11:23:49,71580,32029,107540,11429661100,5,5,1789500
cu2204,20220218,20220218,112349000,11:23:49,71580,32029,107540,11429661100,0,0,0
cu2204,20220218,20220218,112349500,11:23:50,71590,32030,107540,11430019050,1,0,357950
cu2204,20220218,20220218,112351500,11:23:51,71590,32030,107540,11430019050,0,0,0
cu2204,20220218,20220218,112352000,11:23:52,71590,32030,107540,11430019050,0,0,0
cu2204,20220218,20220218,112353000,11:23:53,71580,32031,107540,11430376950,1,0,357900
cu2204,20220218,20220218,112353500,11:23:53,71580,32031,107540,11430376950,0,0,0
cu2204,20220218,20220218,112355000,11:23:55,71580,32031,107540,11430376950,0,0,0
cu2204,20220218,20220218,112356500,11:23:56,71580,32034,107542,11431450650,3,2,1073700
cu2204,20220218,20220218,112357000,11:23:57,71580,32034,107542,11431450650,0,0,0
cu2204,20220218,20220218,112357500,11:23:57,71580,32035,107543,11431808550,1,1,357900
cu2204,20220218,20220218,112359500,11:23:59,71580,32037,107545,11432524350,2,2,715800
cu2204,20220218,20220218,112400000,11:24:00,71580,32040,107548,11433598050,3,3,1073700
cu2204,20220218,20220218,112400500,11:24:00,71580,32041,107548,11433955950,1,0,357900
cu2204,20220218,20220218,112401000,11:24:01,71580,32041,107548,11433955950,0,0,0
cu2204,20220218,20220218,112401500,11:24:01,71580,32041,107548,11433955950,0,0,0
cu2204,20220218,20220218,112402500,11:24:02,71580,32041,107548,11433955950,0,0,0
cu2204,20220218,20220218,112404000,11:24:04,71580,32042,107548,11434313850,1,0,357900
cu2204,20220218,20220218,112404500,11:24:04,71580,32042,107548,11434313850,0,0,0
cu2204,20220218,20220218,112406000,11:24:06,71580,32042,107548,11434313850,0,0,0
cu2204,20220218,20220218,112406500,11:24:06,71580,32042,107548,11434313850,0,0,0
cu2204,20220218,20220218,112407000,11:24:07,71580,32042,107548,11434313850,0,0,0
cu2204,20220218,20220218,112407500,11:24:08,71580,32042,107548,11434313850,0,0,0
cu2204,20220218,20220218,112409000,11:24:11,71580,32042,107548,11434313850,0,0,0
cu2204,20220218,20220218,112409500,11:24:12,71580,32042,107548,11434313850,0,0,0
cu2204,20220218,20220218,112410000,11:24:12,71580,32044,107548,11435029650,2,0,715800
cu2204,20220218,20220218,112410500,11:24:12,71580,32044,107548,11435029650,0,0,0
cu2204,20220218,20220218,112411000,11:24:12,71590,32045,107547,11435387600,1,-1,357950
cu2204,20220218,20220218,112412500,11:24:13,71580,32050,107547,11437177100,5,0,1789500
cu2204,20220218,20220218,112413000,11:24:13,71580,32050,107547,11437177100,0,0,0
cu2204,20220218,20220218,112413500,11:24:14,71580,32050,107547,11437177100,0,0,0
cu2204,20220218,20220218,112414500,11:24:15,71580,32050,107547,11437177100,0,0,0
cu2204,20220218,20220218,112416000,11:24:16,71580,32050,107547,11437177100,0,0,0
cu2204,20220218,20220218,112416500,11:24:17,71580,32051,107547,11437535000,1,0,357900
cu2204,20220218,20220218,112417000,11:24:17,71580,32055,107551,11438966600,4,4,1431600
cu2204,20220218,20220218,112417500,11:24:18,71580,32055,107551,11438966600,0,0,0
cu2204,20220218,20220218,112421000,11:24:21,71580,32055,107551,11438966600,0,0,0
cu2204,20220218,20220218,112422500,11:24:23,71580,32056,107551,11439324500,1,0,357900
cu2204,20220218,20220218,112423000,11:24:23,71580,32056,107551,11439324500,0,0,0
cu2204,20220218,20220218,112423500,11:24:23,71580,32056,107551,11439324500,0,0,0
cu2204,20220218,20220218,112424500,11:24:24,71580,32056,107551,11439324500,0,0,0
cu2204,20220218,20220218,112425500,11:24:25,71580,32056,107551,11439324500,0,0,0
cu2204,20220218,20220218,112426000,11:24:26,71580,32056,107551,11439324500,0,0,0
cu2204,20220218,20220218,112427000,11:24:27,71580,32056,107551,11439324500,0,0,0
cu2204,20220218,20220218,112428000,11:24:28,71580,32057,107552,11439682400,1,1,357900
cu2204,20220218,20220218,112428500,11:24:28,71580,32060,107554,11440756100,3,2,1073700
cu2204,20220218,20220218,112429000,11:24:29,71580,32060,107554,11440756100,0,0,0
cu2204,20220218,20220218,112437500,11:24:37,71580,32060,107554,11440756100,0,0,0
cu2204,20220218,20220218,112438500,11:24:39,71580,32060,107554,11440756100,0,0,0
cu2204,20220218,20220218,112439000,11:24:40,71570,32061,107554,11441113950,1,0,357850
cu2204,20220218,20220218,112439500,11:24:40,71570,32061,107554,11441113950,0,0,0
cu2204,20220218,20220218,112440000,11:24:40,71570,32061,107554,11441113950,0,0,0
cu2204,20220218,20220218,112441000,11:24:41,71570,32061,107554,11441113950,0,0,0
cu2204,20220218,20220218,112441500,11:24:41,71570,32061,107554,11441113950,0,0,0
cu2204,20220218,20220218,112442000,11:24:42,71570,32061,107554,11441113950,0,0,0
cu2204,20220218,20220218,112442500,11:24:42,71570,32061,107554,11441113950,0,0,0
cu2204,20220218,20220218,112444500,11:24:44,71570,32063,107552,11441829650,2,-2,715700
cu2204,20220218,20220218,112445000,11:24:45,71570,32063,107552,11441829650,0,0,0
cu2204,20220218,20220218,112445500,11:24:45,71570,32063,107552,11441829650,0,0,0
cu2204,20220218,20220218,112446000,11:24:46,71570,32064,107551,11442187500,1,-1,357850
cu2204,20220218,20220218,112449000,11:24:49,71570,32064,107551,11442187500,0,0,0
cu2204,20220218,20220218,112449500,11:24:49,71570,32065,107550,11442545350,1,-1,357850
cu2204,20220218,20220218,112450000,11:24:50,71570,32065,107550,11442545350,0,0,0
cu2204,20220218,20220218,112450500,11:24:50,71560,32073,107542,11445407750,8,-8,2862400
cu2204,20220218,20220218,112451000,11:24:51,71560,32085,107542,11449701350,12,0,4293600
cu2204,20220218,20220218,112451500,11:24:52,71560,32085,107542,11449701350,0,0,0
cu2204,20220218,20220218,112452500,11:24:52,71570,32087,107540,11450417050,2,-2,715700
cu2204,20220218,20220218,112453000,11:24:53,71570,32088,107539,11450774900,1,-1,357850
cu2204,20220218,20220218,112454000,11:24:54,71570,32088,107539,11450774900,0,0,0
cu2204,20220218,20220218,112455500,11:24:56,71570,32088,107539,11450774900,0,0,0
cu2204,20220218,20220218,112456000,11:24:56,71570,32088,107539,11450774900,0,0,0
cu2204,20220218,20220218,112456500,11:24:56,71570,32090,107539,11451490600,2,0,715700
cu2204,20220218,20220218,112458000,11:24:58,71560,32092,107540,11452206200,2,1,715600
cu2204,20220218,20220218,112458500,11:24:58,71560,32092,107540,11452206200,0,0,0
cu2204,20220218,20220218,112459000,11:24:59,71560,32092,107540,11452206200,0,0,0
cu2204,20220218,20220218,112501000,11:25:02,71570,32097,107544,11453995450,5,4,1789250
cu2204,20220218,20220218,112501500,11:25:04,71570,32097,107544,11453995450,0,0,0
cu2204,20220218,20220218,112502000,11:25:05,71570,32097,107544,11453995450,0,0,0
cu2204,20220218,20220218,112502500,11:25:06,71580,32100,107544,11455069100,3,0,1073650
cu2204,20220218,20220218,112504000,11:25:06,71580,32100,107544,11455069100,0,0,0
cu2204,20220218,20220218,112505000,11:25:06,71580,32100,107544,11455069100,0,0,0
cu2204,20220218,20220218,112505500,11:25:06,71580,32100,107544,11455069100,0,0,0
cu2204,20220218,20220218,112506500,11:25:07,71580,32100,107544,11455069100,0,0,0
cu2204,20220218,20220218,112507500,11:25:07,71570,32102,107545,11455784800,2,1,715700
cu2204,20220218,20220218,112509000,11:25:09,71570,32106,107545,11457216200,4,0,1431400
cu2204,20220218,20220218,112509500,11:25:09,71570,32112,107551,11459363300,6,6,2147100
cu2204,20220218,20220218,112510000,11:25:10,71570,32112,107551,11459363300,0,0,0
cu2204,20220218,20220218,112510500,11:25:10,71570,32112,107551,11459363300,0,0,0
cu2204,20220218,20220218,112511000,11:25:11,71570,32112,107551,11459363300,0,0,0
cu2204,20220218,20220218,112512500,11:25:12,71570,32112,107551,11459363300,0,0,0
cu2204,20220218,20220218,112513000,11:25:13,71570,32113,107551,11459721150,1,0,357850
cu2204,20220218,20220218,112513500,11:25:15,71570,32113,107551,11459721150,0,0,0
cu2204,20220218,20220218,112514500,11:25:15,71570,32114,107550,11460079000,1,-1,357850
cu2204,20220218,20220218,112515500,11:25:16,71570,32114,107550,11460079000,0,0,0
cu2204,20220218,20220218,112516000,11:25:16,71570,32114,107550,11460079000,0,0,0
cu2204,20220218,20220218,112517000,11:25:18,71570,32116,107548,11460794700,2,-2,715700
cu2204,20220218,20220218,112517500,11:25:18,71570,32116,107548,11460794700,0,0,0
cu2204,20220218,20220218,112520500,11:25:21,71570,32116,107548,11460794700,0,0,0
cu2204,20220218,20220218,112521000,11:25:22,71560,32119,107548,11461868100,3,0,1073400
cu2204,20220218,20220218,112521500,11:25:22,71570,32121,107548,11462583800,2,0,715700
cu2204,20220218,20220218,112522000,11:25:22,71560,32123,107548,11463299400,2,0,715600
cu2204,20220218,20220218,112522500,11:25:22,71570,32125,107548,11464015100,2,0,715700
cu2204,20220218,20220218,112524000,11:25:25,71560,32143,107547,11470455500,18,-1,6440400
cu2204,20220218,20220218,112524500,11:25:25,71560,32143,107547,11470455500,0,0,0
cu2204,20220218,20220218,112525000,11:25:25,71560,32143,107547,11470455500,0,0,0
cu2204,20220218,20220218,112525500,11:25:26,71560,32143,107547,11470455500,0,0,0
cu2204,20220218,20220218,112526500,11:25:27,71560,32143,107547,11470455500,0,0,0
cu2204,20220218,20220218,112527500,11:25:28,71560,32143,107547,11470455500,0,0,0
cu2204,20220218,20220218,112528500,11:25:28,71560,32143,107547,11470455500,0,0,0
cu2204,20220218,20220218,112529500,11:25:30,71560,32143,107547,11470455500,0,0,0
cu2204,20220218,20220218,112530000,11:25:31,71560,32147,107547,11471886700,4,0,1431200
cu2204,20220218,20220218,112530500,11:25:31,71560,32154,107544,11474391300,7,-3,2504600
cu2204,20220218,20220218,112531000,11:25:31,71560,32159,107540,11476180300,5,-4,1789000
cu2204,20220218,20220218,112531500,11:25:32,71560,32162,107537,11477253700,3,-3,1073400
cu2204,20220218,20220218,112532000,11:25:32,71560,32162,107537,11477253700,0,0,0
cu2204,20220218,20220218,112535000,11:25:36,71550,32169,107532,11479757950,7,-5,2504250
cu2204,20220218,20220218,112535500,11:25:37,71550,32169,107532,11479757950,0,0,0
cu2204,20220218,20220218,112536000,11:25:37,71550,32169,107532,11479757950,0,0,0
cu2204,20220218,20220218,112536500,11:25:37,71550,32169,107532,11479757950,0,0,0
cu2204,20220218,20220218,112537500,11:25:38,71550,32169,107532,11479757950,0,0,0
cu2204,20220218,20220218,112538000,11:25:38,71550,32169,107532,11479757950,0,0,0
cu2204,20220218,20220218,112538500,11:25:39,71550,32169,107532,11479757950,0,0,0
cu2204,20220218,20220218,112541500,11:25:41,71550,32170,107531,11480115700,1,-1,357750
cu2204,20220218,20220218,112542000,11:25:42,71550,32170,107531,11480115700,0,0,0
cu2204,20220218,20220218,112543000,11:25:43,71550,32174,107527,11481546900,4,-4,1431200
cu2204,20220218,20220218,112547000,11:25:48,71550,32174,107527,11481546900,0,0,0
cu2204,20220218,20220218,112547500,11:25:48,71550,32174,107527,11481546900,0,0,0
cu2204,20220218,20220218,112548000,11:25:48,71550,32174,107527,11481546900,0,0,0
cu2204,20220218,20220218,112549000,11:25:49,71550,32175,107526,11481904650,1,-1,357750
cu2204,20220218,20220218,112549500,11:25:49,71550,32175,107526,11481904650,0,0,0
cu2204,20220218,20220218,112552500,11:25:52,71550,32175,107526,11481904650,0,0,0
cu2204,20220218,20220218,112553000,11:25:53,71550,32175,107526,11481904650,0,0,0
cu2204,20220218,20220218,112553500,11:25:54,71550,32175,107526,11481904650,0,0,0
cu2204,20220218,20220218,112554000,11:25:54,71550,32175,107526,11481904650,0,0,0
cu2204,20220218,20220218,112554500,11:25:54,71550,32175,107526,11481904650,0,0,0
cu2204,20220218,20220218,112555500,11:25:56,71550,32175,107526,11481904650,0,0,0
cu2204,20220218,20220218,112556000,11:25:57,71550,32176,107526,11482262400,1,0,357750
cu2204,20220218,20220218,112556500,11:25:57,71560,32177,107525,11482620200,1,-1,357800
cu2204,20220218,20220218,112557000,11:25:57,71560,32177,107525,11482620200,0,0,0
cu2204,20220218,20220218,112559500,11:26:00,71560,32177,107525,11482620200,0,0,0
cu2204,20220218,20220218,112600000,11:26:00,71560,32177,107525,11482620200,0,0,0
cu2204,20220218,20220218,112600500,11:26:01,71560,32177,107525,11482620200,0,0,0
cu2204,20220218,20220218,112601000,11:26:01,71560,32177,107525,11482620200,0,0,0
cu2204,20220218,20220218,112601500,11:26:03,71560,32177,107525,11482620200,0,0,0
cu2204,20220218,20220218,112602500,11:26:03,71560,32177,107525,11482620200,0,0,0
cu2204,20220218,20220218,112603000,11:26:03,71560,32177,107525,11482620200,0,0,0
cu2204,20220218,20220218,112603500,11:26:04,71560,32177,107525,11482620200,0,0,0
cu2204,20220218,20220218,112604500,11:26:05,71560,32177,107525,11482620200,0,0,0
cu2204,20220218,20220218,112605500,11:26:06,71560,32177,107525,11482620200,0,0,0
cu2204,20220218,20220218,112606000,11:26:06,71560,32177,107525,11482620200,0,0,0
cu2204,20220218,20220218,112606500,11:26:09,71560,32177,107525,11482620200,0,0,0
cu2204,20220218,20220218,112607000,11:26:09,71560,32177,107525,11482620200,0,0,0
cu2204,20220218,20220218,112609000,11:26:10,71560,32177,107525,11482620200,0,0,0
cu2204,20220218,20220218,112609500,11:26:10,71560,32177,107525,11482620200,0,0,0
cu2204,20220218,20220218,112610500,11:26:11,71560,32177,107525,11482620200,0,0,0
cu2204,20220218,20220218,112611000,11:26:11,71550,32178,107524,11482977950,1,-1,357750
cu2204,20220218,20220218,112612500,11:26:14,71550,32179,107523,11483335700,1,-1,357750
cu2204,20220218,20220218,112613000,11:26:15,71550,32179,107523,11483335700,0,0,0
cu2204,20220218,20220218,112614000,11:26:15,71550,32180,107523,11483693450,1,0,357750
cu2204,20220218,20220218,112614500,11:26:15,71550,32180,107523,11483693450,0,0,0
cu2204,20220218,20220218,112615500,11:26:16,71550,32180,107523,11483693450,0,0,0
cu2204,20220218,20220218,112618000,11:26:18,71550,32180,107523,11483693450,0,0,0
cu2204,20220218,20220218,112619500,11:26:20,71550,32182,107524,11484408950,2,1,715500
cu2204,20220218,20220218,112620000,11:26:20,71550,32182,107524,11484408950,0,0,0
cu2204,20220218,20220218,112621000,11:26:21,71550,32182,107524,11484408950,0,0,0
cu2204,20220218,20220218,112622000,11:26:22,71550,32182,107524,11484408950,0,0,0
cu2204,20220218,20220218,112622500,11:26:22,71550,32182,107524,11484408950,0,0,0
cu2204,20220218,20220218,112624000,11:26:24,71550,32183,107524,11484766700,1,0,357750
cu2204,20220218,20220218,112624500,11:26:24,71550,32183,107524,11484766700,0,0,0
cu2204,20220218,20220218,112625500,11:26:26,71550,32183,107524,11484766700,0,0,0
cu2204,20220218,20220218,112629000,11:26:29,71550,32186,107521,11485839950,3,-3,1073250
cu2204,20220218,20220218,112630500,11:26:31,71550,32186,107521,11485839950,0,0,0
cu2204,20220218,20220218,112632500,11:26:32,71550,32190,107518,11487270950,4,-3,1431000
cu2204,20220218,20220218,112633000,11:26:33,71550,32198,107518,11490132950,8,0,2862000
cu2204,20220218,20220218,112633500,11:26:34,71550,32202,107517,11491563950,4,-1,1431000
cu2204,20220218,20220218,112634000,11:26:37,71550,32203,107518,11491921700,1,1,357750
cu2204,20220218,20220218,112634500,11:26:37,71550,32203,107518,11491921700,0,0,0
cu2204,20220218,20220218,112635000,11:26:37,71550,32203,107518,11491921700,0,0,0
cu2204,20220218,20220218,112637000,11:26:39,71550,32203,107518,11491921700,0,0,0
cu2204,20220218,20220218,112637500,11:27:10,71550,32203,107518,11491921700,0,0,0
cu2204,20220218,20220218,112653500,11:27:10,71550,32222,107522,11498718700,19,4,6797000
cu2204,20220218,20220218,112709500,11:27:12,71550,32238,107520,11504442700,16,-2,5724000
cu2204,20220218,20220218,112712000,11:27:12,71550,32238,107520,11504442700,0,0,0
cu2204,20220218,20220218,112713500,11:27:14,71550,32238,107520,11504442700,0,0,0
cu2204,20220218,20220218,112717000,11:27:17,71550,32238,107520,11504442700,0,0,0
cu2204,20220218,20220218,112719500,11:27:20,71550,32238,107520,11504442700,0,0,0
cu2204,20220218,20220218,112720500,11:27:21,71560,32239,107520,11504800500,1,0,357800
cu2204,20220218,20220218,112721000,11:27:21,71550,32240,107520,11505158250,1,0,357750
cu2204,20220218,20220218,112723000,11:27:26,71550,32240,107520,11505158250,0,0,0
cu2204,20220218,20220218,112723500,11:27:27,71550,32241,107519,11505516000,1,-1,357750
cu2204,20220218,20220218,112726500,11:27:27,71550,32241,107519,11505516000,0,0,0
cu2204,20220218,20220218,112728500,11:27:28,71550,32242,107519,11505873750,1,0,357750
cu2204,20220218,20220218,112730000,11:27:30,71550,32242,107519,11505873750,0,0,0
cu2204,20220218,20220218,112731500,11:27:35,71550,32242,107519,11505873750,0,0,0
cu2204,20220218,20220218,112735000,11:27:36,71550,32242,107519,11505873750,0,0,0
cu2204,20220218,20220218,112736500,11:27:38,71550,32242,107519,11505873750,0,0,0
cu2204,20220218,20220218,112737500,11:27:38,71550,32242,107519,11505873750,0,0,0
cu2204,20220218,20220218,112738000,11:27:39,71550,32242,107519,11505873750,0,0,0
cu2204,20220218,20220218,112738500,11:27:39,71550,32242,107519,11505873750,0,0,0
cu2204,20220218,20220218,112739000,11:27:39,71550,32248,107516,11508020250,6,-3,2146500
cu2204,20220218,20220218,112739500,11:27:39,71550,32248,107516,11508020250,0,0,0
cu2204,20220218,20220218,112740000,11:27:40,71550,32248,107516,11508020250,0,0,0
cu2204,20220218,20220218,112740500,11:27:40,71550,32248,107516,11508020250,0,0,0
cu2204,20220218,20220218,112741000,11:27:41,71550,32252,107512,11509451250,4,-4,1431000
cu2204,20220218,20220218,112741500,11:27:42,71550,32252,107512,11509451250,0,0,0
cu2204,20220218,20220218,112743000,11:27:43,71550,32254,107510,11510166750,2,-2,715500
cu2204,20220218,20220218,112743500,11:27:43,71550,32255,107509,11510524500,1,-1,357750
cu2204,20220218,20220218,112744000,11:27:44,71550,32256,107509,11510882250,1,0,357750
cu2204,20220218,20220218,112744500,11:27:45,71550,32256,107509,11510882250,0,0,0
cu2204,20220218,20220218,112745000,11:27:45,71550,32257,107509,11511240000,1,0,357750
cu2204,20220218,20220218,112746500,11:27:47,71550,32257,107509,11511240000,0,0,0
cu2204,20220218,20220218,112748500,11:27:54,71550,32259,107509,11511955500,2,0,715500
cu2204,20220218,20220218,112749000,11:27:54,71550,32260,107509,11512313250,1,0,357750
cu2204,20220218,20220218,112749500,11:27:54,71550,32262,107510,11513028750,2,1,715500
cu2204,20220218,20220218,112754000,11:27:54,71550,32265,107510,11514102000,3,0,1073250
cu2204,20220218,20220218,112754500,11:27:55,71540,32266,107510,11514459700,1,0,357700
cu2204,20220218,20220218,112755000,11:27:55,71540,32266,107510,11514459700,0,0,0
cu2204,20220218,20220218,112755500,11:27:55,71540,32266,107510,11514459700,0,0,0
cu2204,20220218,20220218,112756000,11:27:56,71540,32266,107510,11514459700,0,0,0
cu2204,20220218,20220218,112756500,11:27:56,71540,32266,107510,11514459700,0,0,0
cu2204,20220218,20220218,112757000,11:27:57,71540,32266,107510,11514459700,0,0,0
cu2204,20220218,20220218,112757500,11:27:57,71540,32267,107510,11514817400,1,0,357700
cu2204,20220218,20220218,112758000,11:27:58,71540,32267,107510,11514817400,0,0,0
cu2204,20220218,20220218,112758500,11:27:59,71540,32267,107510,11514817400,0,0,0
cu2204,20220218,20220218,112759000,11:27:59,71540,32267,107510,11514817400,0,0,0
cu2204,20220218,20220218,112800500,11:28:01,71540,32267,107510,11514817400,0,0,0
cu2204,20220218,20220218,112801000,11:28:01,71550,32270,107510,11515890650,3,0,1073250
cu2204,20220218,20220218,112801500,11:28:02,71550,32274,107511,11517321650,4,1,1431000
cu2204,20220218,20220218,112802000,11:28:03,71550,32281,107511,11519825900,7,0,2504250
cu2204,20220218,20220218,112802500,11:28:03,71540,32285,107511,11521256700,4,0,1430800
cu2204,20220218,20220218,112803000,11:28:04,71540,32285,107511,11521256700,0,0,0
cu2204,20220218,20220218,112805000,11:28:06,71540,32295,107520,11524833700,10,9,3577000
cu2204,20220218,20220218,112805500,11:28:07,71540,32314,107531,11531630400,19,11,6796700
cu2204,20220218,20220218,112806000,11:28:10,71540,32319,107536,11533418900,5,5,1788500
cu2204,20220218,20220218,112809500,11:28:11,71540,32319,107536,11533418900,0,0,0
cu2204,20220218,20220218,112814500,11:28:14,71540,32328,107541,11536638600,9,5,3219700
cu2204,20220218,20220218,112816000,11:28:16,71540,32328,107541,11536638600,0,0,0
cu2204,20220218,20220218,112818000,11:28:18,71540,32328,107541,11536638600,0,0,0
cu2204,20220218,20220218,112820000,11:28:20,71540,32328,107541,11536638600,0,0,0
cu2204,20220218,20220218,112821500,11:28:22,71540,32328,107541,11536638600,0,0,0
cu2204,20220218,20220218,112822000,11:28:22,71540,32328,107541,11536638600,0,0,0
cu2204,20220218,20220218,112822500,11:28:22,71540,32328,107541,11536638600,0,0,0
cu2204,20220218,20220218,112823500,11:28:23,71540,32329,107541,11536996300,1,0,357700
cu2204,20220218,20220218,112825500,11:28:25,71540,32329,107541,11536996300,0,0,0
cu2204,20220218,20220218,112826000,11:28:26,71550,32337,107545,11539858300,8,4,2862000
cu2204,20220218,20220218,112826500,11:28:27,71550,32337,107545,11539858300,0,0,0
cu2204,20220218,20220218,112827000,11:28:27,71550,32337,107545,11539858300,0,0,0
cu2204,20220218,20220218,112828000,11:28:28,71550,32337,107545,11539858300,0,0,0
cu2204,20220218,20220218,112828500,11:28:28,71540,32338,107544,11540216000,1,-1,357700
cu2204,20220218,20220218,112829000,11:28:29,71540,32338,107544,11540216000,0,0,0
cu2204,20220218,20220218,112830000,11:28:30,71540,32345,107539,11542719900,7,-5,2503900
cu2204,20220218,20220218,112830500,11:28:31,71540,32345,107539,11542719900,0,0,0
cu2204,20220218,20220218,112831000,11:28:31,71540,32345,107539,11542719900,0,0,0
cu2204,20220218,20220218,112831500,11:28:31,71540,32345,107539,11542719900,0,0,0
cu2204,20220218,20220218,112832000,11:28:32,71540,32345,107539,11542719900,0,0,0
cu2204,20220218,20220218,112832500,11:28:33,71540,32345,107539,11542719900,0,0,0
cu2204,20220218,20220218,112833000,11:28:33,71540,32346,107540,11543077600,1,1,357700
cu2204,20220218,20220218,112833500,11:28:34,71540,32346,107540,11543077600,0,0,0
cu2204,20220218,20220218,112834000,11:28:34,71550,32348,107542,11543793100,2,2,715500
cu2204,20220218,20220218,112834500,11:28:34,71550,32348,107542,11543793100,0,0,0
cu2204,20220218,20220218,112835000,11:28:35,71540,32352,107543,11545224050,4,1,1430950
cu2204,20220218,20220218,112835500,11:28:37,71540,32352,107543,11545224050,0,0,0
cu2204,20220218,20220218,112836000,11:28:37,71540,32352,107543,11545224050,0,0,0
cu2204,20220218,20220218,112837000,11:28:37,71540,32352,107543,11545224050,0,0,0
cu2204,20220218,20220218,112838500,11:28:38,71540,32352,107543,11545224050,0,0,0
cu2204,20220218,20220218,112839000,11:28:40,71540,32352,107543,11545224050,0,0,0
cu2204,20220218,20220218,112839500,11:28:40,71540,32352,107543,11545224050,0,0,0
cu2204,20220218,20220218,112840000,11:28:40,71540,32354,107543,11545939450,2,0,715400
cu2204,20220218,20220218,112840500,11:28:40,71540,32354,107543,11545939450,0,0,0
cu2204,20220218,20220218,112841000,11:28:41,71540,32354,107543,11545939450,0,0,0
cu2204,20220218,20220218,112841500,11:28:41,71540,32356,107542,11546654900,2,-1,715450
cu2204,20220218,20220218,112842000,11:28:42,71540,32356,107542,11546654900,0,0,0
cu2204,20220218,20220218,112843000,11:28:43,71540,32356,107542,11546654900,0,0,0
cu2204,20220218,20220218,112843500,11:28:44,71540,32356,107542,11546654900,0,0,0
cu2204,20220218,20220218,112846000,11:28:46,71540,32356,107542,11546654900,0,0,0
cu2204,20220218,20220218,112847000,11:28:47,71540,32356,107542,11546654900,0,0,0
cu2204,20220218,20220218,112847500,11:28:48,71540,32357,107541,11547012600,1,-1,357700
cu2204,20220218,20220218,112849000,11:28:49,71550,32359,107541,11547728100,2,0,715500
cu2204,20220218,20220218,112849500,11:28:50,71550,32360,107541,11548085850,1,0,357750
cu2204,20220218,20220218,112851000,11:28:51,71550,32360,107541,11548085850,0,0,0
cu2204,20220218,20220218,112851500,11:28:51,71550,32361,107541,11548443600,1,0,357750
cu2204,20220218,20220218,112854500,11:28:54,71550,32361,107541,11548443600,0,0,0
cu2204,20220218,20220218,112857000,11:28:57,71550,32361,107541,11548443600,0,0,0
cu2204,20220218,20220218,112857500,11:28:58,71550,32361,107541,11548443600,0,0,0
cu2204,20220218,20220218,112859000,11:28:59,71550,32361,107541,11548443600,0,0,0
cu2204,20220218,20220218,112859500,11:29:00,71550,32361,107541,11548443600,0,0,0
cu2204,20220218,20220218,112900000,11:29:00,71550,32363,107539,11549159100,2,-2,715500
cu2204,20220218,20220218,112900500,11:29:01,71550,32386,107540,11557387350,23,1,8228250
cu2204,20220218,20220218,112901000,11:29:01,71540,32387,107539,11557745050,1,-1,357700
cu2204,20220218,20220218,112901500,11:29:02,71540,32394,107534,11560248950,7,-5,2503900
cu2204,20220218,20220218,112902000,11:29:03,71560,32395,107534,11560606750,1,0,357800
cu2204,20220218,20220218,112902500,11:29:03,71560,32395,107534,11560606750,0,0,0
cu2204,20220218,20220218,112903000,11:29:03,71560,32395,107534,11560606750,0,0,0
cu2204,20220218,20220218,112903500,11:29:04,71560,32395,107534,11560606750,0,0,0
cu2204,20220218,20220218,112906000,11:29:06,71550,32396,107534,11560964500,1,0,357750
cu2204,20220218,20220218,112909500,11:29:09,71550,32396,107534,11560964500,0,0,0
cu2204,20220218,20220218,112910000,11:29:10,71550,32397,107534,11561322250,1,0,357750
cu2204,20220218,20220218,112910500,11:29:10,71540,32398,107534,11561679950,1,0,357700
cu2204,20220218,20220218,112911000,11:29:11,71550,32413,107534,11567046200,15,0,5366250
cu2204,20220218,20220218,112911500,11:29:12,71550,32414,107534,11567403950,1,0,357750
cu2204,20220218,20220218,112912000,11:29:12,71550,32415,107533,11567761700,1,-1,357750
cu2204,20220218,20220218,112913000,11:29:13,71550,32415,107533,11567761700,0,0,0
cu2204,20220218,20220218,112914000,11:29:14,71550,32415,107533,11567761700,0,0,0
cu2204,20220218,20220218,112915500,11:29:16,71550,32415,107533,11567761700,0,0,0
cu2204,20220218,20220218,112918000,11:29:21,71550,32415,107533,11567761700,0,0,0
cu2204,20220218,20220218,112919500,11:29:21,71550,32416,107532,11568119450,1,-1,357750
cu2204,20220218,20220218,112923000,11:29:24,71550,32416,107532,11568119450,0,0,0
cu2204,20220218,20220218,112924000,11:29:24,71550,32416,107532,11568119450,0,0,0
cu2204,20220218,20220218,112924500,11:29:25,71550,32416,107532,11568119450,0,0,0
cu2204,20220218,20220218,112925000,11:29:25,71550,32416,107532,11568119450,0,0,0
cu2204,20220218,20220218,112925500,11:29:25,71550,32417,107532,11568477200,1,0,357750
cu2204,20220218,20220218,112926000,11:29:26,71550,32417,107532,11568477200,0,0,0
cu2204,20220218,20220218,112926500,11:29:26,71550,32417,107532,11568477200,0,0,0
cu2204,20220218,20220218,112927000,11:29:27,71550,32419,107530,11569192700,2,-2,715500
cu2204,20220218,20220218,112927500,11:29:27,71550,32419,107530,11569192700,0,0,0
cu2204,20220218,20220218,112928000,11:29:28,71550,32422,107531,11570265950,3,1,1073250
cu2204,20220218,20220218,112928500,11:29:28,71550,32422,107531,11570265950,0,0,0
cu2204,20220218,20220218,112929000,11:29:29,71560,32427,107534,11572054950,5,3,1789000
cu2204,20220218,20220218,112930000,11:29:30,71560,32427,107534,11572054950,0,0,0
cu2204,20220218,20220218,112932000,11:29:32,71560,32427,107534,11572054950,0,0,0
cu2204,20220218,20220218,112932500,11:29:36,71560,32427,107534,11572054950,0,0,0
cu2204,20220218,20220218,112933000,11:29:37,71560,32427,107534,11572054950,0,0,0
cu2204,20220218,20220218,112933500,11:29:38,71560,32427,107534,11572054950,0,0,0
cu2204,20220218,20220218,112936000,11:29:38,71560,32427,107534,11572054950,0,0,0
cu2204,20220218,20220218,112938000,11:29:38,71560,32427,107534,11572054950,0,0,0
cu2204,20220218,20220218,112938500,11:29:39,71560,32429,107536,11572770550,2,2,715600
cu2204,20220218,20220218,112939000,11:29:39,71560,32429,107536,11572770550,0,0,0
cu2204,20220218,20220218,112939500,11:29:40,71560,32429,107536,11572770550,0,0,0
cu2204,20220218,20220218,112940000,11:29:40,71560,32429,107536,11572770550,0,0,0
cu2204,20220218,20220218,112940500,11:29:40,71560,32431,107537,11573486150,2,1,715600
cu2204,20220218,20220218,112941000,11:29:41,71560,32431,107537,11573486150,0,0,0
cu2204,20220218,20220218,112941500,11:29:42,71560,32431,107537,11573486150,0,0,0
cu2204,20220218,20220218,112942500,11:29:44,71560,32431,107537,11573486150,0,0,0
cu2204,20220218,20220218,112943000,11:29:45,71560,32431,107537,11573486150,0,0,0
cu2204,20220218,20220218,112943500,11:29:45,71560,32431,107537,11573486150,0,0,0
cu2204,20220218,20220218,112944500,11:29:45,71560,32431,107537,11573486150,0,0,0
cu2204,20220218,20220218,112945500,11:29:46,71560,32431,107537,11573486150,0,0,0
cu2204,20220218,20220218,112946500,11:29:47,71560,32431,107537,11573486150,0,0,0
cu2204,20220218,20220218,112947000,11:29:47,71560,32431,107537,11573486150,0,0,0
cu2204,20220218,20220218,112947500,11:29:48,71550,32437,107539,11575632650,6,2,2146500
cu2204,20220218,20220218,112948000,11:29:49,71550,32437,107539,11575632650,0,0,0
cu2204,20220218,20220218,112949500,11:29:50,71550,32437,107539,11575632650,0,0,0
cu2204,20220218,20220218,112950500,11:29:51,71570,32438,107539,11575990500,1,0,357850
cu2204,20220218,20220218,112951500,11:29:52,71570,32438,107539,11575990500,0,0,0
cu2204,20220218,20220218,112952000,11:29:53,71570,32438,107539,11575990500,0,0,0
cu2204,20220218,20220218,112952500,11:29:53,71570,32438,107539,11575990500,0,0,0
cu2204,20220218,20220218,112953000,11:29:54,71570,32438,107539,11575990500,0,0,0
cu2204,20220218,20220218,112953500,11:29:54,71560,32439,107540,11576348300,1,1,357800
cu2204,20220218,20220218,112954000,11:29:54,71560,32439,107540,11576348300,0,0,0
cu2204,20220218,20220218,112954500,11:29:54,71560,32439,107540,11576348300,0,0,0
cu2204,20220218,20220218,112955000,11:29:55,71560,32439,107540,11576348300,0,0,0
cu2204,20220218,20220218,112955500,11:29:56,71560,32439,107540,11576348300,0,0,0
cu2204,20220218,20220218,112956000,11:30:00,71560,32439,107540,11576348300,0,0,0
cu2204,20220218,20220218,112956500,11:30:00,71560,32439,107540,11576348300,0,0,0
cu2204,20220218,20220218,112957500,11:30:02,71560,32439,107540,11576348300,0,0,0
cu2204,20220218,20220218,112959500,11:30:02,71560,32439,107540,11576348300,0,0,0
cu2204,20220218,20220218,113000000,11:30:03,71560,32441,107539,11577063900,2,-1,715600
cu2204,20220218,20220218,113001500,11:30:03,71560,32441,107539,11577063900,0,0,0
cu2204,20220218,20220218,133002000,13:30:08,71550,32473,107551,11588509650,32,12,11445750
cu2204,20220218,20220218,133002500,13:30:10,71520,32482,107553,11591728050,9,2,3218400
cu2204,20220218,20220218,133008000,13:30:10,71540,32550,107552,11616051900,68,-1,24323850
cu2204,20220218,20220218,133009500,13:30:10,71540,32550,107552,11616051900,0,0,0
cu2204,20220218,20220218,133010000,13:30:11,71540,32554,107550,11617482650,4,-2,1430750
cu2204,20220218,20220218,133010500,13:30:12,71540,32554,107550,11617482650,0,0,0
cu2204,20220218,20220218,133011000,13:30:13,71530,32556,107549,11618197950,2,-1,715300
cu2204,20220218,20220218,133013000,13:30:14,71540,32559,107551,11619271050,3,2,1073100
cu2204,20220218,20220218,133013500,13:30:14,71540,32559,107551,11619271050,0,0,0
cu2204,20220218,20220218,133014000,13:30:15,71530,32569,107551,11622847550,10,0,3576500
cu2204,20220218,20220218,133014500,13:30:16,71530,32578,107546,11626066500,9,-5,3218950
cu2204,20220218,20220218,133015000,13:30:18,71530,32582,107545,11627497200,4,-1,1430700
cu2204,20220218,20220218,133016500,13:30:18,71530,32588,107548,11629643350,6,3,2146150
cu2204,20220218,20220218,133017000,13:30:18,71530,32588,107548,11629643350,0,0,0
cu2204,20220218,20220218,133017500,13:30:19,71530,32588,107548,11629643350,0,0,0
cu2204,20220218,20220218,133018000,13:30:19,71530,32590,107548,11630358650,2,0,715300
cu2204,20220218,20220218,133018500,13:30:20,71530,32590,107548,11630358650,0,0,0
cu2204,20220218,20220218,133019000,13:30:20,71530,32590,107548,11630358650,0,0,0
cu2204,20220218,20220218,133019500,13:30:20,71530,32590,107548,11630358650,0,0,0
cu2204,20220218,20220218,133020000,13:30:21,71520,32594,107549,11631789150,4,1,1430500
cu2204,20220218,20220218,133020500,13:30:21,71520,32594,107549,11631789150,0,0,0
cu2204,20220218,20220218,133021000,13:30:21,71520,32595,107549,11632146750,1,0,357600
cu2204,20220218,20220218,133021500,13:30:22,71530,32596,107550,11632504400,1,1,357650
cu2204,20220218,20220218,133022500,13:30:38,71530,32612,107566,11638226800,16,16,5722400
cu2204,20220218,20220218,133023000,13:30:38,71530,32613,107565,11638584450,1,-1,357650
cu2204,20220218,20220218,133038000,13:30:40,71530,32613,107565,11638584450,0,0,0
cu2204,20220218,20220218,133040500,13:30:42,71530,32623,107566,11642161150,10,1,3576700
cu2204,20220218,20220218,133041000,13:30:43,71530,32623,107566,11642161150,0,0,0
cu2204,20220218,20220218,133041500,13:30:43,71530,32623,107566,11642161150,0,0,0
cu2204,20220218,20220218,133042000,13:30:44,71530,32623,107566,11642161150,0,0,0
cu2204,20220218,20220218,133042500,13:30:44,71540,32627,107567,11643591950,4,1,1430800
cu2204,20220218,20220218,133043000,13:30:44,71540,32671,107571,11659330750,44,4,15738800
cu2204,20220218,20220218,133044500,13:30:46,71540,32671,107571,11659330750,0,0,0
cu2204,20220218,20220218,133045000,13:30:46,71540,32671,107571,11659330750,0,0,0
cu2204,20220218,20220218,133045500,13:30:46,71540,32671,107571,11659330750,0,0,0
cu2204,20220218,20220218,133046000,13:30:47,71540,32676,107575,11661119250,5,4,1788500
cu2204,20220218,20220218,133046500,13:30:47,71510,32685,107569,11664337500,9,-6,3218250
cu2204,20220218,20220218,133047000,13:30:48,71510,32687,107569,11665052600,2,0,715100
cu2204,20220218,20220218,133047500,13:30:48,71510,32687,107569,11665052600,0,0,0
cu2204,20220218,20220218,133048500,13:30:49,71510,32687,107569,11665052600,0,0,0
cu2204,20220218,20220218,133049000,13:30:49,71510,32687,107569,11665052600,0,0,0
cu2204,20220218,20220218,133050500,13:30:51,71520,32690,107569,11666125400,3,0,1072800
cu2204,20220218,20220218,133051000,13:30:52,71520,32697,107576,11668628600,7,7,2503200
cu2204,20220218,20220218,133051500,13:30:52,71530,32698,107577,11668986250,1,1,357650
cu2204,20220218,20220218,133052000,13:30:53,71520,32700,107576,11669701450,2,-1,715200
cu2204,20220218,20220218,133052500,13:30:54,71520,32700,107576,11669701450,0,0,0
cu2204,20220218,20220218,133053000,13:30:54,71520,32700,107576,11669701450,0,0,0
cu2204,20220218,20220218,133053500,13:30:54,71520,32700,107576,11669701450,0,0,0
cu2204,20220218,20220218,133054000,13:30:55,71520,32700,107576,11669701450,0,0,0
cu2204,20220218,20220218,133054500,13:30:55,71520,32700,107576,11669701450,0,0,0
cu2204,20220218,20220218,133055000,13:30:56,71520,32700,107576,11669701450,0,0,0
cu2204,20220218,20220218,133056500,13:30:57,71530,32701,107576,11670059100,1,0,357650
cu2204,20220218,20220218,133057000,13:30:58,71530,32702,107576,11670416750,1,0,357650
cu2204,20220218,20220218,133057500,13:30:58,71530,32702,107576,11670416750,0,0,0
cu2204,20220218,20220218,133058000,13:30:58,71530,32702,107576,11670416750,0,0,0
cu2204,20220218,20220218,133058500,13:30:59,71530,32702,107576,11670416750,0,0,0
cu2204,20220218,20220218,133059000,13:30:59,71530,32702,107576,11670416750,0,0,0
cu2204,20220218,20220218,133059500,13:31:00,71530,32702,107576,11670416750,0,0,0
cu2204,20220218,20220218,133100000,13:31:00,71510,32706,107576,11671847000,4,0,1430250
cu2204,20220218,20220218,133100500,13:31:00,71510,32706,107576,11671847000,0,0,0
cu2204,20220218,20220218,133101000,13:31:01,71510,32706,107576,11671847000,0,0,0
cu2204,20220218,20220218,133101500,13:31:01,71510,32706,107576,11671847000,0,0,0
cu2204,20220218,20220218,133102000,13:31:02,71510,32706,107576,11671847000,0,0,0
cu2204,20220218,20220218,133102500,13:31:03,71510,32706,107576,11671847000,0,0,0
cu2204,20220218,20220218,133103000,13:31:03,71530,32707,107577,11672204650,1,1,357650
cu2204,20220218,20220218,133103500,13:31:05,71530,32707,107577,11672204650,0,0,0
cu2204,20220218,20220218,133104000,13:31:06,71530,32707,107577,11672204650,0,0,0
cu2204,20220218,20220218,133104500,13:31:07,71530,32713,107582,11674350550,6,5,2145900
cu2204,20220218,20220218,133105500,13:31:08,71530,32713,107582,11674350550,0,0,0
cu2204,20220218,20220218,133106500,13:31:08,71530,32713,107582,11674350550,0,0,0
cu2204,20220218,20220218,133107500,13:31:09,71530,32736,107592,11682576500,23,10,8225950
cu2204,20220218,20220218,133108000,13:31:09,71530,32736,107592,11682576500,0,0,0
cu2204,20220218,20220218,133110000,13:31:11,71540,32737,107593,11682934200,1,1,357700
cu2204,20220218,20220218,133110500,13:31:11,71540,32737,107593,11682934200,0,0,0
cu2204,20220218,20220218,133111000,13:31:11,71530,32738,107594,11683291850,1,1,357650
cu2204,20220218,20220218,133111500,13:31:12,71540,32744,107594,11685438050,6,0,2146200
cu2204,20220218,20220218,133113000,13:31:13,71540,32747,107594,11686511150,3,0,1073100
cu2204,20220218,20220218,133113500,13:31:14,71540,32747,107594,11686511150,0,0,0
cu2204,20220218,20220218,133114000,13:31:15,71540,32747,107594,11686511150,0,0,0
cu2204,20220218,20220218,133114500,13:31:15,71540,32747,107594,11686511150,0,0,0
cu2204,20220218,20220218,133117000,13:31:18,71540,32747,107594,11686511150,0,0,0
cu2204,20220218,20220218,133117500,13:31:18,71540,32747,107594,11686511150,0,0,0
cu2204,20220218,20220218,133119000,13:31:19,71550,32757,107594,11690088650,10,0,3577500
cu2204,20220218,20220218,133119500,13:31:20,71550,32757,107594,11690088650,0,0,0
cu2204,20220218,20220218,133120500,13:31:21,71550,32757,107594,11690088650,0,0,0
cu2204,20220218,20220218,133122000,13:31:23,71550,32769,107593,11694381650,12,-1,4293000
cu2204,20220218,20220218,133122500,13:31:25,71550,32769,107593,11694381650,0,0,0
cu2204,20220218,20220218,133123000,13:31:25,71550,32769,107593,11694381650,0,0,0
cu2204,20220218,20220218,133123500,13:31:25,71540,32773,107593,11695812450,4,0,1430800
cu2204,20220218,20220218,133124000,13:31:25,71540,32773,107593,11695812450,0,0,0
cu2204,20220218,20220218,133158000,13:31:58,71540,32776,107592,11696885550,3,-1,1073100
cu2204,20220218,20220218,133158500,13:31:58,71530,32778,107590,11697600850,2,-2,715300
cu2204,20220218,20220218,133159000,13:31:59,71530,32778,107590,11697600850,0,0,0
cu2204,20220218,20220218,133159500,13:32:00,71530,32778,107590,11697600850,0,0,0
cu2204,20220218,20220218,133200500,13:32:01,71530,32778,107590,11697600850,0,0,0
cu2204,20220218,20220218,133201000,13:32:01,71470,32921,107564,11748719350,143,-26,51118500
cu2204,20220218,20220218,133201500,13:32:01,71470,32921,107564,11748719350,0,0,0
cu2204,20220218,20220218,133202000,13:32:03,71470,32921,107564,11748719350,0,0,0
cu2204,20220218,20220218,133202500,13:32:04,71470,32921,107564,11748719350,0,0,0
cu2204,20220218,20220218,133203000,13:32:05,71480,32925,107565,11750148950,4,1,1429600
cu2204,20220218,20220218,133203500,13:32:05,71480,32925,107565,11750148950,0,0,0
cu2204,20220218,20220218,133204000,13:32:05,71480,32925,107565,11750148950,0,0,0
cu2204,20220218,20220218,133205000,13:32:06,71480,32925,107565,11750148950,0,0,0
cu2204,20220218,20220218,133205500,13:32:06,71480,32929,107561,11751578550,4,-4,1429600
cu2204,20220218,20220218,133206000,13:32:07,71480,32929,107561,11751578550,0,0,0
cu2204,20220218,20220218,133206500,13:32:07,71480,32934,107566,11753365550,5,5,1787000
cu2204,20220218,20220218,133207000,13:32:07,71480,32943,107563,11756582150,9,-3,3216600
cu2204,20220218,20220218,133207500,13:32:07,71470,32973,107576,11767303600,30,13,10721450
cu2204,20220218,20220218,133208000,13:32:09,71460,33000,107578,11776951100,27,2,9647500
cu2204,20220218,20220218,133208500,13:32:10,71450,33014,107574,11781953200,14,-4,5002100
cu2204,20220218,20220218,133209000,13:32:10,71440,33027,107572,11786597000,13,-2,4643800
cu2204,20220218,20220218,133209500,13:32:10,71440,33041,107558,11791597800,14,-14,5000800
cu2204,20220218,20220218,133210000,13:32:11,71440,33051,107560,11795169800,10,2,3572000
cu2204,20220218,20220218,133210500,13:32:14,71440,33051,107560,11795169800,0,0,0
cu2204,20220218,20220218,133211000,13:32:14,71440,33051,107560,11795169800,0,0,0
cu2204,20220218,20220218,133213000,13:32:15,71440,33084,107553,11806957550,33,-7,11787750
cu2204,20220218,20220218,133214000,13:32:15,71450,33107,107547,11815174300,23,-6,8216750
cu2204,20220218,20220218,133215000,13:32:16,71450,33107,107547,11815174300,0,0,0
cu2204,20220218,20220218,133215500,13:32:16,71470,33113,107547,11817318250,6,0,2143950
cu2204,20220218,20220218,133216000,13:32:17,71470,33114,107546,11817675600,1,-1,357350
cu2204,20220218,20220218,133216500,13:32:17,71480,33115,107546,11818033000,1,0,357400
cu2204,20220218,20220218,133217000,13:32:17,71480,33115,107546,11818033000,0,0,0
cu2204,20220218,20220218,133217500,13:32:18,71470,33117,107545,11818747700,2,-1,714700
cu2204,20220218,20220218,133218000,13:32:18,71470,33118,107544,11819105050,1,-1,357350
cu2204,20220218,20220218,133218500,13:32:19,71470,33118,107544,11819105050,0,0,0
cu2204,20220218,20220218,133219000,13:32:20,71470,33118,107544,11819105050,0,0,0
cu2204,20220218,20220218,133219500,13:32:20,71480,33120,107545,11819819850,2,1,714800
cu2204,20220218,20220218,133220000,13:32:20,71480,33120,107545,11819819850,0,0,0
cu2204,20220218,20220218,133221000,13:32:22,71480,33121,107546,11820177250,1,1,357400
cu2204,20220218,20220218,133221500,13:32:22,71480,33122,107545,11820534650,1,-1,357400
cu2204,20220218,20220218,133222000,13:32:23,71480,33122,107545,11820534650,0,0,0
cu2204,20220218,20220218,133222500,13:32:24,71480,33122,107545,11820534650,0,0,0
cu2204,20220218,20220218,133223000,13:32:24,71470,33126,107548,11821964050,4,3,1429400
cu2204,20220218,20220218,133223500,13:32:24,71460,33128,107547,11822678650,2,-1,714600
cu2204,20220218,20220218,133224000,13:32:24,71470,33131,107545,11823750700,3,-2,1072050
cu2204,20220218,20220218,133224500,13:32:25,71470,33133,107545,11824465400,2,0,714700
cu2204,20220218,20220218,133226000,13:32:27,71470,33133,107545,11824465400,0,0,0
cu2204,20220218,20220218,133226500,13:32:27,71470,33133,107545,11824465400,0,0,0
cu2204,20220218,20220218,133227000,13:32:27,71470,33133,107545,11824465400,0,0,0
cu2204,20220218,20220218,133227500,13:32:31,71470,33133,107545,11824465400,0,0,0
cu2204,20220218,20220218,133228000,13:32:32,71470,33133,107545,11824465400,0,0,0
cu2204,20220218,20220218,133232000,13:32:35,71470,33133,107545,11824465400,0,0,0
cu2204,20220218,20220218,133232500,13:32:35,71470,33133,107545,11824465400,0,0,0
cu2204,20220218,20220218,133233500,13:32:35,71470,33133,107545,11824465400,0,0,0
cu2204,20220218,20220218,133237500,13:32:38,71470,33133,107545,11824465400,0,0,0
cu2204,20220218,20220218,133238000,13:32:38,71470,33133,107545,11824465400,0,0,0
cu2204,20220218,20220218,133240500,13:32:41,71470,33133,107545,11824465400,0,0,0
cu2204,20220218,20220218,133241000,13:32:41,71470,33133,107545,11824465400,0,0,0
cu2204,20220218,20220218,133241500,13:32:42,71470,33133,107545,11824465400,0,0,0
cu2204,20220218,20220218,133245500,13:32:45,71460,33136,107544,11825537400,3,-1,1072000
cu2204,20220218,20220218,133246000,13:32:47,71460,33136,107544,11825537400,0,0,0
cu2204,20220218,20220218,133246500,13:32:47,71460,33148,107544,11829825000,12,0,4287600
cu2204,20220218,20220218,133247000,13:32:47,71460,33148,107544,11829825000,0,0,0
cu2204,20220218,20220218,133247500,13:32:48,71460,33148,107544,11829825000,0,0,0
cu2204,20220218,20220218,133248000,13:32:49,71460,33148,107544,11829825000,0,0,0
cu2204,20220218,20220218,133248500,13:32:49,71460,33148,107544,11829825000,0,0,0
cu2204,20220218,20220218,133249000,13:32:49,71460,33148,107544,11829825000,0,0,0
cu2204,20220218,20220218,133249500,13:32:50,71460,33148,107544,11829825000,0,0,0
cu2204,20220218,20220218,133250000,13:32:50,71460,33149,107545,11830182300,1,1,357300
cu2204,20220218,20220218,133250500,13:32:52,71460,33149,107545,11830182300,0,0,0
cu2204,20220218,20220218,133251000,13:32:52,71460,33149,107545,11830182300,0,0,0
cu2204,20220218,20220218,133251500,13:32:53,71460,33152,107547,11831254200,3,2,1071900
cu2204,20220218,20220218,133252500,13:32:53,71460,33152,107547,11831254200,0,0,0
cu2204,20220218,20220218,133253000,13:32:53,71450,33153,107546,11831611450,1,-1,357250
cu2204,20220218,20220218,133253500,13:32:54,71450,33153,107546,11831611450,0,0,0
cu2204,20220218,20220218,133254000,13:32:54,71460,33155,107546,11832326050,2,0,714600
cu2204,20220218,20220218,133255000,13:32:55,71450,33215,107577,11853761500,60,31,21435450
cu2204,20220218,20220218,133255500,13:32:55,71450,33221,107577,11855905000,6,0,2143500
cu2204,20220218,20220218,133256000,13:32:56,71460,33222,107577,11856262300,1,0,357300
cu2204,20220218,20220218,133256500,13:32:56,71460,33226,107581,11857691500,4,4,1429200
cu2204,20220218,20220218,133257000,13:32:59,71460,33226,107581,11857691500,0,0,0
cu2204,20220218,20220218,133258000,13:33:00,71460,33226,107581,11857691500,0,0,0
cu2204,20220218,20220218,133258500,13:33:00,71460,33226,107581,11857691500,0,0,0
cu2204,20220218,20220218,133259500,13:33:01,71460,33227,107580,11858048800,1,-1,357300
cu2204,20220218,20220218,133300500,13:33:01,71460,33227,107580,11858048800,0,0,0
cu2204,20220218,20220218,133301500,13:33:02,71460,33227,107580,11858048800,0,0,0
cu2204,20220218,20220218,133302000,13:33:03,71460,33227,107580,11858048800,0,0,0
cu2204,20220218,20220218,133303000,13:33:04,71460,33227,107580,11858048800,0,0,0
cu2204,20220218,20220218,133305500,13:33:06,71450,33228,107580,11858406050,1,0,357250
cu2204,20220218,20220218,133306000,13:33:06,71450,33228,107580,11858406050,0,0,0
cu2204,20220218,20220218,133306500,13:33:06,71450,33228,107580,11858406050,0,0,0
cu2204,20220218,20220218,133307500,13:33:08,71460,33233,107580,11860192550,5,0,1786500
cu2204,20220218,20220218,133308000,13:33:08,71460,33233,107580,11860192550,0,0,0
cu2204,20220218,20220218,133308500,13:33:09,71460,33238,107584,11861979050,5,4,1786500
cu2204,20220218,20220218,133309000,13:33:09,71460,33238,107584,11861979050,0,0,0
cu2204,20220218,20220218,133309500,13:33:10,71460,33238,107584,11861979050,0,0,0
cu2204,20220218,20220218,133312000,13:33:14,71470,33240,107582,11862693750,2,-2,714700
cu2204,20220218,20220218,133313500,13:33:15,71470,33267,107584,11872342200,27,2,9648450
cu2204,20220218,20220218,133314000,13:33:17,71470,33267,107584,11872342200,0,0,0
cu2204,20220218,20220218,133314500,13:33:17,71470,33267,107584,11872342200,0,0,0
cu2204,20220218,20220218,133316500,13:33:18,71470,33267,107584,11872342200,0,0,0
cu2204,20220218,20220218,133318000,13:33:19,71480,33272,107586,11874129200,5,2,1787000
cu2204,20220218,20220218,133318500,13:33:19,71480,33272,107586,11874129200,0,0,0
cu2204,20220218,20220218,133319000,13:33:20,71480,33272,107586,11874129200,0,0,0
cu2204,20220218,20220218,133319500,13:33:20,71480,33272,107586,11874129200,0,0,0
cu2204,20220218,20220218,133322000,13:33:22,71480,33272,107586,11874129200,0,0,0
cu2204,20220218,20220218,133322500,13:33:22,71470,33300,107585,11884135000,28,-1,10005800
cu2204,20220218,20220218,133323000,13:33:23,71470,33301,107585,11884492350,1,0,357350
cu2204,20220218,20220218,133323500,13:33:24,71470,33301,107585,11884492350,0,0,0
cu2204,20220218,20220218,133324000,13:33:24,71470,33301,107585,11884492350,0,0,0
cu2204,20220218,20220218,133324500,13:33:25,71460,33302,107584,11884849650,1,-1,357300
cu2204,20220218,20220218,133325000,13:33:26,71460,33302,107584,11884849650,0,0,0
cu2204,20220218,20220218,133325500,13:33:27,71460,33302,107584,11884849650,0,0,0
cu2204,20220218,20220218,133326000,13:33:28,71460,33302,107584,11884849650,0,0,0
cu2204,20220218,20220218,133326500,13:33:29,71460,33302,107584,11884849650,0,0,0
cu2204,20220218,20220218,133328500,13:33:30,71460,33303,107584,11885206950,1,0,357300
cu2204,20220218,20220218,133333500,13:33:33,71460,33303,107584,11885206950,0,0,0
cu2204,20220218,20220218,133334000,13:33:34,71460,33303,107584,11885206950,0,0,0
cu2204,20220218,20220218,133334500,13:33:34,71460,33304,107585,11885564250,1,1,357300
cu2204,20220218,20220218,133335000,13:33:35,71460,33304,107585,11885564250,0,0,0
cu2204,20220218,20220218,133335500,13:33:35,71470,33308,107585,11886993650,4,0,1429400
cu2204,20220218,20220218,133336000,13:33:36,71470,33309,107584,11887351000,1,-1,357350
cu2204,20220218,20220218,133336500,13:33:36,71460,33310,107583,11887708300,1,-1,357300
cu2204,20220218,20220218,133337000,13:33:37,71470,33311,107583,11888065650,1,0,357350
cu2204,20220218,20220218,133337500,13:33:37,71470,33311,107583,11888065650,0,0,0
cu2204,20220218,20220218,133338000,13:33:38,71470,33328,107584,11894140600,17,1,6074950
cu2204,20220218,20220218,133338500,13:33:39,71470,33335,107578,11896642050,7,-6,2501450
cu2204,20220218,20220218,133339000,13:33:39,71470,33335,107578,11896642050,0,0,0
cu2204,20220218,20220218,133339500,13:33:40,71470,33335,107578,11896642050,0,0,0
cu2204,20220218,20220218,133340000,13:33:40,71470,33335,107578,11896642050,0,0,0
cu2204,20220218,20220218,133340500,13:33:41,71470,33335,107578,11896642050,0,0,0
cu2204,20220218,20220218,133341500,13:33:42,71470,33335,107578,11896642050,0,0,0
cu2204,20220218,20220218,133342000,13:33:42,71470,33336,107577,11896999400,1,-1,357350
cu2204,20220218,20220218,133343500,13:33:44,71470,33336,107577,11896999400,0,0,0
cu2204,20220218,20220218,133344500,13:33:45,71480,33337,107576,11897356800,1,-1,357400
cu2204,20220218,20220218,133345000,13:33:45,71480,33337,107576,11897356800,0,0,0
cu2204,20220218,20220218,133345500,13:33:47,71480,33337,107576,11897356800,0,0,0
cu2204,20220218,20220218,133346000,13:33:47,71480,33337,107576,11897356800,0,0,0
cu2204,20220218,20220218,133347500,13:33:49,71480,33343,107576,11899501200,6,0,2144400
cu2204,20220218,20220218,133348000,13:33:49,71480,33343,107576,11899501200,0,0,0
cu2204,20220218,20220218,133348500,13:33:49,71480,33343,107576,11899501200,0,0,0
cu2204,20220218,20220218,133349000,13:33:50,71480,33343,107576,11899501200,0,0,0
cu2204,20220218,20220218,133349500,13:33:50,71480,33343,107576,11899501200,0,0,0
cu2204,20220218,20220218,133350000,13:33:50,71480,33343,107576,11899501200,0,0,0
cu2204,20220218,20220218,133350500,13:33:50,71480,33343,107576,11899501200,0,0,0
cu2204,20220218,20220218,133352000,13:33:52,71480,33345,107576,11900216000,2,0,714800
cu2204,20220218,20220218,133352500,13:33:52,71480,33345,107576,11900216000,0,0,0
cu2204,20220218,20220218,133353500,13:33:53,71480,33345,107576,11900216000,0,0,0
cu2204,20220218,20220218,133355000,13:33:56,71480,33359,107576,11905219600,14,0,5003600
cu2204,20220218,20220218,133355500,13:33:56,71470,33360,107575,11905576950,1,-1,357350
cu2204,20220218,20220218,133356000,13:33:57,71470,33366,107580,11907721050,6,5,2144100
cu2204,20220218,20220218,133356500,13:33:57,71460,33377,107583,11911651350,11,3,3930300
cu2204,20220218,20220218,133358000,13:33:58,71460,33377,107583,11911651350,0,0,0
cu2204,20220218,20220218,133358500,13:33:59,71460,33378,107582,11912008650,1,-1,357300
cu2204,20220218,20220218,133359000,13:33:59,71460,33378,107582,11912008650,0,0,0
cu2204,20220218,20220218,133400500,13:34:01,71460,33378,107582,11912008650,0,0,0
cu2204,20220218,20220218,133401000,13:34:02,71460,33378,107582,11912008650,0,0,0
cu2204,20220218,20220218,133401500,13:34:02,71460,33399,107568,11919511950,21,-14,7503300
cu2204,20220218,20220218,133402000,13:34:10,71460,33409,107569,11923084950,10,1,3573000
cu2204,20220218,20220218,133402500,13:34:10,71460,33409,107569,11923084950,0,0,0
cu2204,20220218,20220218,133403000,13:34:10,71460,33409,107569,11923084950,0,0,0
cu2204,20220218,20220218,133409500,13:34:12,71450,33450,107569,11937733300,41,0,14648350
cu2204,20220218,20220218,133412000,13:34:12,71450,33450,107569,11937733300,0,0,0
cu2204,20220218,20220218,133413000,13:34:13,71450,33453,107572,11938805050,3,3,1071750
cu2204,20220218,20220218,133414000,13:34:14,71450,33461,107579,11941663050,8,7,2858000
cu2204,20220218,20220218,133414500,13:34:15,71460,33465,107579,11943092250,4,0,1429200
cu2204,20220218,20220218,133415000,13:34:15,71460,33470,107584,11944878750,5,5,1786500
cu2204,20220218,20220218,133416000,13:34:16,71460,33470,107584,11944878750,0,0,0
cu2204,20220218,20220218,133416500,13:34:17,71460,33470,107584,11944878750,0,0,0
cu2204,20220218,20220218,133417000,13:34:17,71460,33479,107593,11948094450,9,9,3215700
cu2204,20220218,20220218,133417500,13:34:17,71460,33479,107593,11948094450,0,0,0
cu2204,20220218,20220218,133418000,13:34:18,71450,33511,107623,11959527950,32,30,11433500
cu2204,20220218,20220218,133418500,13:34:19,71450,33544,107619,11971318250,33,-4,11790300
cu2204,20220218,20220218,133419000,13:34:19,71460,33571,107623,11980964450,27,4,9646200
cu2204,20220218,20220218,133419500,13:34:20,71460,33571,107623,11980964450,0,0,0
cu2204,20220218,20220218,133420000,13:34:20,71460,33572,107624,11981321750,1,1,357300
cu2204,20220218,20220218,133420500,13:34:23,71450,33573,107624,11981679000,1,0,357250
cu2204,20220218,20220218,133421000,13:34:23,71450,33576,107624,11982750750,3,0,1071750
cu2204,20220218,20220218,133423000,13:34:24,71450,33578,107624,11983465250,2,0,714500
cu2204,20220218,20220218,133423500,13:34:24,71450,33578,107624,11983465250,0,0,0
cu2204,20220218,20220218,133424000,13:34:24,71450,33578,107624,11983465250,0,0,0
cu2204,20220218,20220218,133426500,13:34:26,71450,33578,107624,11983465250,0,0,0
cu2204,20220218,20220218,133427500,13:34:28,71450,33578,107624,11983465250,0,0,0
cu2204,20220218,20220218,133428000,13:34:28,71450,33578,107624,11983465250,0,0,0
cu2204,20220218,20220218,133428500,13:34:29,71450,33578,107624,11983465250,0,0,0
cu2204,20220218,20220218,133430000,13:34:30,71450,33581,107626,11984537000,3,2,1071750
cu2204,20220218,20220218,133430500,13:34:30,71450,33589,107634,11987395000,8,8,2858000
cu2204,20220218,20220218,133431000,13:34:31,71450,33589,107634,11987395000,0,0,0
cu2204,20220218,20220218,133431500,13:34:31,71460,33590,107635,11987752300,1,1,357300
cu2204,20220218,20220218,133432000,13:34:32,71460,33590,107635,11987752300,0,0,0
cu2204,20220218,20220218,133432500,13:34:32,71450,33595,107635,11989538550,5,0,1786250
cu2204,20220218,20220218,133433000,13:34:34,71450,33597,107635,11990253050,2,0,714500
cu2204,20220218,20220218,133433500,13:34:34,71450,33597,107635,11990253050,0,0,0
cu2204,20220218,20220218,133434000,13:34:34,71440,33599,107637,11990967450,2,2,714400
cu2204,20220218,20220218,133434500,13:34:35,71430,33654,107588,12010612300,55,-49,19644850
cu2204,20220218,20220218,133435000,13:34:35,71430,33657,107590,12011683850,3,2,1071550
cu2204,20220218,20220218,133435500,13:34:36,71430,33662,107592,12013469600,5,2,1785750
cu2204,20220218,20220218,133436000,13:34:36,71430,33662,107592,12013469600,0,0,0
cu2204,20220218,20220218,133436500,13:34:36,71430,33666,107594,12014898200,4,2,1428600
cu2204,20220218,20220218,133437000,13:34:37,71430,33667,107595,12015255350,1,1,357150
cu2204,20220218,20220218,133437500,13:34:38,71430,33668,107595,12015612500,1,0,357150
cu2204,20220218,20220218,133438000,13:34:38,71430,33670,107595,12016326800,2,0,714300
cu2204,20220218,20220218,133438500,13:34:39,71420,33677,107601,12018826800,7,6,2500000
cu2204,20220218,20220218,133439000,13:34:39,71420,33695,107588,12025254600,18,-13,6427800
cu2204,20220218,20220218,133439500,13:34:39,71430,33702,107590,12027754650,7,2,2500050
cu2204,20220218,20220218,133440000,13:34:40,71430,33707,107591,12029540400,5,1,1785750
cu2204,20220218,20220218,133440500,13:34:41,71430,33710,107594,12030611850,3,3,1071450
cu2204,20220218,20220218,133441000,13:34:41,71430,33710,107594,12030611850,0,0,0
cu2204,20220218,20220218,133441500,13:34:43,71430,33710,107594,12030611850,0,0,0
cu2204,20220218,20220218,133442000,13:34:44,71430,33710,107594,12030611850,0,0,0
cu2204,20220218,20220218,133442500,13:34:44,71430,33710,107594,12030611850,0,0,0
cu2204,20220218,20220218,133443500,13:34:45,71440,33714,107593,12032040600,4,-1,1428750
cu2204,20220218,20220218,133444000,13:34:45,71420,33715,107592,12032397700,1,-1,357100
cu2204,20220218,20220218,133444500,13:34:46,71430,33716,107593,12032754850,1,1,357150
cu2204,20220218,20220218,133445000,13:34:46,71430,33716,107593,12032754850,0,0,0
cu2204,20220218,20220218,133445500,13:34:46,71430,33716,107593,12032754850,0,0,0
cu2204,20220218,20220218,133446500,13:34:47,71430,33717,107593,12033112000,1,0,357150
cu2204,20220218,20220218,133447000,13:34:47,71430,33720,107590,12034183450,3,-3,1071450
cu2204,20220218,20220218,133447500,13:34:48,71430,33720,107590,12034183450,0,0,0
cu2204,20220218,20220218,133448000,13:34:48,71430,33720,107590,12034183450,0,0,0
cu2204,20220218,20220218,133448500,13:34:49,71430,33720,107590,12034183450,0,0,0
cu2204,20220218,20220218,133451500,13:34:52,71430,33722,107592,12034897750,2,2,714300
cu2204,20220218,20220218,133452000,13:34:52,71430,33723,107593,12035254900,1,1,357150
cu2204,20220218,20220218,133452500,13:34:53,71430,33727,107594,12036683500,4,1,1428600
cu2204,20220218,20220218,133453000,13:34:53,71430,33727,107594,12036683500,0,0,0
cu2204,20220218,20220218,133455500,13:34:56,71440,33729,107594,12037397900,2,0,714400
cu2204,20220218,20220218,133456000,13:34:57,71440,33729,107594,12037397900,0,0,0
cu2204,20220218,20220218,133456500,13:34:57,71430,33730,107595,12037755050,1,1,357150
cu2204,20220218,20220218,133500000,13:35:00,71430,33730,107595,12037755050,0,0,0
cu2204,20220218,20220218,133500500,13:35:00,71430,33730,107595,12037755050,0,0,0
cu2204,20220218,20220218,133501000,13:35:04,71430,33730,107595,12037755050,0,0,0
cu2204,20220218,20220218,133502000,13:35:10,71430,33730,107595,12037755050,0,0,0
cu2204,20220218,20220218,133503500,13:35:10,71430,33730,107595,12037755050,0,0,0
cu2204,20220218,20220218,133505000,13:35:10,71430,33752,107611,12045613100,22,16,7858050
cu2204,20220218,20220218,133510000,13:35:10,71430,33752,107611,12045613100,0,0,0
cu2204,20220218,20220218,133510500,13:35:11,71430,33752,107611,12045613100,0,0,0
cu2204,20220218,20220218,133511500,13:35:12,71440,33786,107614,12057756800,34,3,12143700
cu2204,20220218,20220218,133512000,13:35:13,71440,33787,107614,12058114000,1,0,357200
cu2204,20220218,20220218,133512500,13:35:13,71440,33787,107614,12058114000,0,0,0
cu2204,20220218,20220218,133513000,13:35:13,71440,33787,107614,12058114000,0,0,0
cu2204,20220218,20220218,133513500,13:35:14,71440,33787,107614,12058114000,0,0,0
cu2204,20220218,20220218,133514000,13:35:14,71440,33787,107614,12058114000,0,0,0
cu2204,20220218,20220218,133515000,13:35:15,71450,33791,107612,12059543000,4,-2,1429000
cu2204,20220218,20220218,133515500,13:35:16,71450,33791,107612,12059543000,0,0,0
cu2204,20220218,20220218,133517000,13:35:17,71450,33791,107612,12059543000,0,0,0
cu2204,20220218,20220218,133517500,13:35:18,71450,33793,107614,12060257500,2,2,714500
cu2204,20220218,20220218,133518000,13:35:19,71460,33794,107615,12060614800,1,1,357300
cu2204,20220218,20220218,133518500,13:35:19,71460,33794,107615,12060614800,0,0,0
cu2204,20220218,20220218,133520000,13:35:20,71460,33794,107615,12060614800,0,0,0
cu2204,20220218,20220218,133520500,13:35:21,71460,33794,107615,12060614800,0,0,0
cu2204,20220218,20220218,133521000,13:35:21,71450,33795,107614,12060972050,1,-1,357250
cu2204,20220218,20220218,133521500,13:35:22,71450,33795,107614,12060972050,0,0,0
cu2204,20220218,20220218,133522000,13:35:22,71460,33796,107615,12061329350,1,1,357300
cu2204,20220218,20220218,133522500,13:35:23,71460,33796,107615,12061329350,0,0,0
cu2204,20220218,20220218,133523000,13:35:23,71460,33796,107615,12061329350,0,0,0
cu2204,20220218,20220218,133523500,13:35:23,71460,33796,107615,12061329350,0,0,0
cu2204,20220218,20220218,133524000,13:35:25,71460,33796,107615,12061329350,0,0,0
cu2204,20220218,20220218,133524500,13:35:25,71460,33840,107654,12077050550,44,39,15721200
cu2204,20220218,20220218,133525000,13:35:25,71460,33857,107668,12083124650,17,14,6074100
cu2204,20220218,20220218,133525500,13:35:26,71470,33864,107675,12085626100,7,7,2501450
cu2204,20220218,20220218,133526000,13:35:26,71480,33867,107676,12086698250,3,1,1072150
cu2204,20220218,20220218,133526500,13:35:27,71480,33867,107676,12086698250,0,0,0
cu2204,20220218,20220218,133527000,13:35:27,71480,33867,107676,12086698250,0,0,0
cu2204,20220218,20220218,133528000,13:35:32,71480,33879,107678,12090987050,12,2,4288800
cu2204,20220218,20220218,133531000,13:35:33,71480,33879,107678,12090987050,0,0,0
cu2204,20220218,20220218,133531500,13:35:41,71480,33879,107678,12090987050,0,0,0
cu2204,20220218,20220218,133532000,13:35:42,71480,33879,107678,12090987050,0,0,0
cu2204,20220218,20220218,133540500,13:35:43,71480,33879,107678,12090987050,0,0,0
cu2204,20220218,20220218,133541500,13:35:43,71480,33879,107678,12090987050,0,0,0
cu2204,20220218,20220218,133543500,13:35:44,71480,33879,107678,12090987050,0,0,0
cu2204,20220218,20220218,133544000,13:35:44,71480,33879,107678,12090987050,0,0,0
cu2204,20220218,20220218,133545000,13:35:46,71470,33903,107694,12099564350,24,16,8577300
cu2204,20220218,20220218,133548000,13:35:48,71470,33904,107695,12099921700,1,1,357350
cu2204,20220218,20220218,133548500,13:35:48,71470,33904,107695,12099921700,0,0,0
cu2204,20220218,20220218,133549000,13:35:49,71470,33904,107695,12099921700,0,0,0
cu2204,20220218,20220218,133549500,13:35:49,71470,33904,107695,12099921700,0,0,0
cu2204,20220218,20220218,133550000,13:35:50,71470,33904,107695,12099921700,0,0,0
cu2204,20220218,20220218,133550500,13:35:50,71470,33904,107695,12099921700,0,0,0
cu2204,20220218,20220218,133551000,13:35:51,71470,33904,107695,12099921700,0,0,0
cu2204,20220218,20220218,133552000,13:35:52,71480,33907,107695,12100993900,3,0,1072200
cu2204,20220218,20220218,133552500,13:35:53,71480,33913,107699,12103138300,6,4,2144400
cu2204,20220218,20220218,133553000,13:35:53,71480,33913,107699,12103138300,0,0,0
cu2204,20220218,20220218,133553500,13:35:55,71480,33913,107699,12103138300,0,0,0
cu2204,20220218,20220218,133555500,13:35:56,71480,33913,107699,12103138300,0,0,0
cu2204,20220218,20220218,133556000,13:35:56,71480,33913,107699,12103138300,0,0,0
cu2204,20220218,20220218,133558000,13:36:01,71480,33914,107699,12103495700,1,0,357400
cu2204,20220218,20220218,133559500,13:36:03,71500,33960,107742,12119938450,46,43,16442750
cu2204,20220218,20220218,133601500,13:36:03,71500,33960,107742,12119938450,0,0,0
cu2204,20220218,20220218,133602500,13:36:03,71500,33962,107744,12120653450,2,2,715000
cu2204,20220218,20220218,133603000,13:36:05,71500,33962,107744,12120653450,0,0,0
cu2204,20220218,20220218,133603500,13:36:05,71500,33962,107744,12120653450,0,0,0
cu2204,20220218,20220218,133605000,13:36:06,71500,33962,107744,12120653450,0,0,0
cu2204,20220218,20220218,133606000,13:36:07,71500,33962,107744,12120653450,0,0,0
cu2204,20220218,20220218,133608000,13:36:08,71490,33964,107746,12121368350,2,2,714900
cu2204,20220218,20220218,133608500,13:36:09,71500,33972,107747,12124228000,8,1,2859650
cu2204,20220218,20220218,133609500,13:36:10,71500,33972,107747,12124228000,0,0,0
cu2204,20220218,20220218,133610000,13:36:11,71500,33972,107747,12124228000,0,0,0
cu2204,20220218,20220218,133610500,13:36:11,71500,33973,107748,12124585500,1,1,357500
cu2204,20220218,20220218,133614500,13:36:14,71500,33973,107748,12124585500,0,0,0
cu2204,20220218,20220218,133618000,13:36:19,71500,33973,107748,12124585500,0,0,0
cu2204,20220218,20220218,133620000,13:36:20,71500,33973,107748,12124585500,0,0,0
cu2204,20220218,20220218,133620500,13:36:20,71500,33974,107749,12124943000,1,1,357500
cu2204,20220218,20220218,133621500,13:36:21,71500,33974,107749,12124943000,0,0,0
cu2204,20220218,20220218,133623500,13:36:23,71500,33974,107749,12124943000,0,0,0
cu2204,20220218,20220218,133624000,13:36:24,71500,33974,107749,12124943000,0,0,0
cu2204,20220218,20220218,133626000,13:36:26,71480,33975,107750,12125300400,1,1,357400
cu2204,20220218,20220218,133626500,13:36:27,71480,33975,107750,12125300400,0,0,0
cu2204,20220218,20220218,133628500,13:36:29,71480,33981,107747,12127444800,6,-3,2144400
cu2204,20220218,20220218,133629000,13:36:30,71480,33981,107747,12127444800,0,0,0
cu2204,20220218,20220218,133629500,13:36:30,71490,33982,107747,12127802250,1,0,357450
cu2204,20220218,20220218,133630000,13:36:30,71490,33991,107747,12131019300,9,0,3217050
cu2204,20220218,20220218,133630500,13:36:31,71490,33994,107747,12132091650,3,0,1072350
cu2204,20220218,20220218,133631000,13:36:31,71490,34004,107757,12135666150,10,10,3574500
cu2204,20220218,20220218,133631500,13:36:31,71490,34016,107761,12139955550,12,4,4289400
cu2204,20220218,20220218,133632000,13:36:32,71490,34021,107761,12141742800,5,0,1787250
cu2204,20220218,20220218,133632500,13:36:32,71490,34029,107761,12144602400,8,0,2859600
cu2204,20220218,20220218,133633500,13:36:34,71490,34032,107763,12145674750,3,2,1072350
cu2204,20220218,20220218,133634000,13:36:34,71490,34042,107773,12149249250,10,10,3574500
cu2204,20220218,20220218,133634500,13:36:35,71490,34042,107773,12149249250,0,0,0
cu2204,20220218,20220218,133636000,13:36:36,71490,34042,107773,12149249250,0,0,0
cu2204,20220218,20220218,133636500,13:36:36,71490,34052,107783,12152823750,10,10,3574500
cu2204,20220218,20220218,133637000,13:36:38,71490,34062,107793,12156398250,10,10,3574500
cu2204,20220218,20220218,133637500,13:36:38,71490,34063,107794,12156755700,1,1,357450
cu2204,20220218,20220218,133638000,13:36:39,71490,34063,107794,12156755700,0,0,0
cu2204,20220218,20220218,133638500,13:36:39,71490,34063,107794,12156755700,0,0,0
cu2204,20220218,20220218,133639000,13:36:39,71490,34063,107794,12156755700,0,0,0
cu2204,20220218,20220218,133640500,13:36:40,71490,34063,107794,12156755700,0,0,0
cu2204,20220218,20220218,133641000,13:36:41,71490,34063,107794,12156755700,0,0,0
cu2204,20220218,20220218,133643000,13:36:43,71490,34063,107794,12156755700,0,0,0
cu2204,20220218,20220218,133643500,13:36:44,71490,34063,107794,12156755700,0,0,0
cu2204,20220218,20220218,133644000,13:36:44,71490,34064,107794,12157113150,1,0,357450
cu2204,20220218,20220218,133644500,13:36:44,71490,34064,107794,12157113150,0,0,0
cu2204,20220218,20220218,133645000,13:36:45,71490,34064,107794,12157113150,0,0,0
cu2204,20220218,20220218,133645500,13:36:46,71490,34064,107794,12157113150,0,0,0
cu2204,20220218,20220218,133651500,13:36:52,71490,34064,107794,12157113150,0,0,0
cu2204,20220218,20220218,133652000,13:36:52,71490,34064,107794,12157113150,0,0,0
cu2204,20220218,20220218,133652500,13:36:53,71490,34064,107794,12157113150,0,0,0
cu2204,20220218,20220218,133653000,13:36:53,71490,34065,107794,12157470600,1,0,357450
cu2204,20220218,20220218,133653500,13:36:54,71500,34069,107798,12158900600,4,4,1430000
cu2204,20220218,20220218,133654000,13:36:54,71490,34070,107798,12159258050,1,0,357450
cu2204,20220218,20220218,133657000,13:36:58,71500,34071,107799,12159615550,1,1,357500
cu2204,20220218,20220218,133657500,13:36:58,71500,34071,107799,12159615550,0,0,0
cu2204,20220218,20220218,133658000,13:36:58,71500,34073,107801,12160330550,2,2,715000
cu2204,20220218,20220218,133658500,13:36:59,71500,34073,107801,12160330550,0,0,0
cu2204,20220218,20220218,133700500,13:37:00,71500,34073,107801,12160330550,0,0,0
cu2204,20220218,20220218,133701000,13:37:01,71490,34081,107801,12163190150,8,0,2859600
cu2204,20220218,20220218,133701500,13:37:02,71490,34081,107801,12163190150,0,0,0
cu2204,20220218,20220218,133704500,13:37:05,71490,34081,107801,12163190150,0,0,0
cu2204,20220218,20220218,133705000,13:37:05,71490,34081,107801,12163190150,0,0,0
cu2204,20220218,20220218,133707500,13:37:08,71490,34086,107806,12164977400,5,5,1787250
cu2204,20220218,20220218,133708500,13:37:08,71490,34086,107806,12164977400,0,0,0
cu2204,20220218,20220218,133711500,13:37:13,71490,34086,107806,12164977400,0,0,0
cu2204,20220218,20220218,133712000,13:37:13,71490,34086,107806,12164977400,0,0,0
cu2204,20220218,20220218,133713000,13:37:14,71490,34086,107806,12164977400,0,0,0
cu2204,20220218,20220218,133713500,13:37:14,71500,34088,107805,12165692400,2,-1,715000
cu2204,20220218,20220218,133714000,13:37:14,71500,34090,107803,12166407400,2,-2,715000
cu2204,20220218,20220218,133714500,13:37:15,71500,34091,107802,12166764900,1,-1,357500
cu2204,20220218,20220218,133715000,13:37:15,71500,34091,107802,12166764900,0,0,0
cu2204,20220218,20220218,133715500,13:37:16,71500,34091,107802,12166764900,0,0,0
cu2204,20220218,20220218,133716500,13:37:17,71500,34091,107802,12166764900,0,0,0
cu2204,20220218,20220218,133717500,13:37:18,71500,34091,107802,12166764900,0,0,0
cu2204,20220218,20220218,133718000,13:37:19,71500,34092,107802,12167122400,1,0,357500
cu2204,20220218,20220218,133719500,13:37:20,71500,34092,107802,12167122400,0,0,0
cu2204,20220218,20220218,133720000,13:37:21,71500,34100,107797,12169982400,8,-5,2860000
cu2204,20220218,20220218,133721000,13:37:21,71500,34100,107797,12169982400,0,0,0
cu2204,20220218,20220218,133721500,13:37:22,71500,34100,107797,12169982400,0,0,0
cu2204,20220218,20220218,133722500,13:37:22,71500,34100,107797,12169982400,0,0,0
cu2204,20220218,20220218,133723500,13:37:23,71500,34104,107798,12171412400,4,1,1430000
cu2204,20220218,20220218,133724000,13:37:24,71500,34106,107798,12172127400,2,0,715000
cu2204,20220218,20220218,133724500,13:37:25,71500,34107,107798,12172484900,1,0,357500
cu2204,20220218,20220218,133725000,13:37:25,71500,34122,107799,12177847400,15,1,5362500
cu2204,20220218,20220218,133725500,13:37:26,71500,34122,107799,12177847400,0,0,0
cu2204,20220218,20220218,133726000,13:37:26,71500,34122,107799,12177847400,0,0,0
cu2204,20220218,20220218,133726500,13:37:27,71500,34122,107799,12177847400,0,0,0
cu2204,20220218,20220218,133727500,13:37:27,71500,34122,107799,12177847400,0,0,0
cu2204,20220218,20220218,133728000,13:37:28,71500,34122,107799,12177847400,0,0,0
cu2204,20220218,20220218,133728500,13:37:28,71500,34122,107799,12177847400,0,0,0
cu2204,20220218,20220218,133729000,13:37:29,71500,34130,107799,12180707400,8,0,2860000
cu2204,20220218,20220218,133729500,13:37:30,71500,34132,107797,12181422400,2,-2,715000
cu2204,20220218,20220218,133733000,13:37:33,71500,34132,107797,12181422400,0,0,0
cu2204,20220218,20220218,133734500,13:37:34,71500,34132,107797,12181422400,0,0,0
cu2204,20220218,20220218,133735000,13:37:35,71500,34132,107797,12181422400,0,0,0
cu2204,20220218,20220218,133735500,13:37:36,71500,34132,107797,12181422400,0,0,0
cu2204,20220218,20220218,133736000,13:37:36,71500,34132,107797,12181422400,0,0,0
cu2204,20220218,20220218,133736500,13:37:37,71500,34132,107797,12181422400,0,0,0
cu2204,20220218,20220218,133737000,13:37:37,71500,34132,107797,12181422400,0,0,0
cu2204,20220218,20220218,133737500,13:37:37,71500,34132,107797,12181422400,0,0,0
cu2204,20220218,20220218,133738000,13:37:38,71500,34132,107797,12181422400,0,0,0
cu2204,20220218,20220218,133738500,13:37:39,71500,34132,107797,12181422400,0,0,0
cu2204,20220218,20220218,133739000,13:37:39,71500,34132,107797,12181422400,0,0,0
cu2204,20220218,20220218,133739500,13:37:39,71500,34132,107797,12181422400,0,0,0
cu2204,20220218,20220218,133740500,13:37:40,71500,34132,107797,12181422400,0,0,0
cu2204,20220218,20220218,133744500,13:37:45,71500,34132,107797,12181422400,0,0,0
cu2204,20220218,20220218,133745000,13:37:45,71490,34138,107796,12183567100,6,-1,2144700
cu2204,20220218,20220218,133745500,13:37:45,71490,34138,107796,12183567100,0,0,0
cu2204,20220218,20220218,133746000,13:37:46,71490,34139,107797,12183924550,1,1,357450
cu2204,20220218,20220218,133746500,13:37:47,71490,34139,107797,12183924550,0,0,0
cu2204,20220218,20220218,133747000,13:37:47,71490,34139,107797,12183924550,0,0,0
cu2204,20220218,20220218,133747500,13:37:48,71490,34139,107797,12183924550,0,0,0
cu2204,20220218,20220218,133748000,13:37:48,71490,34139,107797,12183924550,0,0,0
cu2204,20220218,20220218,133748500,13:37:49,71490,34139,107797,12183924550,0,0,0
cu2204,20220218,20220218,133750500,13:37:51,71490,34140,107798,12184282000,1,1,357450
cu2204,20220218,20220218,133752500,13:37:54,71490,34140,107798,12184282000,0,0,0
cu2204,20220218,20220218,133753500,13:37:55,71490,34140,107798,12184282000,0,0,0
cu2204,20220218,20220218,133755500,13:37:55,71490,34140,107798,12184282000,0,0,0
cu2204,20220218,20220218,133802000,13:38:03,71490,34141,107798,12184639450,1,0,357450
cu2204,20220218,20220218,133802500,13:38:06,71490,34141,107798,12184639450,0,0,0
cu2204,20220218,20220218,133803000,13:38:06,71490,34141,107798,12184639450,0,0,0
cu2204,20220218,20220218,133805000,13:38:06,71490,34143,107799,12185354350,2,1,714900
cu2204,20220218,20220218,133805500,13:38:08,71490,34143,107799,12185354350,0,0,0
cu2204,20220218,20220218,133810500,13:38:11,71490,34143,107799,12185354350,0,0,0
cu2204,20220218,20220218,133811000,13:38:13,71490,34143,107799,12185354350,0,0,0
cu2204,20220218,20220218,133812500,13:38:14,71490,34143,107799,12185354350,0,0,0
cu2204,20220218,20220218,133813500,13:38:15,71490,34143,107799,12185354350,0,0,0
cu2204,20220218,20220218,133815000,13:38:17,71510,34154,107802,12189286850,11,3,3932500
cu2204,20220218,20220218,133817000,13:38:18,71500,34156,107803,12190001900,2,1,715050
cu2204,20220218,20220218,133817500,13:38:18,71500,34156,107803,12190001900,0,0,0
cu2204,20220218,20220218,133818000,13:38:18,71500,34156,107803,12190001900,0,0,0
cu2204,20220218,20220218,133821000,13:38:22,71500,34157,107803,12190359400,1,0,357500
cu2204,20220218,20220218,133821500,13:38:23,71500,34157,107803,12190359400,0,0,0
cu2204,20220218,20220218,133822000,13:38:23,71500,34158,107803,12190716900,1,0,357500
cu2204,20220218,20220218,133822500,13:38:23,71510,34160,107804,12191432000,2,1,715100
cu2204,20220218,20220218,133823000,13:38:24,71510,34160,107804,12191432000,0,0,0
cu2204,20220218,20220218,133823500,13:38:24,71510,34160,107804,12191432000,0,0,0
cu2204,20220218,20220218,133825000,13:38:41,71500,34162,107805,12192147000,2,1,715000
cu2204,20220218,20220218,133839500,13:38:43,71500,34162,107805,12192147000,0,0,0
cu2204,20220218,20220218,133841000,13:38:43,71500,34162,107805,12192147000,0,0,0
cu2204,20220218,20220218,133841500,13:38:43,71500,34162,107805,12192147000,0,0,0
cu2204,20220218,20220218,133842500,13:38:43,71510,34213,107837,12210381950,51,32,18234950
cu2204,20220218,20220218,133843500,13:38:44,71510,34213,107837,12210381950,0,0,0
cu2204,20220218,20220218,133845000,13:38:45,71500,34214,107837,12210739450,1,0,357500
cu2204,20220218,20220218,133849500,13:38:49,71510,34216,107838,12211454550,2,1,715100
cu2204,20220218,20220218,133851000,13:38:51,71510,34216,107838,12211454550,0,0,0
cu2204,20220218,20220218,133902000,13:39:02,71500,34220,107841,12212884550,4,3,1430000
cu2204,20220218,20220218,133912000,13:39:12,71500,34220,107841,12212884550,0,0,0
cu2204,20220218,20220218,133913500,13:39:13,71490,34221,107841,12213242000,1,0,357450
cu2204,20220218,20220218,133914000,13:39:15,71510,34226,107839,12215029750,5,-2,1787750
cu2204,20220218,20220218,133914500,13:39:16,71490,34233,107838,12217531950,7,-1,2502200
cu2204,20220218,20220218,133915000,13:39:18,71490,34235,107838,12218246850,2,0,714900
cu2204,20220218,20220218,133915500,13:39:19,71490,34235,107838,12218246850,0,0,0
cu2204,20220218,20220218,133918000,13:39:19,71490,34235,107838,12218246850,0,0,0
cu2204,20220218,20220218,133919000,13:39:19,71490,34236,107839,12218604300,1,1,357450
cu2204,20220218,20220218,133920000,13:39:20,71490,34236,107839,12218604300,0,0,0
cu2204,20220218,20220218,133922000,13:39:22,71490,34236,107839,12218604300,0,0,0
cu2204,20220218,20220218,133923000,13:39:23,71490,34236,107839,12218604300,0,0,0
cu2204,20220218,20220218,133924000,13:39:24,71490,34238,107839,12219319200,2,0,714900
cu2204,20220218,20220218,133924500,13:39:24,71490,34238,107839,12219319200,0,0,0
cu2204,20220218,20220218,133928500,13:39:28,71490,34238,107839,12219319200,0,0,0
cu2204,20220218,20220218,133933500,13:39:33,71490,34258,107838,12226468200,20,-1,7149000
cu2204,20220218,20220218,133935000,13:39:35,71490,34258,107838,12226468200,0,0,0
cu2204,20220218,20220218,133936000,13:39:36,71490,34258,107838,12226468200,0,0,0
cu2204,20220218,20220218,133937500,13:39:37,71490,34258,107838,12226468200,0,0,0
cu2204,20220218,20220218,133940500,13:39:41,71480,34260,107837,12227183000,2,-1,714800
cu2204,20220218,20220218,133941500,13:39:41,71480,34289,107854,12237547600,29,17,10364600
cu2204,20220218,20220218,133944000,13:39:44,71480,34289,107854,12237547600,0,0,0
cu2204,20220218,20220218,133945000,13:39:45,71470,34290,107853,12237904950,1,-1,357350
cu2204,20220218,20220218,133945500,13:39:46,71470,34294,107853,12239334300,4,0,1429350
cu2204,20220218,20220218,133946000,13:39:47,71490,34320,107864,12248627300,26,11,9293000
cu2204,20220218,20220218,133947000,13:39:47,71490,34320,107864,12248627300,0,0,0
cu2204,20220218,20220218,133947500,13:39:47,71490,34320,107864,12248627300,0,0,0
cu2204,20220218,20220218,133948500,13:39:48,71480,34321,107864,12248984700,1,0,357400
cu2204,20220218,20220218,133949000,13:39:49,71480,34321,107864,12248984700,0,0,0
cu2204,20220218,20220218,133949500,13:39:50,71480,34321,107864,12248984700,0,0,0
cu2204,20220218,20220218,133951000,13:39:51,71480,34321,107864,12248984700,0,0,0
cu2204,20220218,20220218,133951500,13:39:51,71480,34321,107864,12248984700,0,0,0
cu2204,20220218,20220218,133952000,13:39:53,71480,34321,107864,12248984700,0,0,0
cu2204,20220218,20220218,133953500,13:39:54,71480,34321,107864,12248984700,0,0,0
cu2204,20220218,20220218,133954500,13:39:55,71480,34321,107864,12248984700,0,0,0
cu2204,20220218,20220218,133955500,13:39:55,71490,34328,107865,12251486850,7,1,2502150
cu2204,20220218,20220218,133956000,13:39:56,71490,34328,107865,12251486850,0,0,0
cu2204,20220218,20220218,133956500,13:39:57,71490,34330,107865,12252201750,2,0,714900
cu2204,20220218,20220218,133957000,13:39:59,71490,34330,107865,12252201750,0,0,0
cu2204,20220218,20220218,134011000,13:40:13,71490,34337,107869,12254703800,7,4,2502050
cu2204,20220218,20220218,134014000,13:40:14,71480,34338,107870,12255061200,1,1,357400
cu2204,20220218,20220218,134015500,13:40:16,71480,34338,107870,12255061200,0,0,0
cu2204,20220218,20220218,134017000,13:40:17,71490,34339,107869,12255418650,1,-1,357450
cu2204,20220218,20220218,134017500,13:40:18,71490,34345,107870,12257563350,6,1,2144700
cu2204,20220218,20220218,134018000,13:40:19,71490,34348,107873,12258635700,3,3,1072350
cu2204,20220218,20220218,134018500,13:40:19,71490,34349,107873,12258993150,1,0,357450
cu2204,20220218,20220218,134019000,13:40:19,71490,34351,107873,12259708050,2,0,714900
cu2204,20220218,20220218,134020000,13:40:20,71490,34351,107873,12259708050,0,0,0
cu2204,20220218,20220218,134020500,13:40:21,71490,34351,107873,12259708050,0,0,0
cu2204,20220218,20220218,134021500,13:40:22,71490,34351,107873,12259708050,0,0,0
cu2204,20220218,20220218,134022000,13:40:22,71500,34374,107876,12267930550,23,3,8222500
cu2204,20220218,20220218,134022500,13:40:22,71510,34378,107877,12269360700,4,1,1430150
cu2204,20220218,20220218,134023000,13:40:23,71510,34378,107877,12269360700,0,0,0
cu2204,20220218,20220218,134023500,13:40:24,71510,34378,107877,12269360700,0,0,0
cu2204,20220218,20220218,134024000,13:40:24,71510,34378,107877,12269360700,0,0,0
cu2204,20220218,20220218,134024500,13:40:25,71510,34378,107877,12269360700,0,0,0
cu2204,20220218,20220218,134026000,13:40:26,71510,34378,107877,12269360700,0,0,0
cu2204,20220218,20220218,134026500,13:40:27,71510,34378,107877,12269360700,0,0,0
cu2204,20220218,20220218,134027000,13:40:27,71510,34378,107877,12269360700,0,0,0
cu2204,20220218,20220218,134027500,13:40:28,71510,34378,107877,12269360700,0,0,0
cu2204,20220218,20220218,134028000,13:40:28,71510,34378,107877,12269360700,0,0,0
cu2204,20220218,20220218,134028500,13:40:30,71510,34378,107877,12269360700,0,0,0
cu2204,20220218,20220218,134029000,13:40:30,71510,34378,107877,12269360700,0,0,0
cu2204,20220218,20220218,134030500,13:40:31,71510,34378,107877,12269360700,0,0,0
cu2204,20220218,20220218,134031500,13:40:32,71510,34378,107877,12269360700,0,0,0
cu2204,20220218,20220218,134032000,13:40:32,71510,34378,107877,12269360700,0,0,0
cu2204,20220218,20220218,134032500,13:40:32,71510,34379,107877,12269718250,1,0,357550
cu2204,20220218,20220218,134033000,13:40:34,71510,34379,107877,12269718250,0,0,0
cu2204,20220218,20220218,134033500,13:40:34,71510,34380,107876,12270075800,1,-1,357550
cu2204,20220218,20220218,134034000,13:40:34,71500,34381,107877,12270433300,1,1,357500
cu2204,20220218,20220218,134034500,13:40:35,71500,34381,107877,12270433300,0,0,0
cu2204,20220218,20220218,134035000,13:40:35,71500,34381,107877,12270433300,0,0,0
cu2204,20220218,20220218,134036000,13:40:36,71500,34381,107877,12270433300,0,0,0
cu2204,20220218,20220218,134036500,13:40:36,71500,34381,107877,12270433300,0,0,0
cu2204,20220218,20220218,134037000,13:40:37,71500,34381,107877,12270433300,0,0,0
cu2204,20220218,20220218,134037500,13:40:37,71500,34381,107877,12270433300,0,0,0
cu2204,20220218,20220218,134039500,13:40:40,71500,34381,107877,12270433300,0,0,0
cu2204,20220218,20220218,134041000,13:40:42,71500,34381,107877,12270433300,0,0,0
cu2204,20220218,20220218,134041500,13:40:42,71500,34384,107878,12271505800,3,1,1072500
cu2204,20220218,20220218,134042000,13:40:42,71510,34385,107878,12271863350,1,0,357550
cu2204,20220218,20220218,134042500,13:40:42,71510,34385,107878,12271863350,0,0,0
cu2204,20220218,20220218,134044500,13:40:44,71500,34390,107881,12273650850,5,3,1787500
cu2204,20220218,20220218,134045000,13:40:45,71500,34404,107895,12278655850,14,14,5005000
cu2204,20220218,20220218,134045500,13:40:45,71500,34404,107895,12278655850,0,0,0
cu2204,20220218,20220218,134046000,13:40:46,71500,34404,107895,12278655850,0,0,0
cu2204,20220218,20220218,134047000,13:40:47,71500,34404,107895,12278655850,0,0,0
cu2204,20220218,20220218,134050000,13:40:50,71500,34404,107895,12278655850,0,0,0
cu2204,20220218,20220218,134052500,13:40:55,71500,34404,107895,12278655850,0,0,0
cu2204,20220218,20220218,134056000,13:40:58,71500,34404,107895,12278655850,0,0,0
cu2204,20220218,20220218,134057000,13:40:58,71500,34404,107895,12278655850,0,0,0
cu2204,20220218,20220218,134057500,13:40:58,71500,34404,107895,12278655850,0,0,0
cu2204,20220218,20220218,134058000,13:40:58,71500,34404,107895,12278655850,0,0,0
cu2204,20220218,20220218,134059000,13:40:59,71500,34404,107895,12278655850,0,0,0
cu2204,20220218,20220218,134059500,13:41:00,71500,34404,107895,12278655850,0,0,0
cu2204,20220218,20220218,134104000,13:41:05,71500,34404,107895,12278655850,0,0,0
cu2204,20220218,20220218,134105000,13:41:06,71500,34404,107895,12278655850,0,0,0
cu2204,20220218,20220218,134105500,13:41:06,71500,34404,107895,12278655850,0,0,0
cu2204,20220218,20220218,134106500,13:41:07,71510,34414,107903,12282231350,10,8,3575500
cu2204,20220218,20220218,134107000,13:41:09,71520,34416,107903,12282946550,2,0,715200
cu2204,20220218,20220218,134107500,13:41:09,71520,34416,107903,12282946550,0,0,0
cu2204,20220218,20220218,134108000,13:41:09,71520,34416,107903,12282946550,0,0,0
cu2204,20220218,20220218,134109000,13:41:10,71520,34416,107903,12282946550,0,0,0
cu2204,20220218,20220218,134109500,13:41:10,71520,34416,107903,12282946550,0,0,0
cu2204,20220218,20220218,134110000,13:41:10,71520,34416,107903,12282946550,0,0,0
cu2204,20220218,20220218,134112000,13:41:12,71520,34416,107903,12282946550,0,0,0
cu2204,20220218,20220218,134113000,13:41:13,71520,34416,107903,12282946550,0,0,0
cu2204,20220218,20220218,134113500,13:41:13,71520,34416,107903,12282946550,0,0,0
cu2204,20220218,20220218,134114000,13:41:14,71510,34417,107903,12283304100,1,0,357550
cu2204,20220218,20220218,134115500,13:41:16,71510,34417,107903,12283304100,0,0,0
cu2204,20220218,20220218,134116000,13:41:17,71510,34417,107903,12283304100,0,0,0
cu2204,20220218,20220218,134116500,13:41:17,71520,34423,107906,12285449700,6,3,2145600
cu2204,20220218,20220218,134117000,13:41:17,71520,34424,107907,12285807300,1,1,357600
cu2204,20220218,20220218,134117500,13:41:19,71520,34424,107907,12285807300,0,0,0
cu2204,20220218,20220218,134118000,13:41:19,71520,34424,107907,12285807300,0,0,0
cu2204,20220218,20220218,134118500,13:41:19,71520,34424,107907,12285807300,0,0,0
cu2204,20220218,20220218,134119000,13:41:19,71520,34424,107907,12285807300,0,0,0
cu2204,20220218,20220218,134119500,13:41:20,71520,34424,107907,12285807300,0,0,0
cu2204,20220218,20220218,134120500,13:41:23,71520,34424,107907,12285807300,0,0,0
cu2204,20220218,20220218,134121500,13:41:24,71530,34426,107908,12286522600,2,1,715300
cu2204,20220218,20220218,134123000,13:41:24,71520,34428,107908,12287237800,2,0,715200
cu2204,20220218,20220218,134123500,13:41:24,71520,34428,107908,12287237800,0,0,0
cu2204,20220218,20220218,134124000,13:41:24,71520,34428,107908,12287237800,0,0,0
cu2204,20220218,20220218,134124500,13:41:26,71530,34437,107908,12290456650,9,0,3218850
cu2204,20220218,20220218,134125000,13:41:27,71530,34437,107908,12290456650,0,0,0
cu2204,20220218,20220218,134125500,13:41:27,71530,34437,107908,12290456650,0,0,0
cu2204,20220218,20220218,134126500,13:41:27,71530,34440,107906,12291529500,3,-2,1072850
cu2204,20220218,20220218,134127000,13:41:27,71530,34440,107906,12291529500,0,0,0
cu2204,20220218,20220218,134132000,13:41:33,71530,34440,107906,12291529500,0,0,0
cu2204,20220218,20220218,134132500,13:41:33,71530,34440,107906,12291529500,0,0,0
cu2204,20220218,20220218,134133500,13:41:34,71530,34440,107906,12291529500,0,0,0
cu2204,20220218,20220218,134134000,13:41:34,71520,34441,107905,12291887100,1,-1,357600
cu2204,20220218,20220218,134134500,13:41:34,71520,34443,107903,12292602300,2,-2,715200
cu2204,20220218,20220218,134135500,13:41:39,71520,34443,107903,12292602300,0,0,0
cu2204,20220218,20220218,134136500,13:41:40,71530,34457,107915,12297609400,14,12,5007100
cu2204,20220218,20220218,134137000,13:41:40,71530,34457,107915,12297609400,0,0,0
cu2204,20220218,20220218,134139500,13:41:42,71530,34457,107915,12297609400,0,0,0
cu2204,20220218,20220218,134142000,13:41:42,71530,34457,107915,12297609400,0,0,0
cu2204,20220218,20220218,134142500,13:41:42,71520,34467,107910,12301185750,10,-5,3576350
cu2204,20220218,20220218,134143000,13:41:44,71520,34467,107910,12301185750,0,0,0
cu2204,20220218,20220218,134145000,13:41:45,71520,34469,107909,12301900950,2,-1,715200
cu2204,20220218,20220218,134145500,13:41:45,71520,34469,107909,12301900950,0,0,0
cu2204,20220218,20220218,134147000,13:41:47,71520,34469,107909,12301900950,0,0,0
cu2204,20220218,20220218,134147500,13:41:48,71520,34470,107909,12302258550,1,0,357600
cu2204,20220218,20220218,134148000,13:41:48,71520,34471,107910,12302616150,1,1,357600
cu2204,20220218,20220218,134152000,13:41:52,71520,34471,107910,12302616150,0,0,0
cu2204,20220218,20220218,134154000,13:42:02,71520,34471,107910,12302616150,0,0,0
cu2204,20220218,20220218,134154500,13:42:02,71520,34471,107910,12302616150,0,0,0
cu2204,20220218,20220218,134202000,13:42:10,71520,34471,107910,12302616150,0,0,0
cu2204,20220218,20220218,134202500,13:42:11,71520,34471,107910,12302616150,0,0,0
cu2204,20220218,20220218,134205500,13:42:12,71520,34471,107910,12302616150,0,0,0
cu2204,20220218,20220218,134213000,13:42:13,71520,34481,107912,12306191950,10,2,3575800
cu2204,20220218,20220218,134213500,13:42:14,71520,34481,107912,12306191950,0,0,0
cu2204,20220218,20220218,134214000,13:42:14,71520,34481,107912,12306191950,0,0,0
cu2204,20220218,20220218,134214500,13:42:15,71520,34481,107912,12306191950,0,0,0
cu2204,20220218,20220218,134217500,13:42:19,71520,34481,107912,12306191950,0,0,0
cu2204,20220218,20220218,134218000,13:42:20,71520,34481,107912,12306191950,0,0,0
cu2204,20220218,20220218,134220500,13:42:21,71520,34481,107912,12306191950,0,0,0
cu2204,20220218,20220218,134222000,13:42:22,71520,34481,107912,12306191950,0,0,0
cu2204,20220218,20220218,134222500,13:42:22,71520,34481,107912,12306191950,0,0,0
cu2204,20220218,20220218,134223000,13:42:23,71520,34484,107910,12307264750,3,-2,1072800
cu2204,20220218,20220218,134223500,13:42:24,71520,34484,107910,12307264750,0,0,0
cu2204,20220218,20220218,134224000,13:42:24,71520,34484,107910,12307264750,0,0,0
cu2204,20220218,20220218,134225000,13:42:25,71520,34484,107910,12307264750,0,0,0
cu2204,20220218,20220218,134225500,13:42:26,71520,34484,107910,12307264750,0,0,0
cu2204,20220218,20220218,134226500,13:42:28,71520,34484,107910,12307264750,0,0,0
cu2204,20220218,20220218,134227000,13:42:28,71520,34484,107910,12307264750,0,0,0
cu2204,20220218,20220218,134228000,13:42:29,71520,34484,107910,12307264750,0,0,0
cu2204,20220218,20220218,134228500,13:42:29,71520,34484,107910,12307264750,0,0,0
cu2204,20220218,20220218,134255000,13:42:55,71520,34494,107910,12310840750,10,0,3576000
cu2204,20220218,20220218,134256000,13:42:56,71520,34494,107910,12310840750,0,0,0
cu2204,20220218,20220218,134256500,13:42:57,71520,34497,107910,12311913550,3,0,1072800
cu2204,20220218,20220218,134257000,13:42:59,71520,34514,107916,12317993050,17,6,6079500
cu2204,20220218,20220218,134302000,13:43:02,71520,34514,107916,12317993050,0,0,0
cu2204,20220218,20220218,134302500,13:43:03,71520,34514,107916,12317993050,0,0,0
cu2204,20220218,20220218,134303500,13:43:11,71520,34514,107916,12317993050,0,0,0
cu2204,20220218,20220218,134304500,13:43:11,71520,34514,107916,12317993050,0,0,0
cu2204,20220218,20220218,134305000,13:43:12,71520,34519,107921,12319781050,5,5,1788000
cu2204,20220218,20220218,134306500,13:43:12,71520,34519,107921,12319781050,0,0,0
cu2204,20220218,20220218,134312000,13:43:14,71520,34520,107921,12320138650,1,0,357600
cu2204,20220218,20220218,134314000,13:43:14,71520,34520,107921,12320138650,0,0,0
cu2204,20220218,20220218,134314500,13:43:15,71520,34520,107921,12320138650,0,0,0
cu2204,20220218,20220218,134315000,13:43:15,71520,34520,107921,12320138650,0,0,0
cu2204,20220218,20220218,134315500,13:43:15,71510,34565,107925,12336230600,45,4,16091950
cu2204,20220218,20220218,134316000,13:43:16,71510,34565,107925,12336230600,0,0,0
cu2204,20220218,20220218,134317500,13:43:18,71510,34566,107926,12336588150,1,1,357550
cu2204,20220218,20220218,134320500,13:43:21,71510,34566,107926,12336588150,0,0,0
cu2204,20220218,20220218,134321500,13:43:21,71510,34567,107926,12336945700,1,0,357550
cu2204,20220218,20220218,134323000,13:43:23,71510,34567,107926,12336945700,0,0,0
cu2204,20220218,20220218,134323500,13:43:24,71510,34567,107926,12336945700,0,0,0
cu2204,20220218,20220218,134324000,13:43:24,71510,34567,107926,12336945700,0,0,0
cu2204,20220218,20220218,134325500,13:43:26,71520,34583,107930,12342667300,16,4,5721600
cu2204,20220218,20220218,134326000,13:43:26,71520,34589,107936,12344812900,6,6,2145600
cu2204,20220218,20220218,134326500,13:43:27,71520,34589,107936,12344812900,0,0,0
cu2204,20220218,20220218,134327000,13:43:27,71520,34589,107936,12344812900,0,0,0
cu2204,20220218,20220218,134327500,13:43:27,71520,34589,107936,12344812900,0,0,0
cu2204,20220218,20220218,134328000,13:43:29,71520,34590,107936,12345170500,1,0,357600
