cu2206,20220218,20220218,112004500,11:20:09,0,0,0,0,0,0,0
cu2206,20220218,20220218,112003200,11:20:10,71480,2712,27713,966851500,2712,27713,966851500
cu2206,20220218,20220218,112006000,11:20:10,71480,2712,27713,966851500,0,0,0
cu2206,20220218,20220218,112007500,11:20:10,71480,2712,27713,966851500,0,0,0
cu2206,20220218,20220218,112008500,11:20:10,71480,2712,27713,966851500,0,0,0
cu2206,20220218,20220218,112009000,11:20:10,71480,2712,27713,966851500,0,0,0
cu2206,20220218,20220218,112010000,11:20:10,71480,2712,27713,966851500,0,0,0
cu2206,20220218,20220218,112010500,11:20:10,71480,2712,27713,966851500,0,0,0
cu2206,20220218,20220218,112012500,11:20:12,71480,2712,27713,966851500,0,0,0
cu2206,20220218,20220218,112015500,11:20:16,71480,2712,27713,966851500,0,0,0
cu2206,20220218,20220218,112017500,11:20:17,71480,2712,27713,966851500,0,0,0
cu2206,20220218,20220218,112018000,11:20:18,71480,2712,27713,966851500,0,0,0
cu2206,20220218,20220218,112019000,11:20:19,71480,2712,27713,966851500,0,0,0
cu2206,20220218,20220218,112020500,11:20:20,71480,2712,27713,966851500,0,0,0
cu2206,20220218,20220218,112021000,11:20:21,71480,2712,27713,966851500,0,0,0
cu2206,20220218,20220218,112021500,11:20:21,71480,2712,27713,966851500,0,0,0
cu2206,20220218,20220218,112027000,11:20:27,71500,2715,27713,967924000,3,0,1072500
cu2206,20220218,20220218,112027500,11:20:28,71500,2715,27713,967924000,0,0,0
cu2206,20220218,20220218,112028000,11:20:28,71500,2715,27713,967924000,0,0,0
cu2206,20220218,20220218,112028500,11:20:28,71500,2715,27713,967924000,0,0,0
cu2206,20220218,20220218,112029500,11:20:30,71500,2715,27713,967924000,0,0,0
cu2206,20220218,20220218,112030500,11:20:31,71500,2715,27713,967924000,0,0,0
cu2206,20220218,20220218,112031000,11:20:31,71500,2715,27713,967924000,0,0,0
cu2206,20220218,20220218,112034000,11:20:34,71500,2715,27713,967924000,0,0,0
cu2206,20220218,20220218,112036500,11:20:37,71500,2715,27713,967924000,0,0,0
cu2206,20220218,20220218,112037000,11:20:37,71500,2715,27713,967924000,0,0,0
cu2206,20220218,20220218,112037500,11:20:38,71500,2715,27713,967924000,0,0,0
cu2206,20220218,20220218,112038000,11:20:38,71500,2715,27713,967924000,0,0,0
cu2206,20220218,20220218,112038500,11:20:38,71500,2715,27713,967924000,0,0,0
cu2206,20220218,20220218,112039000,11:20:39,71500,2715,27713,967924000,0,0,0
cu2206,20220218,20220218,112039500,11:20:40,71500,2715,27713,967924000,0,0,0
cu2206,20220218,20220218,112042500,11:20:42,71500,2715,27713,967924000,0,0,0
cu2206,20220218,20220218,112043000,11:20:43,71500,2715,27713,967924000,0,0,0
cu2206,20220218,20220218,112043500,11:20:44,71500,2715,27713,967924000,0,0,0
cu2206,20220218,20220218,112044500,11:20:45,71500,2715,27713,967924000,0,0,0
cu2206,20220218,20220218,112047500,11:20:48,71500,2715,27713,967924000,0,0,0
cu2206,20220218,20220218,112048000,11:20:48,71500,2715,27713,967924000,0,0,0
cu2206,20220218,20220218,112048500,11:20:50,71500,2715,27713,967924000,0,0,0
cu2206,20220218,20220218,112050000,11:20:51,71500,2715,27713,967924000,0,0,0
cu2206,20220218,20220218,112052500,11:20:53,71500,2715,27713,967924000,0,0,0
cu2206,20220218,20220218,112057000,11:20:58,71500,2715,27713,967924000,0,0,0
cu2206,20220218,20220218,112057500,11:20:58,71500,2715,27713,967924000,0,0,0
cu2206,20220218,20220218,112106500,11:21:07,71500,2716,27714,968281500,1,1,357500
cu2206,20220218,20220218,112110000,11:21:10,71500,2716,27714,968281500,0,0,0
cu2206,20220218,20220218,112111500,11:21:12,71500,2716,27714,968281500,0,0,0
cu2206,20220218,20220218,112115500,11:21:15,71500,2716,27714,968281500,0,0,0
cu2206,20220218,20220218,112116000,11:21:16,71500,2716,27714,968281500,0,0,0
cu2206,20220218,20220218,112116500,11:21:16,71500,2719,27714,969354000,3,0,1072500
cu2206,20220218,20220218,112117000,11:21:17,71520,2721,27715,970069150,2,1,715150
cu2206,20220218,20220218,112117500,11:21:18,71520,2721,27715,970069150,0,0,0
cu2206,20220218,20220218,112118000,11:21:18,71520,2721,27715,970069150,0,0,0
cu2206,20220218,20220218,112118500,11:21:18,71520,2721,27715,970069150,0,0,0
cu2206,20220218,20220218,112119000,11:21:19,71520,2721,27715,970069150,0,0,0
cu2206,20220218,20220218,112119500,11:21:19,71520,2721,27715,970069150,0,0,0
cu2206,20220218,20220218,112120000,11:21:20,71520,2721,27715,970069150,0,0,0
cu2206,20220218,20220218,112120500,11:21:21,71520,2721,27715,970069150,0,0,0
cu2206,20220218,20220218,112121000,11:21:22,71520,2721,27715,970069150,0,0,0
cu2206,20220218,20220218,112121500,11:21:22,71520,2721,27715,970069150,0,0,0
cu2206,20220218,20220218,112122500,11:21:22,71520,2721,27715,970069150,0,0,0
cu2206,20220218,20220218,112123500,11:21:23,71520,2721,27715,970069150,0,0,0
cu2206,20220218,20220218,112124500,11:21:25,71520,2721,27715,970069150,0,0,0
cu2206,20220218,20220218,112125000,11:21:57,71520,2721,27715,970069150,0,0,0
cu2206,20220218,20220218,112125500,11:23:32,71520,2721,27715,970069150,0,0,0
cu2206,20220218,20220218,112330000,11:23:33,71520,2721,27715,970069150,0,0,0
cu2206,20220218,20220218,112333500,11:23:33,71520,2721,27715,970069150,0,0,0
cu2206,20220218,20220218,112334000,11:23:34,71520,2721,27715,970069150,0,0,0
cu2206,20220218,20220218,112334500,11:23:34,71520,2721,27715,970069150,0,0,0
cu2206,20220218,20220218,112336500,11:23:38,71520,2804,27764,999758450,83,49,29689300
cu2206,20220218,20220218,112337000,11:23:38,71520,2804,27764,999758450,0,0,0
cu2206,20220218,20220218,112337500,11:23:38,71520,2804,27764,999758450,0,0,0
cu2206,20220218,20220218,112341000,11:23:41,71520,2804,27764,999758450,0,0,0
cu2206,20220218,20220218,112341500,11:23:42,71520,2804,27764,999758450,0,0,0
cu2206,20220218,20220218,112342500,11:23:42,71520,2806,27764,1000473650,2,0,715200
cu2206,20220218,20220218,112343000,11:23:43,71520,2806,27764,1000473650,0,0,0
cu2206,20220218,20220218,112343500,11:23:43,71520,2806,27764,1000473650,0,0,0
cu2206,20220218,20220218,112344000,11:23:45,71520,2806,27764,1000473650,0,0,0
cu2206,20220218,20220218,112344500,11:23:48,71510,2808,27762,1001188750,2,-2,715100
cu2206,20220218,20220218,112346000,11:23:48,71510,2808,27762,1001188750,0,0,0
cu2206,20220218,20220218,112346500,11:23:48,71510,2808,27762,1001188750,0,0,0
cu2206,20220218,20220218,112348500,11:23:49,71510,2808,27762,1001188750,0,0,0
cu2206,20220218,20220218,112349000,11:23:49,71510,2808,27762,1001188750,0,0,0
cu2206,20220218,20220218,112350000,11:23:50,71510,2808,27762,1001188750,0,0,0
cu2206,20220218,20220218,112353500,11:23:53,71510,2808,27762,1001188750,0,0,0
cu2206,20220218,20220218,112354000,11:23:54,71510,2808,27762,1001188750,0,0,0
cu2206,20220218,20220218,112355500,11:23:55,71510,2808,27762,1001188750,0,0,0
cu2206,20220218,20220218,112356500,11:23:56,71510,2809,27763,1001546300,1,1,357550
cu2206,20220218,20220218,112357000,11:23:57,71510,2809,27763,1001546300,0,0,0
cu2206,20220218,20220218,112357500,11:23:57,71510,2809,27763,1001546300,0,0,0
cu2206,20220218,20220218,112400000,11:24:00,71510,2809,27763,1001546300,0,0,0
cu2206,20220218,20220218,112400500,11:24:00,71510,2809,27763,1001546300,0,0,0
cu2206,20220218,20220218,112403000,11:24:03,71510,2809,27763,1001546300,0,0,0
cu2206,20220218,20220218,112410000,11:24:12,71510,2809,27763,1001546300,0,0,0
cu2206,20220218,20220218,112410500,11:24:12,71510,2809,27763,1001546300,0,0,0
cu2206,20220218,20220218,112413000,11:24:13,71510,2809,27763,1001546300,0,0,0
cu2206,20220218,20220218,112413500,11:24:14,71510,2809,27763,1001546300,0,0,0
cu2206,20220218,20220218,112414000,11:24:14,71510,2809,27763,1001546300,0,0,0
cu2206,20220218,20220218,112414500,11:24:15,71510,2809,27763,1001546300,0,0,0
cu2206,20220218,20220218,112415000,11:24:15,71510,2809,27763,1001546300,0,0,0
cu2206,20220218,20220218,112416000,11:24:16,71510,2809,27763,1001546300,0,0,0
cu2206,20220218,20220218,112417500,11:24:18,71510,2809,27763,1001546300,0,0,0
cu2206,20220218,20220218,112418000,11:24:18,71510,2809,27763,1001546300,0,0,0
cu2206,20220218,20220218,112419000,11:24:19,71510,2809,27763,1001546300,0,0,0
cu2206,20220218,20220218,112419500,11:24:19,71510,2809,27763,1001546300,0,0,0
cu2206,20220218,20220218,112423000,11:24:23,71510,2809,27763,1001546300,0,0,0
cu2206,20220218,20220218,112424500,11:24:24,71510,2809,27763,1001546300,0,0,0
cu2206,20220218,20220218,112428500,11:24:28,71510,2809,27763,1001546300,0,0,0
cu2206,20220218,20220218,112429000,11:24:29,71510,2809,27763,1001546300,0,0,0
cu2206,20220218,20220218,112430500,11:24:30,71510,2809,27763,1001546300,0,0,0
cu2206,20220218,20220218,112435000,11:24:35,71510,2809,27763,1001546300,0,0,0
cu2206,20220218,20220218,112439500,11:24:40,71510,2809,27763,1001546300,0,0,0
cu2206,20220218,20220218,112440000,11:24:40,71510,2809,27763,1001546300,0,0,0
cu2206,20220218,20220218,112440500,11:24:40,71510,2809,27763,1001546300,0,0,0
cu2206,20220218,20220218,112441000,11:24:41,71510,2809,27763,1001546300,0,0,0
cu2206,20220218,20220218,112442000,11:24:42,71510,2809,27763,1001546300,0,0,0
cu2206,20220218,20220218,112442500,11:24:42,71510,2810,27764,1001903850,1,1,357550
cu2206,20220218,20220218,112445000,11:24:45,71510,2810,27764,1001903850,0,0,0
cu2206,20220218,20220218,112445500,11:24:45,71510,2810,27764,1001903850,0,0,0
cu2206,20220218,20220218,112449500,11:24:49,71510,2810,27764,1001903850,0,0,0
cu2206,20220218,20220218,112450500,11:24:50,71510,2810,27764,1001903850,0,0,0
cu2206,20220218,20220218,112451000,11:24:51,71500,2815,27762,1003691350,5,-2,1787500
cu2206,20220218,20220218,112451500,11:24:51,71500,2815,27762,1003691350,0,0,0
cu2206,20220218,20220218,112452000,11:24:52,71500,2815,27762,1003691350,0,0,0
cu2206,20220218,20220218,112452500,11:24:52,71500,2815,27762,1003691350,0,0,0
cu2206,20220218,20220218,112453500,11:24:53,71500,2815,27762,1003691350,0,0,0
cu2206,20220218,20220218,112454000,11:24:54,71500,2815,27762,1003691350,0,0,0
cu2206,20220218,20220218,112455500,11:24:56,71500,2815,27762,1003691350,0,0,0
cu2206,20220218,20220218,112456500,11:24:56,71500,2815,27762,1003691350,0,0,0
cu2206,20220218,20220218,112457000,11:24:57,71490,2816,27761,1004048800,1,-1,357450
cu2206,20220218,20220218,112500000,11:25:00,71490,2816,27761,1004048800,0,0,0
cu2206,20220218,20220218,112500500,11:25:01,71490,2816,27761,1004048800,0,0,0
cu2206,20220218,20220218,112501000,11:25:02,71490,2816,27761,1004048800,0,0,0
cu2206,20220218,20220218,112501500,11:25:04,71490,2816,27761,1004048800,0,0,0
cu2206,20220218,20220218,112502000,11:25:05,71500,2817,27761,1004406300,1,0,357500
cu2206,20220218,20220218,112505000,11:25:06,71500,2817,27761,1004406300,0,0,0
cu2206,20220218,20220218,112505500,11:25:06,71500,2817,27761,1004406300,0,0,0
cu2206,20220218,20220218,112506000,11:25:06,71500,2817,27761,1004406300,0,0,0
cu2206,20220218,20220218,112508000,11:25:08,71500,2817,27761,1004406300,0,0,0
cu2206,20220218,20220218,112509500,11:25:09,71500,2817,27761,1004406300,0,0,0
cu2206,20220218,20220218,112510000,11:25:10,71500,2817,27761,1004406300,0,0,0
cu2206,20220218,20220218,112510500,11:25:10,71500,2817,27761,1004406300,0,0,0
cu2206,20220218,20220218,112512000,11:25:12,71500,2817,27761,1004406300,0,0,0
cu2206,20220218,20220218,112512500,11:25:12,71500,2817,27761,1004406300,0,0,0
cu2206,20220218,20220218,112513500,11:25:15,71500,2817,27761,1004406300,0,0,0
cu2206,20220218,20220218,112514500,11:25:15,71500,2817,27761,1004406300,0,0,0
cu2206,20220218,20220218,112518000,11:25:18,71500,2817,27761,1004406300,0,0,0
cu2206,20220218,20220218,112520500,11:25:21,71500,2817,27761,1004406300,0,0,0
cu2206,20220218,20220218,112521000,11:25:21,71500,2817,27761,1004406300,0,0,0
cu2206,20220218,20220218,112522000,11:25:22,71500,2817,27761,1004406300,0,0,0
cu2206,20220218,20220218,112524000,11:25:25,71500,2817,27761,1004406300,0,0,0
cu2206,20220218,20220218,112524500,11:25:25,71500,2817,27761,1004406300,0,0,0
cu2206,20220218,20220218,112525000,11:25:25,71500,2817,27761,1004406300,0,0,0
cu2206,20220218,20220218,112525500,11:25:26,71500,2817,27761,1004406300,0,0,0
cu2206,20220218,20220218,112526000,11:25:26,71500,2817,27761,1004406300,0,0,0
cu2206,20220218,20220218,112526500,11:25:27,71500,2817,27761,1004406300,0,0,0
cu2206,20220218,20220218,112527000,11:25:27,71500,2817,27761,1004406300,0,0,0
cu2206,20220218,20220218,112527500,11:25:28,71500,2817,27761,1004406300,0,0,0
cu2206,20220218,20220218,112529000,11:25:29,71500,2817,27761,1004406300,0,0,0
cu2206,20220218,20220218,112529500,11:25:30,71500,2817,27761,1004406300,0,0,0
cu2206,20220218,20220218,112530000,11:25:30,71500,2817,27761,1004406300,0,0,0
cu2206,20220218,20220218,112531000,11:25:31,71500,2817,27761,1004406300,0,0,0
cu2206,20220218,20220218,112531500,11:25:32,71500,2817,27761,1004406300,0,0,0
cu2206,20220218,20220218,112536500,11:25:37,71500,2817,27761,1004406300,0,0,0
cu2206,20220218,20220218,112537500,11:25:38,71500,2817,27761,1004406300,0,0,0
cu2206,20220218,20220218,112538000,11:25:38,71500,2817,27761,1004406300,0,0,0
cu2206,20220218,20220218,112541500,11:25:41,71500,2817,27761,1004406300,0,0,0
cu2206,20220218,20220218,112542000,11:25:42,71480,2821,27760,1005836200,4,-1,1429900
cu2206,20220218,20220218,112542500,11:25:42,71480,2821,27760,1005836200,0,0,0
cu2206,20220218,20220218,112547000,11:25:48,71480,2821,27760,1005836200,0,0,0
cu2206,20220218,20220218,112548500,11:25:48,71480,2824,27763,1006908400,3,3,1072200
cu2206,20220218,20220218,112549000,11:25:49,71480,2824,27763,1006908400,0,0,0
cu2206,20220218,20220218,112550500,11:25:50,71480,2824,27763,1006908400,0,0,0
cu2206,20220218,20220218,112551500,11:25:51,71480,2824,27763,1006908400,0,0,0
cu2206,20220218,20220218,112601000,11:26:01,71480,2824,27763,1006908400,0,0,0
cu2206,20220218,20220218,112604500,11:26:05,71480,2824,27763,1006908400,0,0,0
cu2206,20220218,20220218,112606500,11:26:07,71480,2824,27763,1006908400,0,0,0
cu2206,20220218,20220218,112608000,11:26:09,71480,2824,27763,1006908400,0,0,0
cu2206,20220218,20220218,112613500,11:26:15,71480,2824,27763,1006908400,0,0,0
cu2206,20220218,20220218,112615500,11:26:16,71480,2824,27763,1006908400,0,0,0
cu2206,20220218,20220218,112616000,11:26:16,71480,2824,27763,1006908400,0,0,0
cu2206,20220218,20220218,112625000,11:26:25,71480,2827,27763,1007980600,3,0,1072200
cu2206,20220218,20220218,112625500,11:26:26,71480,2844,27764,1014056400,17,1,6075800
cu2206,20220218,20220218,112626000,11:26:26,71480,2844,27764,1014056400,0,0,0
cu2206,20220218,20220218,112633000,11:26:33,71480,2844,27764,1014056400,0,0,0
cu2206,20220218,20220218,112633500,11:26:34,71480,2844,27764,1014056400,0,0,0
cu2206,20220218,20220218,112634000,11:26:35,71480,2844,27764,1014056400,0,0,0
cu2206,20220218,20220218,112635500,11:26:37,71480,2844,27764,1014056400,0,0,0
cu2206,20220218,20220218,112636000,11:26:38,71480,2844,27764,1014056400,0,0,0
cu2206,20220218,20220218,112637000,11:26:39,71480,2844,27764,1014056400,0,0,0
cu2206,20220218,20220218,112653500,11:27:10,71480,2844,27764,1014056400,0,0,0
cu2206,20220218,20220218,112710000,11:27:12,71480,2844,27764,1014056400,0,0,0
cu2206,20220218,20220218,112710500,11:27:12,71480,2844,27764,1014056400,0,0,0
cu2206,20220218,20220218,112711000,11:27:12,71480,2844,27764,1014056400,0,0,0
cu2206,20220218,20220218,112713500,11:27:14,71480,2844,27764,1014056400,0,0,0
cu2206,20220218,20220218,112718000,11:27:18,71480,2849,27768,1015843600,5,4,1787200
cu2206,20220218,20220218,112719500,11:27:20,71480,2849,27768,1015843600,0,0,0
cu2206,20220218,20220218,112726500,11:27:27,71480,2849,27768,1015843600,0,0,0
cu2206,20220218,20220218,112728000,11:27:28,71480,2849,27768,1015843600,0,0,0
cu2206,20220218,20220218,112728500,11:27:28,71480,2849,27768,1015843600,0,0,0
cu2206,20220218,20220218,112735000,11:27:36,71480,2849,27768,1015843600,0,0,0
cu2206,20220218,20220218,112736500,11:27:38,71480,2849,27768,1015843600,0,0,0
cu2206,20220218,20220218,112737000,11:27:38,71480,2849,27768,1015843600,0,0,0
cu2206,20220218,20220218,112740000,11:27:40,71480,2849,27768,1015843600,0,0,0
cu2206,20220218,20220218,112741500,11:27:41,71480,2849,27768,1015843600,0,0,0
cu2206,20220218,20220218,112744000,11:27:44,71480,2849,27768,1015843600,0,0,0
cu2206,20220218,20220218,112744500,11:27:45,71480,2849,27768,1015843600,0,0,0
cu2206,20220218,20220218,112745000,11:27:45,71480,2849,27768,1015843600,0,0,0
cu2206,20220218,20220218,112749500,11:27:54,71480,2849,27768,1015843600,0,0,0
cu2206,20220218,20220218,112752000,11:27:54,71480,2849,27768,1015843600,0,0,0
cu2206,20220218,20220218,112757000,11:27:57,71480,2849,27768,1015843600,0,0,0
cu2206,20220218,20220218,112757500,11:27:57,71480,2851,27768,1016558400,2,0,714800
cu2206,20220218,20220218,112758000,11:27:58,71480,2852,27768,1016915800,1,0,357400
cu2206,20220218,20220218,112758500,11:27:59,71480,2853,27768,1017273200,1,0,357400
cu2206,20220218,20220218,112800500,11:28:01,71480,2853,27768,1017273200,0,0,0
cu2206,20220218,20220218,112801000,11:28:01,71480,2853,27768,1017273200,0,0,0
cu2206,20220218,20220218,112802500,11:28:03,71480,2853,27768,1017273200,0,0,0
cu2206,20220218,20220218,112805000,11:28:06,71480,2855,27767,1017988000,2,-1,714800
cu2206,20220218,20220218,112805500,11:28:06,71480,2856,27767,1018345400,1,0,357400
cu2206,20220218,20220218,112806500,11:28:10,71480,2856,27767,1018345400,0,0,0
cu2206,20220218,20220218,112807000,11:28:10,71480,2856,27767,1018345400,0,0,0
cu2206,20220218,20220218,112807500,11:28:10,71480,2856,27767,1018345400,0,0,0
cu2206,20220218,20220218,112808500,11:28:11,71480,2859,27767,1019417600,3,0,1072200
cu2206,20220218,20220218,112822000,11:28:22,71480,2859,27767,1019417600,0,0,0
cu2206,20220218,20220218,112823000,11:28:23,71480,2859,27767,1019417600,0,0,0
cu2206,20220218,20220218,112823500,11:28:23,71480,2859,27767,1019417600,0,0,0
cu2206,20220218,20220218,112826000,11:28:26,71480,2859,27767,1019417600,0,0,0
cu2206,20220218,20220218,112826500,11:28:27,71480,2859,27767,1019417600,0,0,0
cu2206,20220218,20220218,112829500,11:28:30,71480,2859,27767,1019417600,0,0,0
cu2206,20220218,20220218,112830500,11:28:31,71480,2859,27767,1019417600,0,0,0
cu2206,20220218,20220218,112831000,11:28:31,71480,2859,27767,1019417600,0,0,0
cu2206,20220218,20220218,112831500,11:28:31,71480,2859,27767,1019417600,0,0,0
cu2206,20220218,20220218,112832000,11:28:32,71480,2859,27767,1019417600,0,0,0
cu2206,20220218,20220218,112832500,11:28:33,71480,2859,27767,1019417600,0,0,0
cu2206,20220218,20220218,112834000,11:28:34,71480,2859,27767,1019417600,0,0,0
cu2206,20220218,20220218,112834500,11:28:34,71480,2859,27767,1019417600,0,0,0
cu2206,20220218,20220218,112835000,11:28:35,71480,2859,27767,1019417600,0,0,0
cu2206,20220218,20220218,112835500,11:28:37,71480,2859,27767,1019417600,0,0,0
cu2206,20220218,20220218,112839000,11:28:40,71480,2859,27767,1019417600,0,0,0
cu2206,20220218,20220218,112839500,11:28:40,71480,2859,27767,1019417600,0,0,0
cu2206,20220218,20220218,112842000,11:28:42,71480,2859,27767,1019417600,0,0,0
cu2206,20220218,20220218,112842500,11:28:42,71480,2859,27767,1019417600,0,0,0
cu2206,20220218,20220218,112843000,11:28:43,71480,2859,27767,1019417600,0,0,0
cu2206,20220218,20220218,112844000,11:28:44,71480,2859,27767,1019417600,0,0,0
cu2206,20220218,20220218,112851000,11:28:51,71480,2859,27767,1019417600,0,0,0
cu2206,20220218,20220218,112851500,11:28:51,71480,2859,27767,1019417600,0,0,0
cu2206,20220218,20220218,112855500,11:28:56,71480,2859,27767,1019417600,0,0,0
cu2206,20220218,20220218,112857000,11:28:57,71480,2859,27767,1019417600,0,0,0
cu2206,20220218,20220218,112857500,11:28:58,71480,2859,27767,1019417600,0,0,0
cu2206,20220218,20220218,112858000,11:28:59,71480,2859,27767,1019417600,0,0,0
cu2206,20220218,20220218,112859500,11:29:00,71480,2859,27767,1019417600,0,0,0
cu2206,20220218,20220218,112900500,11:29:01,71480,2859,27767,1019417600,0,0,0
cu2206,20220218,20220218,112901000,11:29:01,71480,2859,27767,1019417600,0,0,0
cu2206,20220218,20220218,112901500,11:29:01,71480,2859,27767,1019417600,0,0,0
cu2206,20220218,20220218,112915500,11:29:16,71480,2859,27767,1019417600,0,0,0
cu2206,20220218,20220218,112916000,11:29:16,71480,2859,27767,1019417600,0,0,0
cu2206,20220218,20220218,112916500,11:29:18,71480,2859,27767,1019417600,0,0,0
cu2206,20220218,20220218,112917000,11:29:20,71470,2860,27767,1019774950,1,0,357350
cu2206,20220218,20220218,112918500,11:29:21,71470,2860,27767,1019774950,0,0,0
cu2206,20220218,20220218,112922500,11:29:24,71470,2860,27767,1019774950,0,0,0
cu2206,20220218,20220218,112927500,11:29:27,71470,2860,27767,1019774950,0,0,0
cu2206,20220218,20220218,112928000,11:29:28,71470,2860,27767,1019774950,0,0,0
cu2206,20220218,20220218,112930500,11:29:30,71470,2860,27767,1019774950,0,0,0
cu2206,20220218,20220218,112931000,11:29:32,71470,2860,27767,1019774950,0,0,0
cu2206,20220218,20220218,112931500,11:29:32,71470,2860,27767,1019774950,0,0,0
cu2206,20220218,20220218,112932000,11:29:32,71470,2860,27767,1019774950,0,0,0
cu2206,20220218,20220218,112932500,11:29:36,71470,2860,27767,1019774950,0,0,0
cu2206,20220218,20220218,112936000,11:29:38,71470,2860,27767,1019774950,0,0,0
cu2206,20220218,20220218,112937000,11:29:38,71470,2860,27767,1019774950,0,0,0
cu2206,20220218,20220218,112938500,11:29:39,71470,2860,27767,1019774950,0,0,0
cu2206,20220218,20220218,112939000,11:29:39,71470,2860,27767,1019774950,0,0,0
cu2206,20220218,20220218,112940500,11:29:40,71470,2860,27767,1019774950,0,0,0
cu2206,20220218,20220218,112941500,11:29:42,71470,2860,27767,1019774950,0,0,0
cu2206,20220218,20220218,112942000,11:29:42,71470,2860,27767,1019774950,0,0,0
cu2206,20220218,20220218,112943000,11:29:45,71470,2860,27767,1019774950,0,0,0
cu2206,20220218,20220218,112944500,11:29:45,71470,2860,27767,1019774950,0,0,0
cu2206,20220218,20220218,112945500,11:29:46,71470,2860,27767,1019774950,0,0,0
cu2206,20220218,20220218,112948000,11:29:49,71470,2860,27767,1019774950,0,0,0
cu2206,20220218,20220218,112950000,11:29:51,71470,2860,27767,1019774950,0,0,0
cu2206,20220218,20220218,112950500,11:29:51,71470,2860,27767,1019774950,0,0,0
cu2206,20220218,20220218,112951000,11:29:52,71470,2860,27767,1019774950,0,0,0
cu2206,20220218,20220218,112952000,11:29:53,71470,2860,27767,1019774950,0,0,0
cu2206,20220218,20220218,112955500,11:29:56,71470,2860,27767,1019774950,0,0,0
cu2206,20220218,20220218,112957000,11:30:01,71470,2860,27767,1019774950,0,0,0
cu2206,20220218,20220218,112959500,11:30:02,71470,2860,27767,1019774950,0,0,0
cu2206,20220218,20220218,113000000,11:30:03,71470,2860,27767,1019774950,0,0,0
cu2206,20220218,20220218,113001000,11:30:03,71470,2860,27767,1019774950,0,0,0
cu2206,20220218,20220218,113001500,11:30:03,71470,2860,27767,1019774950,0,0,0
cu2206,20220218,20220218,133002000,13:30:08,71470,2861,27768,1020132300,1,1,357350
cu2206,20220218,20220218,133002500,13:30:10,71470,2861,27768,1020132300,0,0,0
cu2206,20220218,20220218,133008000,13:30:10,71470,2861,27768,1020132300,0,0,0
cu2206,20220218,20220218,133009500,13:30:10,71470,2861,27768,1020132300,0,0,0
cu2206,20220218,20220218,133010000,13:30:11,71470,2861,27768,1020132300,0,0,0
cu2206,20220218,20220218,133012500,13:30:13,71470,2861,27768,1020132300,0,0,0
cu2206,20220218,20220218,133014500,13:30:16,71470,2861,27768,1020132300,0,0,0
cu2206,20220218,20220218,133015000,13:30:17,71470,2861,27768,1020132300,0,0,0
cu2206,20220218,20220218,133016500,13:30:18,71470,2861,27768,1020132300,0,0,0
cu2206,20220218,20220218,133018500,13:30:20,71470,2861,27768,1020132300,0,0,0
cu2206,20220218,20220218,133019000,13:30:20,71470,2861,27768,1020132300,0,0,0
cu2206,20220218,20220218,133019500,13:30:20,71470,2861,27768,1020132300,0,0,0
cu2206,20220218,20220218,133021000,13:30:21,71470,2861,27768,1020132300,0,0,0
cu2206,20220218,20220218,133022500,13:30:38,71470,2861,27768,1020132300,0,0,0
cu2206,20220218,20220218,133023000,13:30:38,71470,2861,27768,1020132300,0,0,0
cu2206,20220218,20220218,133036500,13:30:40,71470,2861,27768,1020132300,0,0,0
cu2206,20220218,20220218,133040500,13:30:42,71470,2861,27768,1020132300,0,0,0
cu2206,20220218,20220218,133041000,13:30:43,71470,2861,27768,1020132300,0,0,0
cu2206,20220218,20220218,133042500,13:30:44,71440,2882,27770,1027634100,21,2,7501800
cu2206,20220218,20220218,133043000,13:30:44,71440,2882,27770,1027634100,0,0,0
cu2206,20220218,20220218,133044500,13:30:46,71440,2882,27770,1027634100,0,0,0
cu2206,20220218,20220218,133045500,13:30:46,71440,2882,27770,1027634100,0,0,0
cu2206,20220218,20220218,133046000,13:30:47,71440,2882,27770,1027634100,0,0,0
cu2206,20220218,20220218,133046500,13:30:47,71440,2882,27770,1027634100,0,0,0
cu2206,20220218,20220218,133047000,13:30:47,71440,2882,27770,1027634100,0,0,0
cu2206,20220218,20220218,133047500,13:30:48,71440,2882,27770,1027634100,0,0,0
cu2206,20220218,20220218,133048500,13:30:49,71440,2882,27770,1027634100,0,0,0
cu2206,20220218,20220218,133051500,13:30:52,71440,2882,27770,1027634100,0,0,0
cu2206,20220218,20220218,133052000,13:30:53,71440,2882,27770,1027634100,0,0,0
cu2206,20220218,20220218,133052500,13:30:53,71440,2882,27770,1027634100,0,0,0
cu2206,20220218,20220218,133053000,13:30:54,71440,2882,27770,1027634100,0,0,0
cu2206,20220218,20220218,133054500,13:30:55,71430,2883,27769,1027991250,1,-1,357150
cu2206,20220218,20220218,133055000,13:30:56,71430,2883,27769,1027991250,0,0,0
cu2206,20220218,20220218,133055500,13:30:56,71430,2883,27769,1027991250,0,0,0
cu2206,20220218,20220218,133058500,13:30:59,71430,2883,27769,1027991250,0,0,0
cu2206,20220218,20220218,133059000,13:30:59,71430,2883,27769,1027991250,0,0,0
cu2206,20220218,20220218,133059500,13:31:00,71430,2883,27769,1027991250,0,0,0
cu2206,20220218,20220218,133100000,13:31:00,71430,2883,27769,1027991250,0,0,0
cu2206,20220218,20220218,133100500,13:31:00,71430,2883,27769,1027991250,0,0,0
cu2206,20220218,20220218,133101500,13:31:01,71430,2883,27769,1027991250,0,0,0
cu2206,20220218,20220218,133102500,13:31:03,71430,2883,27769,1027991250,0,0,0
cu2206,20220218,20220218,133103000,13:31:03,71430,2883,27769,1027991250,0,0,0
cu2206,20220218,20220218,133103500,13:31:04,71430,2883,27769,1027991250,0,0,0
cu2206,20220218,20220218,133105500,13:31:08,71430,2883,27769,1027991250,0,0,0
cu2206,20220218,20220218,133106000,13:31:08,71430,2883,27769,1027991250,0,0,0
cu2206,20220218,20220218,133108500,13:31:09,71430,2883,27769,1027991250,0,0,0
cu2206,20220218,20220218,133109500,13:31:10,71430,2883,27769,1027991250,0,0,0
cu2206,20220218,20220218,133110000,13:31:11,71430,2883,27769,1027991250,0,0,0
cu2206,20220218,20220218,133110500,13:31:11,71430,2883,27769,1027991250,0,0,0
cu2206,20220218,20220218,133111000,13:31:11,71430,2883,27769,1027991250,0,0,0
cu2206,20220218,20220218,133111500,13:31:12,71430,2883,27769,1027991250,0,0,0
cu2206,20220218,20220218,133112000,13:31:12,71430,2883,27769,1027991250,0,0,0
cu2206,20220218,20220218,133112500,13:31:13,71430,2883,27769,1027991250,0,0,0
cu2206,20220218,20220218,133113500,13:31:14,71430,2883,27769,1027991250,0,0,0
cu2206,20220218,20220218,133114000,13:31:15,71460,2885,27768,1028705700,2,-1,714450
cu2206,20220218,20220218,133114500,13:31:15,71460,2885,27768,1028705700,0,0,0
cu2206,20220218,20220218,133123000,13:31:25,71460,2885,27768,1028705700,0,0,0
cu2206,20220218,20220218,133124000,13:31:25,71460,2885,27768,1028705700,0,0,0
cu2206,20220218,20220218,133158500,13:31:58,71450,2887,27768,1029420200,2,0,714500
cu2206,20220218,20220218,133159500,13:32:00,71440,2891,27767,1030849000,4,-1,1428800
cu2206,20220218,20220218,133200500,13:32:01,71390,2921,27792,1041561700,30,25,10712700
cu2206,20220218,20220218,133201000,13:32:01,71390,2921,27792,1041561700,0,0,0
cu2206,20220218,20220218,133201500,13:32:01,71390,2921,27792,1041561700,0,0,0
cu2206,20220218,20220218,133202000,13:32:03,71380,2922,27793,1041918600,1,1,356900
cu2206,20220218,20220218,133202500,13:32:04,71380,2941,27811,1048699700,19,18,6781100
cu2206,20220218,20220218,133203000,13:32:05,71400,2942,27812,1049056700,1,1,357000
cu2206,20220218,20220218,133203500,13:32:05,71400,2942,27812,1049056700,0,0,0
cu2206,20220218,20220218,133204000,13:32:05,71400,2942,27812,1049056700,0,0,0
cu2206,20220218,20220218,133204500,13:32:06,71400,2942,27812,1049056700,0,0,0
cu2206,20220218,20220218,133205500,13:32:06,71400,2946,27808,1050484700,4,-4,1428000
cu2206,20220218,20220218,133206000,13:32:07,71400,2946,27808,1050484700,0,0,0
cu2206,20220218,20220218,133206500,13:32:07,71400,2946,27808,1050484700,0,0,0
cu2206,20220218,20220218,133207000,13:32:07,71400,2946,27808,1050484700,0,0,0
cu2206,20220218,20220218,133207500,13:32:07,71400,2947,27809,1050841700,1,1,357000
cu2206,20220218,20220218,133208000,13:32:09,71390,2953,27804,1052983400,6,-5,2141700
cu2206,20220218,20220218,133208500,13:32:10,71380,2954,27804,1053340300,1,0,356900
cu2206,20220218,20220218,133209000,13:32:10,71380,2954,27804,1053340300,0,0,0
cu2206,20220218,20220218,133209500,13:32:10,71380,2954,27804,1053340300,0,0,0
cu2206,20220218,20220218,133210000,13:32:10,71380,2954,27804,1053340300,0,0,0
cu2206,20220218,20220218,133210500,13:32:13,71380,2954,27804,1053340300,0,0,0
cu2206,20220218,20220218,133211000,13:32:14,71380,2954,27804,1053340300,0,0,0
cu2206,20220218,20220218,133213000,13:32:15,71380,2954,27804,1053340300,0,0,0
cu2206,20220218,20220218,133213500,13:32:15,71380,2954,27804,1053340300,0,0,0
cu2206,20220218,20220218,133214000,13:32:15,71380,2954,27804,1053340300,0,0,0
cu2206,20220218,20220218,133214500,13:32:16,71380,2954,27804,1053340300,0,0,0
cu2206,20220218,20220218,133215000,13:32:16,71380,2954,27804,1053340300,0,0,0
cu2206,20220218,20220218,133215500,13:32:16,71380,2954,27804,1053340300,0,0,0
cu2206,20220218,20220218,133216000,13:32:17,71400,2956,27805,1054054250,2,1,713950
cu2206,20220218,20220218,133216500,13:32:17,71400,2957,27806,1054411250,1,1,357000
cu2206,20220218,20220218,133217000,13:32:17,71400,2957,27806,1054411250,0,0,0
cu2206,20220218,20220218,133217500,13:32:18,71400,2957,27806,1054411250,0,0,0
cu2206,20220218,20220218,133218500,13:32:19,71400,2957,27806,1054411250,0,0,0
cu2206,20220218,20220218,133219500,13:32:20,71400,2957,27806,1054411250,0,0,0
cu2206,20220218,20220218,133220000,13:32:20,71400,2957,27806,1054411250,0,0,0
cu2206,20220218,20220218,133221000,13:32:21,71400,2957,27806,1054411250,0,0,0
cu2206,20220218,20220218,133221500,13:32:22,71400,2957,27806,1054411250,0,0,0
cu2206,20220218,20220218,133222000,13:32:22,71400,2959,27808,1055125250,2,2,714000
cu2206,20220218,20220218,133222500,13:32:23,71400,2961,27808,1055839250,2,0,714000
cu2206,20220218,20220218,133223000,13:32:24,71400,2967,27814,1057981250,6,6,2142000
cu2206,20220218,20220218,133223500,13:32:24,71400,2967,27814,1057981250,0,0,0
cu2206,20220218,20220218,133224000,13:32:24,71400,2967,27814,1057981250,0,0,0
cu2206,20220218,20220218,133226000,13:32:27,71400,2967,27814,1057981250,0,0,0
cu2206,20220218,20220218,133226500,13:32:27,71400,2967,27814,1057981250,0,0,0
cu2206,20220218,20220218,133229000,13:32:33,71400,2967,27814,1057981250,0,0,0
cu2206,20220218,20220218,133231500,13:32:35,71400,2967,27814,1057981250,0,0,0
cu2206,20220218,20220218,133235500,13:32:36,71400,2967,27814,1057981250,0,0,0
cu2206,20220218,20220218,133236500,13:32:37,71400,2967,27814,1057981250,0,0,0
cu2206,20220218,20220218,133244500,13:32:45,71400,2967,27814,1057981250,0,0,0
cu2206,20220218,20220218,133246000,13:32:47,71400,2967,27814,1057981250,0,0,0
cu2206,20220218,20220218,133246500,13:32:47,71400,2967,27814,1057981250,0,0,0
cu2206,20220218,20220218,133247000,13:32:47,71400,2967,27814,1057981250,0,0,0
cu2206,20220218,20220218,133247500,13:32:48,71400,2967,27814,1057981250,0,0,0
cu2206,20220218,20220218,133248000,13:32:48,71400,2967,27814,1057981250,0,0,0
cu2206,20220218,20220218,133248500,13:32:49,71400,2967,27814,1057981250,0,0,0
cu2206,20220218,20220218,133250000,13:32:50,71400,2967,27814,1057981250,0,0,0
cu2206,20220218,20220218,133251000,13:32:52,71400,2967,27814,1057981250,0,0,0
cu2206,20220218,20220218,133251500,13:32:53,71400,2967,27814,1057981250,0,0,0
cu2206,20220218,20220218,133252500,13:32:53,71400,2967,27814,1057981250,0,0,0
cu2206,20220218,20220218,133253000,13:32:53,71400,2967,27814,1057981250,0,0,0
cu2206,20220218,20220218,133254000,13:32:54,71400,2967,27814,1057981250,0,0,0
cu2206,20220218,20220218,133255000,13:32:55,71390,2970,27812,1059052100,3,-2,1070850
cu2206,20220218,20220218,133255500,13:32:55,71380,2972,27813,1059765900,2,1,713800
cu2206,20220218,20220218,133256000,13:32:56,71380,2972,27813,1059765900,0,0,0
cu2206,20220218,20220218,133256500,13:32:56,71380,2972,27813,1059765900,0,0,0
cu2206,20220218,20220218,133257000,13:32:59,71380,2972,27813,1059765900,0,0,0
cu2206,20220218,20220218,133257500,13:33:00,71380,2972,27813,1059765900,0,0,0
cu2206,20220218,20220218,133258500,13:33:00,71380,2972,27813,1059765900,0,0,0
cu2206,20220218,20220218,133301000,13:33:02,71380,2972,27813,1059765900,0,0,0
cu2206,20220218,20220218,133301500,13:33:02,71380,2972,27813,1059765900,0,0,0
cu2206,20220218,20220218,133303000,13:33:03,71380,2972,27813,1059765900,0,0,0
cu2206,20220218,20220218,133305000,13:33:05,71380,2972,27813,1059765900,0,0,0
cu2206,20220218,20220218,133305500,13:33:05,71380,2972,27813,1059765900,0,0,0
cu2206,20220218,20220218,133306500,13:33:06,71380,2972,27813,1059765900,0,0,0
cu2206,20220218,20220218,133308000,13:33:08,71380,2972,27813,1059765900,0,0,0
cu2206,20220218,20220218,133309000,13:33:09,71380,2972,27813,1059765900,0,0,0
cu2206,20220218,20220218,133309500,13:33:10,71380,2972,27813,1059765900,0,0,0
cu2206,20220218,20220218,133310500,13:33:12,71380,2972,27813,1059765900,0,0,0
cu2206,20220218,20220218,133313500,13:33:15,71380,2972,27813,1059765900,0,0,0
cu2206,20220218,20220218,133314000,13:33:17,71380,2972,27813,1059765900,0,0,0
cu2206,20220218,20220218,133314500,13:33:17,71380,2972,27813,1059765900,0,0,0
cu2206,20220218,20220218,133315500,13:33:18,71380,2972,27813,1059765900,0,0,0
cu2206,20220218,20220218,133318000,13:33:19,71380,2972,27813,1059765900,0,0,0
cu2206,20220218,20220218,133318500,13:33:19,71380,2972,27813,1059765900,0,0,0
cu2206,20220218,20220218,133319000,13:33:20,71380,2972,27813,1059765900,0,0,0
cu2206,20220218,20220218,133322000,13:33:22,71380,2972,27813,1059765900,0,0,0
cu2206,20220218,20220218,133323000,13:33:23,71380,2972,27813,1059765900,0,0,0
cu2206,20220218,20220218,133323500,13:33:24,71380,2972,27813,1059765900,0,0,0
cu2206,20220218,20220218,133324000,13:33:24,71380,2972,27813,1059765900,0,0,0
cu2206,20220218,20220218,133324500,13:33:25,71380,2972,27813,1059765900,0,0,0
cu2206,20220218,20220218,133325000,13:33:26,71380,2972,27813,1059765900,0,0,0
cu2206,20220218,20220218,133331500,13:33:32,71380,2972,27813,1059765900,0,0,0
cu2206,20220218,20220218,133332500,13:33:33,71380,2972,27813,1059765900,0,0,0
cu2206,20220218,20220218,133335500,13:33:35,71380,2972,27813,1059765900,0,0,0
cu2206,20220218,20220218,133336000,13:33:36,71380,2972,27813,1059765900,0,0,0
cu2206,20220218,20220218,133336500,13:33:36,71380,2972,27813,1059765900,0,0,0
cu2206,20220218,20220218,133337000,13:33:37,71380,2972,27813,1059765900,0,0,0
cu2206,20220218,20220218,133337500,13:33:37,71380,2972,27813,1059765900,0,0,0
cu2206,20220218,20220218,133338000,13:33:38,71390,2976,27810,1061193700,4,-3,1427800
cu2206,20220218,20220218,133338500,13:33:39,71390,2976,27810,1061193700,0,0,0
cu2206,20220218,20220218,133339000,13:33:39,71390,2976,27810,1061193700,0,0,0
cu2206,20220218,20220218,133339500,13:33:40,71390,2976,27810,1061193700,0,0,0
cu2206,20220218,20220218,133340000,13:33:40,71390,2976,27810,1061193700,0,0,0
cu2206,20220218,20220218,133343000,13:33:43,71390,2976,27810,1061193700,0,0,0
cu2206,20220218,20220218,133345500,13:33:47,71390,2976,27810,1061193700,0,0,0
cu2206,20220218,20220218,133346000,13:33:47,71390,2976,27810,1061193700,0,0,0
cu2206,20220218,20220218,133346500,13:33:48,71390,2976,27810,1061193700,0,0,0
cu2206,20220218,20220218,133347500,13:33:49,71390,2976,27810,1061193700,0,0,0
cu2206,20220218,20220218,133348000,13:33:49,71390,2976,27810,1061193700,0,0,0
cu2206,20220218,20220218,133349000,13:33:50,71390,2976,27810,1061193700,0,0,0
cu2206,20220218,20220218,133352000,13:33:52,71390,2976,27810,1061193700,0,0,0
cu2206,20220218,20220218,133355000,13:33:56,71390,2976,27810,1061193700,0,0,0
cu2206,20220218,20220218,133355500,13:33:56,71390,2976,27810,1061193700,0,0,0
cu2206,20220218,20220218,133356000,13:33:56,71390,2977,27810,1061550650,1,0,356950
cu2206,20220218,20220218,133356500,13:33:57,71390,2977,27810,1061550650,0,0,0
cu2206,20220218,20220218,133402000,13:34:10,71390,2977,27810,1061550650,0,0,0
cu2206,20220218,20220218,133402500,13:34:10,71390,2977,27810,1061550650,0,0,0
cu2206,20220218,20220218,133403000,13:34:10,71390,2977,27810,1061550650,0,0,0
cu2206,20220218,20220218,133409500,13:34:12,71390,2977,27810,1061550650,0,0,0
cu2206,20220218,20220218,133411000,13:34:12,71390,2977,27810,1061550650,0,0,0
cu2206,20220218,20220218,133412000,13:34:12,71390,2977,27810,1061550650,0,0,0
cu2206,20220218,20220218,133412500,13:34:13,71390,2977,27810,1061550650,0,0,0
cu2206,20220218,20220218,133413000,13:34:13,71390,2977,27810,1061550650,0,0,0
cu2206,20220218,20220218,133414000,13:34:14,71390,2977,27810,1061550650,0,0,0
cu2206,20220218,20220218,133415000,13:34:15,71390,2977,27810,1061550650,0,0,0
cu2206,20220218,20220218,133417500,13:34:17,71390,2977,27810,1061550650,0,0,0
cu2206,20220218,20220218,133418000,13:34:18,71390,2977,27810,1061550650,0,0,0
cu2206,20220218,20220218,133418500,13:34:19,71390,2977,27810,1061550650,0,0,0
cu2206,20220218,20220218,133419000,13:34:19,71390,2977,27810,1061550650,0,0,0
cu2206,20220218,20220218,133419500,13:34:20,71390,2977,27810,1061550650,0,0,0
cu2206,20220218,20220218,133420000,13:34:20,71390,2977,27810,1061550650,0,0,0
cu2206,20220218,20220218,133423000,13:34:24,71390,2977,27810,1061550650,0,0,0
cu2206,20220218,20220218,133423500,13:34:24,71390,2977,27810,1061550650,0,0,0
cu2206,20220218,20220218,133424000,13:34:24,71390,2977,27810,1061550650,0,0,0
cu2206,20220218,20220218,133424500,13:34:24,71390,2977,27810,1061550650,0,0,0
cu2206,20220218,20220218,133425000,13:34:25,71390,2977,27810,1061550650,0,0,0
cu2206,20220218,20220218,133425500,13:34:25,71390,2977,27810,1061550650,0,0,0
cu2206,20220218,20220218,133427500,13:34:28,71390,2977,27810,1061550650,0,0,0
cu2206,20220218,20220218,133428000,13:34:28,71390,2977,27810,1061550650,0,0,0
cu2206,20220218,20220218,133430000,13:34:30,71390,2977,27810,1061550650,0,0,0
cu2206,20220218,20220218,133431000,13:34:31,71390,2977,27810,1061550650,0,0,0
cu2206,20220218,20220218,133431500,13:34:31,71390,2977,27810,1061550650,0,0,0
cu2206,20220218,20220218,133433500,13:34:34,71390,2977,27810,1061550650,0,0,0
cu2206,20220218,20220218,133434000,13:34:34,71390,2977,27810,1061550650,0,0,0
cu2206,20220218,20220218,133434500,13:34:35,71390,2977,27810,1061550650,0,0,0
cu2206,20220218,20220218,133435000,13:34:35,71360,2981,27813,1062977850,4,3,1427200
cu2206,20220218,20220218,133435500,13:34:36,71360,2981,27813,1062977850,0,0,0
cu2206,20220218,20220218,133436000,13:34:36,71360,2981,27813,1062977850,0,0,0
cu2206,20220218,20220218,133436500,13:34:36,71360,2981,27813,1062977850,0,0,0
cu2206,20220218,20220218,133437000,13:34:37,71360,2981,27813,1062977850,0,0,0
cu2206,20220218,20220218,133437500,13:34:38,71360,2981,27813,1062977850,0,0,0
cu2206,20220218,20220218,133438000,13:34:38,71360,2981,27813,1062977850,0,0,0
cu2206,20220218,20220218,133438500,13:34:38,71360,2981,27813,1062977850,0,0,0
cu2206,20220218,20220218,133439500,13:34:39,71360,2981,27813,1062977850,0,0,0
cu2206,20220218,20220218,133440000,13:34:40,71360,2982,27813,1063334650,1,0,356800
cu2206,20220218,20220218,133440500,13:34:41,71360,2982,27813,1063334650,0,0,0
cu2206,20220218,20220218,133441000,13:34:41,71360,2982,27813,1063334650,0,0,0
cu2206,20220218,20220218,133441500,13:34:42,71360,2982,27813,1063334650,0,0,0
cu2206,20220218,20220218,133442000,13:34:44,71360,2982,27813,1063334650,0,0,0
cu2206,20220218,20220218,133442500,13:34:44,71360,2982,27813,1063334650,0,0,0
cu2206,20220218,20220218,133443500,13:34:45,71360,2982,27813,1063334650,0,0,0
cu2206,20220218,20220218,133444000,13:34:45,71360,2982,27813,1063334650,0,0,0
cu2206,20220218,20220218,133445000,13:34:46,71360,2982,27813,1063334650,0,0,0
cu2206,20220218,20220218,133445500,13:34:46,71360,2982,27813,1063334650,0,0,0
cu2206,20220218,20220218,133446000,13:34:46,71360,2982,27813,1063334650,0,0,0
cu2206,20220218,20220218,133446500,13:34:47,71360,2982,27813,1063334650,0,0,0
cu2206,20220218,20220218,133447000,13:34:47,71360,2982,27813,1063334650,0,0,0
cu2206,20220218,20220218,133447500,13:34:47,71360,2982,27813,1063334650,0,0,0
cu2206,20220218,20220218,133448000,13:34:48,71360,2982,27813,1063334650,0,0,0
cu2206,20220218,20220218,133448500,13:34:49,71360,2982,27813,1063334650,0,0,0
cu2206,20220218,20220218,133449000,13:34:49,71360,2982,27813,1063334650,0,0,0
cu2206,20220218,20220218,133452500,13:34:53,71360,2982,27813,1063334650,0,0,0
cu2206,20220218,20220218,133454000,13:34:56,71360,2982,27813,1063334650,0,0,0
cu2206,20220218,20220218,133454500,13:34:56,71360,2982,27813,1063334650,0,0,0
cu2206,20220218,20220218,133456500,13:34:57,71360,2982,27813,1063334650,0,0,0
cu2206,20220218,20220218,133457000,13:34:57,71360,2982,27813,1063334650,0,0,0
cu2206,20220218,20220218,133503000,13:35:10,71360,2982,27813,1063334650,0,0,0
cu2206,20220218,20220218,133505000,13:35:10,71360,2982,27813,1063334650,0,0,0
cu2206,20220218,20220218,133510000,13:35:10,71360,2982,27813,1063334650,0,0,0
cu2206,20220218,20220218,133511500,13:35:12,71370,2983,27813,1063691500,1,0,356850
cu2206,20220218,20220218,133512000,13:35:13,71370,2983,27813,1063691500,0,0,0
cu2206,20220218,20220218,133512500,13:35:13,71370,2983,27813,1063691500,0,0,0
cu2206,20220218,20220218,133513000,13:35:13,71370,2983,27813,1063691500,0,0,0
cu2206,20220218,20220218,133514000,13:35:14,71370,2983,27813,1063691500,0,0,0
cu2206,20220218,20220218,133515500,13:35:16,71370,2983,27813,1063691500,0,0,0
cu2206,20220218,20220218,133516500,13:35:16,71380,2984,27812,1064048400,1,-1,356900
cu2206,20220218,20220218,133517000,13:35:17,71380,2984,27812,1064048400,0,0,0
cu2206,20220218,20220218,133517500,13:35:18,71380,2984,27812,1064048400,0,0,0
cu2206,20220218,20220218,133518000,13:35:18,71380,2984,27812,1064048400,0,0,0
cu2206,20220218,20220218,133518500,13:35:19,71380,2984,27812,1064048400,0,0,0
cu2206,20220218,20220218,133519000,13:35:19,71380,2984,27812,1064048400,0,0,0
cu2206,20220218,20220218,133520000,13:35:20,71380,2984,27812,1064048400,0,0,0
cu2206,20220218,20220218,133520500,13:35:21,71380,2984,27812,1064048400,0,0,0
cu2206,20220218,20220218,133521000,13:35:21,71380,2984,27812,1064048400,0,0,0
cu2206,20220218,20220218,133521500,13:35:22,71380,2984,27812,1064048400,0,0,0
cu2206,20220218,20220218,133522500,13:35:23,71380,2984,27812,1064048400,0,0,0
cu2206,20220218,20220218,133523000,13:35:23,71380,2984,27812,1064048400,0,0,0
cu2206,20220218,20220218,133523500,13:35:23,71380,2984,27812,1064048400,0,0,0
cu2206,20220218,20220218,133524000,13:35:25,71380,2984,27812,1064048400,0,0,0
cu2206,20220218,20220218,133525000,13:35:25,71400,2986,27810,1064762400,2,-2,714000
cu2206,20220218,20220218,133525500,13:35:26,71400,2986,27810,1064762400,0,0,0
cu2206,20220218,20220218,133526000,13:35:26,71400,2986,27810,1064762400,0,0,0
cu2206,20220218,20220218,133526500,13:35:27,71400,2986,27810,1064762400,0,0,0
cu2206,20220218,20220218,133528000,13:35:31,71400,2986,27810,1064762400,0,0,0
cu2206,20220218,20220218,133528500,13:35:32,71400,2986,27810,1064762400,0,0,0
cu2206,20220218,20220218,133530500,13:35:33,71400,2986,27810,1064762400,0,0,0
cu2206,20220218,20220218,133532000,13:35:42,71400,2986,27810,1064762400,0,0,0
cu2206,20220218,20220218,133540500,13:35:43,71400,2986,27810,1064762400,0,0,0
cu2206,20220218,20220218,133541500,13:35:43,71400,2986,27810,1064762400,0,0,0
cu2206,20220218,20220218,133543500,13:35:44,71400,2986,27810,1064762400,0,0,0
cu2206,20220218,20220218,133544000,13:35:44,71400,2986,27810,1064762400,0,0,0
cu2206,20220218,20220218,133546500,13:35:46,71400,2986,27810,1064762400,0,0,0
cu2206,20220218,20220218,133548500,13:35:48,71400,2986,27810,1064762400,0,0,0
cu2206,20220218,20220218,133549000,13:35:49,71400,2986,27810,1064762400,0,0,0
cu2206,20220218,20220218,133549500,13:35:49,71400,2986,27810,1064762400,0,0,0
cu2206,20220218,20220218,133550000,13:35:50,71400,2986,27810,1064762400,0,0,0
cu2206,20220218,20220218,133551000,13:35:51,71400,2986,27810,1064762400,0,0,0
cu2206,20220218,20220218,133551500,13:35:51,71400,2986,27810,1064762400,0,0,0
cu2206,20220218,20220218,133552500,13:35:53,71410,2987,27809,1065119450,1,-1,357050
cu2206,20220218,20220218,133553000,13:35:53,71410,2987,27809,1065119450,0,0,0
cu2206,20220218,20220218,133553500,13:35:55,71410,2987,27809,1065119450,0,0,0
cu2206,20220218,20220218,133554000,13:35:55,71410,2987,27809,1065119450,0,0,0
cu2206,20220218,20220218,133554500,13:35:55,71410,2987,27809,1065119450,0,0,0
cu2206,20220218,20220218,133558500,13:36:02,71420,2988,27808,1065476550,1,-1,357100
cu2206,20220218,20220218,133559500,13:36:03,71420,2988,27808,1065476550,0,0,0
cu2206,20220218,20220218,133601000,13:36:03,71420,2988,27808,1065476550,0,0,0
cu2206,20220218,20220218,133603000,13:36:05,71420,2988,27808,1065476550,0,0,0
cu2206,20220218,20220218,133604000,13:36:06,71420,2988,27808,1065476550,0,0,0
cu2206,20220218,20220218,133608500,13:36:08,71420,2988,27808,1065476550,0,0,0
cu2206,20220218,20220218,133609000,13:36:09,71420,2988,27808,1065476550,0,0,0
cu2206,20220218,20220218,133609500,13:36:10,71420,2988,27808,1065476550,0,0,0
cu2206,20220218,20220218,133610000,13:36:10,71420,2988,27808,1065476550,0,0,0
cu2206,20220218,20220218,133611000,13:36:11,71420,2988,27808,1065476550,0,0,0
cu2206,20220218,20220218,133613000,13:36:13,71420,2988,27808,1065476550,0,0,0
cu2206,20220218,20220218,133615000,13:36:15,71420,2988,27808,1065476550,0,0,0
cu2206,20220218,20220218,133615500,13:36:15,71420,2988,27808,1065476550,0,0,0
cu2206,20220218,20220218,133616000,13:36:16,71420,2988,27808,1065476550,0,0,0
cu2206,20220218,20220218,133620000,13:36:20,71420,2988,27808,1065476550,0,0,0
cu2206,20220218,20220218,133628500,13:36:29,71410,2989,27809,1065833600,1,1,357050
cu2206,20220218,20220218,133629000,13:36:29,71410,2989,27809,1065833600,0,0,0
cu2206,20220218,20220218,133629500,13:36:30,71410,2989,27809,1065833600,0,0,0
cu2206,20220218,20220218,133630000,13:36:30,71410,2989,27809,1065833600,0,0,0
cu2206,20220218,20220218,133630500,13:36:31,71410,2989,27809,1065833600,0,0,0
cu2206,20220218,20220218,133631000,13:36:31,71400,2991,27811,1066547600,2,2,714000
cu2206,20220218,20220218,133632000,13:36:32,71400,2991,27811,1066547600,0,0,0
cu2206,20220218,20220218,133634000,13:36:34,71400,2991,27811,1066547600,0,0,0
cu2206,20220218,20220218,133634500,13:36:35,71400,2991,27811,1066547600,0,0,0
cu2206,20220218,20220218,133635000,13:36:35,71400,2991,27811,1066547600,0,0,0
cu2206,20220218,20220218,133635500,13:36:36,71400,2991,27811,1066547600,0,0,0
cu2206,20220218,20220218,133636000,13:36:36,71400,2991,27811,1066547600,0,0,0
cu2206,20220218,20220218,133637500,13:36:38,71400,2991,27811,1066547600,0,0,0
cu2206,20220218,20220218,133638000,13:36:38,71400,2991,27811,1066547600,0,0,0
cu2206,20220218,20220218,133638500,13:36:39,71400,2991,27811,1066547600,0,0,0
cu2206,20220218,20220218,133639000,13:36:39,71400,2991,27811,1066547600,0,0,0
cu2206,20220218,20220218,133639500,13:36:39,71400,2991,27811,1066547600,0,0,0
cu2206,20220218,20220218,133643000,13:36:43,71400,2991,27811,1066547600,0,0,0
cu2206,20220218,20220218,133646000,13:36:46,71400,2991,27811,1066547600,0,0,0
cu2206,20220218,20220218,133700500,13:37:00,71400,2991,27811,1066547600,0,0,0
cu2206,20220218,20220218,133701000,13:37:01,71400,2991,27811,1066547600,0,0,0
cu2206,20220218,20220218,133701500,13:37:02,71400,2991,27811,1066547600,0,0,0
cu2206,20220218,20220218,133702000,13:37:02,71400,2991,27811,1066547600,0,0,0
cu2206,20220218,20220218,133706500,13:37:08,71400,2991,27811,1066547600,0,0,0
cu2206,20220218,20220218,133711500,13:37:13,71400,2991,27811,1066547600,0,0,0
cu2206,20220218,20220218,133712000,13:37:13,71400,2991,27811,1066547600,0,0,0
cu2206,20220218,20220218,133712500,13:37:13,71400,2991,27811,1066547600,0,0,0
cu2206,20220218,20220218,133713000,13:37:14,71400,2991,27811,1066547600,0,0,0
cu2206,20220218,20220218,133715000,13:37:15,71400,2991,27811,1066547600,0,0,0
cu2206,20220218,20220218,133715500,13:37:16,71400,2991,27811,1066547600,0,0,0
cu2206,20220218,20220218,133716000,13:37:16,71400,2991,27811,1066547600,0,0,0
cu2206,20220218,20220218,133723500,13:37:23,71400,2991,27811,1066547600,0,0,0
cu2206,20220218,20220218,133725000,13:37:25,71400,2991,27811,1066547600,0,0,0
cu2206,20220218,20220218,133725500,13:37:26,71400,2991,27811,1066547600,0,0,0
cu2206,20220218,20220218,133726000,13:37:26,71400,2991,27811,1066547600,0,0,0
cu2206,20220218,20220218,133727000,13:37:27,71400,2991,27811,1066547600,0,0,0
cu2206,20220218,20220218,133729500,13:37:30,71400,2991,27811,1066547600,0,0,0
cu2206,20220218,20220218,133730000,13:37:30,71400,2991,27811,1066547600,0,0,0
cu2206,20220218,20220218,133730500,13:37:31,71400,2991,27811,1066547600,0,0,0
cu2206,20220218,20220218,133731000,13:37:31,71400,2991,27811,1066547600,0,0,0
cu2206,20220218,20220218,133732000,13:37:32,71400,2991,27811,1066547600,0,0,0
cu2206,20220218,20220218,133738000,13:37:38,71400,2991,27811,1066547600,0,0,0
cu2206,20220218,20220218,133738500,13:37:39,71400,2991,27811,1066547600,0,0,0
cu2206,20220218,20220218,133739000,13:37:39,71400,2991,27811,1066547600,0,0,0
cu2206,20220218,20220218,133739500,13:37:39,71400,2991,27811,1066547600,0,0,0
cu2206,20220218,20220218,133740500,13:37:40,71400,2991,27811,1066547600,0,0,0
cu2206,20220218,20220218,133745000,13:37:45,71400,2991,27811,1066547600,0,0,0
cu2206,20220218,20220218,133746500,13:37:47,71400,2991,27811,1066547600,0,0,0
cu2206,20220218,20220218,133747000,13:37:47,71400,2991,27811,1066547600,0,0,0
cu2206,20220218,20220218,133747500,13:37:48,71400,2991,27811,1066547600,0,0,0
cu2206,20220218,20220218,133750000,13:37:50,71400,2991,27811,1066547600,0,0,0
cu2206,20220218,20220218,133752500,13:37:54,71400,2991,27811,1066547600,0,0,0
cu2206,20220218,20220218,133753000,13:37:54,71400,2991,27811,1066547600,0,0,0
cu2206,20220218,20220218,133753500,13:37:55,71400,2991,27811,1066547600,0,0,0
cu2206,20220218,20220218,133801000,13:38:02,71400,2991,27811,1066547600,0,0,0
cu2206,20220218,20220218,133802000,13:38:03,71400,2991,27811,1066547600,0,0,0
cu2206,20220218,20220218,133810000,13:38:10,71400,2991,27811,1066547600,0,0,0
cu2206,20220218,20220218,133813500,13:38:15,71400,2991,27811,1066547600,0,0,0
cu2206,20220218,20220218,133817500,13:38:18,71400,2991,27811,1066547600,0,0,0
cu2206,20220218,20220218,133818000,13:38:18,71400,2991,27811,1066547600,0,0,0
cu2206,20220218,20220218,133821500,13:38:23,71400,2991,27811,1066547600,0,0,0
cu2206,20220218,20220218,133837500,13:38:43,71400,2991,27811,1066547600,0,0,0
cu2206,20220218,20220218,133844500,13:38:44,71400,2991,27811,1066547600,0,0,0
cu2206,20220218,20220218,133914000,13:39:15,71400,2991,27811,1066547600,0,0,0
cu2206,20220218,20220218,133914500,13:39:16,71400,2991,27811,1066547600,0,0,0
cu2206,20220218,20220218,133915500,13:39:19,71400,2991,27811,1066547600,0,0,0
cu2206,20220218,20220218,133917000,13:39:19,71400,2991,27811,1066547600,0,0,0
cu2206,20220218,20220218,133922000,13:39:22,71400,2991,27811,1066547600,0,0,0
cu2206,20220218,20220218,133923000,13:39:23,71400,2991,27811,1066547600,0,0,0
cu2206,20220218,20220218,133924000,13:39:24,71400,2991,27811,1066547600,0,0,0
cu2206,20220218,20220218,133924500,13:39:24,71400,2991,27811,1066547600,0,0,0
cu2206,20220218,20220218,133935000,13:39:35,71410,2994,27812,1067618850,3,1,1071250
cu2206,20220218,20220218,133936500,13:39:36,71410,2996,27814,1068332950,2,2,714100
cu2206,20220218,20220218,133937500,13:39:37,71410,2996,27814,1068332950,0,0,0
cu2206,20220218,20220218,133938000,13:39:38,71410,2996,27814,1068332950,0,0,0
cu2206,20220218,20220218,133940000,13:39:40,71410,2996,27814,1068332950,0,0,0
cu2206,20220218,20220218,133940500,13:39:41,71410,2996,27814,1068332950,0,0,0
cu2206,20220218,20220218,133944000,13:39:44,71410,2996,27814,1068332950,0,0,0
cu2206,20220218,20220218,133945000,13:39:45,71400,2999,27817,1069403950,3,3,1071000
cu2206,20220218,20220218,133945500,13:39:46,71400,3000,27817,1069760950,1,0,357000
cu2206,20220218,20220218,133946000,13:39:47,71400,3001,27818,1070117950,1,1,357000
cu2206,20220218,20220218,133956000,13:39:56,71400,3001,27818,1070117950,0,0,0
cu2206,20220218,20220218,133956500,13:39:57,71400,3001,27818,1070117950,0,0,0
cu2206,20220218,20220218,133957000,13:39:57,71400,3001,27818,1070117950,0,0,0
cu2206,20220218,20220218,133957500,13:40:13,71400,3001,27818,1070117950,0,0,0
cu2206,20220218,20220218,134001000,13:40:13,71400,3001,27818,1070117950,0,0,0
cu2206,20220218,20220218,134019000,13:40:19,71400,3001,27818,1070117950,0,0,0
cu2206,20220218,20220218,134019500,13:40:20,71400,3001,27818,1070117950,0,0,0
cu2206,20220218,20220218,134020500,13:40:21,71400,3001,27818,1070117950,0,0,0
cu2206,20220218,20220218,134022000,13:40:22,71400,3001,27818,1070117950,0,0,0
cu2206,20220218,20220218,134022500,13:40:22,71400,3001,27818,1070117950,0,0,0
cu2206,20220218,20220218,134023000,13:40:23,71400,3001,27818,1070117950,0,0,0
cu2206,20220218,20220218,134023500,13:40:24,71400,3001,27818,1070117950,0,0,0
cu2206,20220218,20220218,134024000,13:40:24,71400,3001,27818,1070117950,0,0,0
cu2206,20220218,20220218,134024500,13:40:25,71400,3001,27818,1070117950,0,0,0
cu2206,20220218,20220218,134026000,13:40:26,71400,3001,27818,1070117950,0,0,0
cu2206,20220218,20220218,134028000,13:40:28,71400,3001,27818,1070117950,0,0,0
cu2206,20220218,20220218,134028500,13:40:29,71400,3001,27818,1070117950,0,0,0
cu2206,20220218,20220218,134030500,13:40:31,71400,3001,27818,1070117950,0,0,0
cu2206,20220218,20220218,134031500,13:40:32,71400,3001,27818,1070117950,0,0,0
cu2206,20220218,20220218,134032000,13:40:32,71400,3001,27818,1070117950,0,0,0
cu2206,20220218,20220218,134032500,13:40:32,71400,3001,27818,1070117950,0,0,0
cu2206,20220218,20220218,134033000,13:40:33,71400,3001,27818,1070117950,0,0,0
cu2206,20220218,20220218,134033500,13:40:34,71400,3001,27818,1070117950,0,0,0
cu2206,20220218,20220218,134034500,13:40:35,71400,3001,27818,1070117950,0,0,0
cu2206,20220218,20220218,134035000,13:40:35,71400,3001,27818,1070117950,0,0,0
cu2206,20220218,20220218,134036500,13:40:36,71400,3001,27818,1070117950,0,0,0
cu2206,20220218,20220218,134041000,13:40:42,71400,3001,27818,1070117950,0,0,0
cu2206,20220218,20220218,134041500,13:40:42,71400,3001,27818,1070117950,0,0,0
cu2206,20220218,20220218,134042000,13:40:42,71400,3001,27818,1070117950,0,0,0
cu2206,20220218,20220218,134042500,13:40:42,71400,3001,27818,1070117950,0,0,0
cu2206,20220218,20220218,134044500,13:40:44,71420,3002,27818,1070475050,1,0,357100
cu2206,20220218,20220218,134045000,13:40:45,71420,3002,27818,1070475050,0,0,0
cu2206,20220218,20220218,134045500,13:40:45,71420,3002,27818,1070475050,0,0,0
cu2206,20220218,20220218,134053500,13:40:55,71420,3002,27818,1070475050,0,0,0
cu2206,20220218,20220218,134056500,13:40:58,71420,3002,27818,1070475050,0,0,0
cu2206,20220218,20220218,134057000,13:40:58,71420,3002,27818,1070475050,0,0,0
cu2206,20220218,20220218,134057500,13:40:58,71420,3002,27818,1070475050,0,0,0
cu2206,20220218,20220218,134058000,13:40:58,71420,3002,27818,1070475050,0,0,0
cu2206,20220218,20220218,134101500,13:41:01,71420,3002,27818,1070475050,0,0,0
cu2206,20220218,20220218,134102000,13:41:02,71420,3002,27818,1070475050,0,0,0
cu2206,20220218,20220218,134105000,13:41:06,71420,3002,27818,1070475050,0,0,0
cu2206,20220218,20220218,134105500,13:41:06,71420,3002,27818,1070475050,0,0,0
cu2206,20220218,20220218,134106000,13:41:07,71420,3002,27818,1070475050,0,0,0
cu2206,20220218,20220218,134106500,13:41:07,71440,3003,27817,1070832250,1,-1,357200
cu2206,20220218,20220218,134107000,13:41:08,71440,3003,27817,1070832250,0,0,0
cu2206,20220218,20220218,134107500,13:41:09,71440,3003,27817,1070832250,0,0,0
cu2206,20220218,20220218,134108000,13:41:09,71440,3003,27817,1070832250,0,0,0
cu2206,20220218,20220218,134109000,13:41:10,71440,3003,27817,1070832250,0,0,0
cu2206,20220218,20220218,134109500,13:41:10,71440,3003,27817,1070832250,0,0,0
cu2206,20220218,20220218,134110000,13:41:10,71440,3003,27817,1070832250,0,0,0
cu2206,20220218,20220218,134112000,13:41:12,71440,3003,27817,1070832250,0,0,0
cu2206,20220218,20220218,134112500,13:41:12,71440,3003,27817,1070832250,0,0,0
cu2206,20220218,20220218,134117000,13:41:17,71450,3004,27816,1071189500,1,-1,357250
cu2206,20220218,20220218,134117500,13:41:18,71450,3004,27816,1071189500,0,0,0
cu2206,20220218,20220218,134118000,13:41:19,71450,3004,27816,1071189500,0,0,0
cu2206,20220218,20220218,134120500,13:41:23,71450,3004,27816,1071189500,0,0,0
cu2206,20220218,20220218,134123000,13:41:24,71450,3004,27816,1071189500,0,0,0
cu2206,20220218,20220218,134123500,13:41:24,71450,3004,27816,1071189500,0,0,0
cu2206,20220218,20220218,134124000,13:41:24,71450,3004,27816,1071189500,0,0,0
cu2206,20220218,20220218,134124500,13:41:26,71450,3004,27816,1071189500,0,0,0
cu2206,20220218,20220218,134125000,13:41:26,71450,3004,27816,1071189500,0,0,0
cu2206,20220218,20220218,134125500,13:41:27,71450,3004,27816,1071189500,0,0,0
cu2206,20220218,20220218,134126500,13:41:27,71450,3004,27816,1071189500,0,0,0
cu2206,20220218,20220218,134127000,13:41:27,71450,3004,27816,1071189500,0,0,0
cu2206,20220218,20220218,134128000,13:41:28,71450,3004,27816,1071189500,0,0,0
cu2206,20220218,20220218,134131500,13:41:32,71450,3004,27816,1071189500,0,0,0
cu2206,20220218,20220218,134132500,13:41:33,71450,3004,27816,1071189500,0,0,0
cu2206,20220218,20220218,134133500,13:41:34,71450,3004,27816,1071189500,0,0,0
cu2206,20220218,20220218,134134000,13:41:34,71450,3004,27816,1071189500,0,0,0
cu2206,20220218,20220218,134137000,13:41:40,71450,3004,27816,1071189500,0,0,0
cu2206,20220218,20220218,134139000,13:41:42,71450,3004,27816,1071189500,0,0,0
cu2206,20220218,20220218,134142000,13:41:42,71450,3004,27816,1071189500,0,0,0
cu2206,20220218,20220218,134146000,13:41:46,71450,3004,27816,1071189500,0,0,0
cu2206,20220218,20220218,134146500,13:41:47,71450,3004,27816,1071189500,0,0,0
cu2206,20220218,20220218,134147000,13:41:47,71450,3004,27816,1071189500,0,0,0
cu2206,20220218,20220218,134147500,13:41:48,71450,3004,27816,1071189500,0,0,0
cu2206,20220218,20220218,134149000,13:41:49,71450,3007,27816,1072261250,3,0,1071750
cu2206,20220218,20220218,134152000,13:41:52,71450,3007,27816,1072261250,0,0,0
cu2206,20220218,20220218,134152500,13:41:52,71450,3007,27816,1072261250,0,0,0
cu2206,20220218,20220218,134154500,13:42:02,71450,3007,27816,1072261250,0,0,0
cu2206,20220218,20220218,134209000,13:42:12,71450,3008,27817,1072618500,1,1,357250
cu2206,20220218,20220218,134213000,13:42:13,71430,3009,27818,1072975650,1,1,357150
cu2206,20220218,20220218,134213500,13:42:14,71430,3009,27818,1072975650,0,0,0
cu2206,20220218,20220218,134214000,13:42:14,71430,3009,27818,1072975650,0,0,0
cu2206,20220218,20220218,134214500,13:42:15,71430,3009,27818,1072975650,0,0,0
cu2206,20220218,20220218,134217500,13:42:19,71430,3009,27818,1072975650,0,0,0
cu2206,20220218,20220218,134221000,13:42:21,71430,3009,27818,1072975650,0,0,0
cu2206,20220218,20220218,134222500,13:42:22,71430,3009,27818,1072975650,0,0,0
cu2206,20220218,20220218,134223500,13:42:24,71430,3009,27818,1072975650,0,0,0
cu2206,20220218,20220218,134224000,13:42:24,71430,3009,27818,1072975650,0,0,0
cu2206,20220218,20220218,134226000,13:42:27,71430,3009,27818,1072975650,0,0,0
cu2206,20220218,20220218,134227000,13:42:28,71430,3009,27818,1072975650,0,0,0
cu2206,20220218,20220218,134246000,13:42:46,71430,3009,27818,1072975650,0,0,0
cu2206,20220218,20220218,134255000,13:42:55,71430,3009,27818,1072975650,0,0,0
cu2206,20220218,20220218,134255500,13:42:55,71430,3009,27818,1072975650,0,0,0
cu2206,20220218,20220218,134256000,13:42:56,71430,3009,27818,1072975650,0,0,0
cu2206,20220218,20220218,134256500,13:42:57,71430,3009,27818,1072975650,0,0,0
cu2206,20220218,20220218,134257000,13:42:59,71430,3009,27818,1072975650,0,0,0
cu2206,20220218,20220218,134300000,13:43:01,71430,3009,27818,1072975650,0,0,0
cu2206,20220218,20220218,134313000,13:43:14,71430,3009,27818,1072975650,0,0,0
cu2206,20220218,20220218,134314000,13:43:14,71430,3009,27818,1072975650,0,0,0
cu2206,20220218,20220218,134314500,13:43:15,71430,3009,27818,1072975650,0,0,0
cu2206,20220218,20220218,134316500,13:43:17,71430,3009,27818,1072975650,0,0,0
cu2206,20220218,20220218,134321000,13:43:21,71430,3010,27819,1073332800,1,1,357150
cu2206,20220218,20220218,134321500,13:43:21,71430,3014,27820,1074761400,4,1,1428600
cu2206,20220218,20220218,134322000,13:43:22,71430,3014,27820,1074761400,0,0,0
cu2206,20220218,20220218,134322500,13:43:23,71430,3014,27820,1074761400,0,0,0
cu2206,20220218,20220218,134325500,13:43:26,71430,3014,27820,1074761400,0,0,0
cu2206,20220218,20220218,134326000,13:43:26,71430,3014,27820,1074761400,0,0,0
cu2206,20220218,20220218,134326500,13:43:27,71430,3014,27820,1074761400,0,0,0
cu2206,20220218,20220218,134327000,13:43:27,71430,3014,27820,1074761400,0,0,0
cu2206,20220218,20220218,134327500,13:43:27,71430,3014,27820,1074761400,0,0,0
cu2206,20220218,20220218,134332500,13:43:32,71430,3014,27820,1074761400,0,0,0
cu2206,20220218,20220218,134338500,13:43:39,71430,3014,27820,1074761400,0,0,0
cu2206,20220218,20220218,134339000,13:43:40,71430,3014,27820,1074761400,0,0,0
cu2206,20220218,20220218,134348000,13:44:04,71430,3014,27820,1074761400,0,0,0
cu2206,20220218,20220218,134402500,13:44:04,71430,3014,27820,1074761400,0,0,0
cu2206,20220218,20220218,134405500,13:44:06,71430,3014,27820,1074761400,0,0,0
cu2206,20220218,20220218,134406000,13:44:06,71430,3014,27820,1074761400,0,0,0
cu2206,20220218,20220218,134406500,13:44:06,71430,3014,27820,1074761400,0,0,0
cu2206,20220218,20220218,134407500,13:44:08,71430,3014,27820,1074761400,0,0,0
cu2206,20220218,20220218,134408500,13:44:09,71430,3014,27820,1074761400,0,0,0
cu2206,20220218,20220218,134415500,13:44:17,71430,3014,27820,1074761400,0,0,0
cu2206,20220218,20220218,134420000,13:44:23,71430,3014,27820,1074761400,0,0,0
cu2206,20220218,20220218,134420500,13:44:23,71430,3014,27820,1074761400,0,0,0
cu2206,20220218,20220218,134421000,13:44:23,71430,3014,27820,1074761400,0,0,0
cu2206,20220218,20220218,134422500,13:44:23,71430,3014,27820,1074761400,0,0,0
cu2206,20220218,20220218,134423500,13:44:24,71430,3014,27820,1074761400,0,0,0
cu2206,20220218,20220218,134424000,13:44:24,71430,3014,27820,1074761400,0,0,0
cu2206,20220218,20220218,134425500,13:44:25,71430,3014,27820,1074761400,0,0,0
cu2206,20220218,20220218,134426000,13:44:26,71430,3014,27820,1074761400,0,0,0
cu2206,20220218,20220218,134428500,13:44:29,71430,3014,27820,1074761400,0,0,0
cu2206,20220218,20220218,134429000,13:44:29,71430,3014,27820,1074761400,0,0,0
cu2206,20220218,20220218,134432500,13:44:37,71430,3014,27820,1074761400,0,0,0
cu2206,20220218,20220218,134438000,13:44:38,71430,3014,27820,1074761400,0,0,0
cu2206,20220218,20220218,134449500,13:44:50,71430,3014,27820,1074761400,0,0,0
cu2206,20220218,20220218,134455500,13:44:56,71430,3014,27820,1074761400,0,0,0
cu2206,20220218,20220218,134456000,13:44:56,71430,3014,27820,1074761400,0,0,0
cu2206,20220218,20220218,134459000,13:44:59,71430,3014,27820,1074761400,0,0,0
cu2206,20220218,20220218,134459500,13:44:59,71430,3014,27820,1074761400,0,0,0
cu2206,20220218,20220218,134501500,13:45:02,71430,3014,27820,1074761400,0,0,0
cu2206,20220218,20220218,134507000,13:45:09,71430,3014,27820,1074761400,0,0,0
cu2206,20220218,20220218,134509000,13:45:10,71430,3014,27820,1074761400,0,0,0
cu2206,20220218,20220218,134512000,13:45:12,71430,3014,27820,1074761400,0,0,0
cu2206,20220218,20220218,134512500,13:45:13,71430,3014,27820,1074761400,0,0,0
cu2206,20220218,20220218,134513000,13:45:13,71430,3014,27820,1074761400,0,0,0
cu2206,20220218,20220218,134513500,13:45:14,71430,3014,27820,1074761400,0,0,0
cu2206,20220218,20220218,134525000,13:45:26,71430,3014,27820,1074761400,0,0,0
cu2206,20220218,20220218,134525500,13:45:27,71430,3014,27820,1074761400,0,0,0
cu2206,20220218,20220218,134526000,13:45:27,71430,3014,27820,1074761400,0,0,0
cu2206,20220218,20220218,134526500,13:45:28,71430,3014,27820,1074761400,0,0,0
cu2206,20220218,20220218,134527000,13:45:30,71430,3014,27820,1074761400,0,0,0
cu2206,20220218,20220218,134527500,13:45:30,71430,3014,27820,1074761400,0,0,0
cu2206,20220218,20220218,134534000,13:45:35,71430,3014,27820,1074761400,0,0,0
cu2206,20220218,20220218,134534500,13:45:35,71430,3014,27820,1074761400,0,0,0
cu2206,20220218,20220218,134535000,13:45:35,71430,3014,27820,1074761400,0,0,0
cu2206,20220218,20220218,134535500,13:45:35,71430,3014,27820,1074761400,0,0,0
cu2206,20220218,20220218,134541000,13:45:41,71430,3014,27820,1074761400,0,0,0
cu2206,20220218,20220218,134544000,13:45:46,71430,3014,27820,1074761400,0,0,0
cu2206,20220218,20220218,134547000,13:45:47,71430,3014,27820,1074761400,0,0,0
cu2206,20220218,20220218,134548500,13:45:48,71430,3014,27820,1074761400,0,0,0
cu2206,20220218,20220218,134555500,13:45:56,71430,3014,27820,1074761400,0,0,0
cu2206,20220218,20220218,134556000,13:46:00,71430,3014,27820,1074761400,0,0,0
cu2206,20220218,20220218,134603500,13:46:04,71430,3014,27820,1074761400,0,0,0
cu2206,20220218,20220218,134604000,13:46:05,71430,3014,27820,1074761400,0,0,0
cu2206,20220218,20220218,134605000,13:46:05,71430,3014,27820,1074761400,0,0,0
cu2206,20220218,20220218,134605500,13:46:05,71430,3014,27820,1074761400,0,0,0
cu2206,20220218,20220218,134606000,13:46:06,71430,3014,27820,1074761400,0,0,0
cu2206,20220218,20220218,134610500,13:46:11,71430,3014,27820,1074761400,0,0,0
cu2206,20220218,20220218,134613000,13:46:13,71430,3014,27820,1074761400,0,0,0
cu2206,20220218,20220218,134613500,13:46:14,71430,3014,27820,1074761400,0,0,0
cu2206,20220218,20220218,134614000,13:46:14,71430,3014,27820,1074761400,0,0,0
cu2206,20220218,20220218,134614500,13:46:15,71430,3014,27820,1074761400,0,0,0
cu2206,20220218,20220218,134615000,13:46:15,71430,3014,27820,1074761400,0,0,0
cu2206,20220218,20220218,134615500,13:46:17,71430,3014,27820,1074761400,0,0,0
cu2206,20220218,20220218,134616000,13:46:17,71430,3014,27820,1074761400,0,0,0
cu2206,20220218,20220218,134619000,13:46:19,71430,3014,27820,1074761400,0,0,0
cu2206,20220218,20220218,134619500,13:46:19,71450,3022,27822,1077619400,8,2,2858000
cu2206,20220218,20220218,134621500,13:46:21,71450,3022,27822,1077619400,0,0,0
cu2206,20220218,20220218,134622000,13:46:30,71450,3022,27822,1077619400,0,0,0
cu2206,20220218,20220218,134622500,13:46:30,71450,3022,27822,1077619400,0,0,0
cu2206,20220218,20220218,134630000,13:46:31,71450,3022,27822,1077619400,0,0,0
cu2206,20220218,20220218,134632000,13:46:32,71450,3022,27822,1077619400,0,0,0
cu2206,20220218,20220218,134633000,13:46:33,71450,3022,27822,1077619400,0,0,0
cu2206,20220218,20220218,134638500,13:46:38,71450,3022,27822,1077619400,0,0,0
cu2206,20220218,20220218,134639000,13:46:39,71450,3022,27822,1077619400,0,0,0
cu2206,20220218,20220218,134639500,13:46:40,71450,3022,27822,1077619400,0,0,0
cu2206,20220218,20220218,134650500,13:46:51,71450,3022,27822,1077619400,0,0,0
cu2206,20220218,20220218,134651500,13:46:51,71450,3022,27822,1077619400,0,0,0
cu2206,20220218,20220218,134654000,13:46:55,71450,3022,27822,1077619400,0,0,0
cu2206,20220218,20220218,134704000,13:47:04,71450,3022,27822,1077619400,0,0,0
cu2206,20220218,20220218,134708500,13:47:11,71450,3022,27822,1077619400,0,0,0
cu2206,20220218,20220218,134721500,13:47:22,71450,3022,27822,1077619400,0,0,0
cu2206,20220218,20220218,134726500,13:47:27,71450,3022,27822,1077619400,0,0,0
cu2206,20220218,20220218,134728500,13:47:28,71450,3022,27822,1077619400,0,0,0
cu2206,20220218,20220218,134730500,13:47:30,71450,3022,27822,1077619400,0,0,0
cu2206,20220218,20220218,134731000,13:47:31,71450,3022,27822,1077619400,0,0,0
cu2206,20220218,20220218,134732000,13:47:32,71450,3022,27822,1077619400,0,0,0
cu2206,20220218,20220218,134732500,13:47:33,71450,3022,27822,1077619400,0,0,0
cu2206,20220218,20220218,134733000,13:47:34,71450,3022,27822,1077619400,0,0,0
cu2206,20220218,20220218,134733500,13:47:34,71450,3022,27822,1077619400,0,0,0
cu2206,20220218,20220218,134734000,13:47:35,71450,3022,27822,1077619400,0,0,0
cu2206,20220218,20220218,134737500,13:47:38,71450,3022,27822,1077619400,0,0,0
cu2206,20220218,20220218,134738000,13:47:38,71450,3022,27822,1077619400,0,0,0
cu2206,20220218,20220218,134742000,13:47:42,71450,3022,27822,1077619400,0,0,0
cu2206,20220218,20220218,134746000,13:47:47,71450,3022,27822,1077619400,0,0,0
cu2206,20220218,20220218,134818000,13:48:19,71450,3022,27822,1077619400,0,0,0
cu2206,20220218,20220218,134818500,13:48:20,71460,3023,27822,1077976700,1,0,357300
cu2206,20220218,20220218,134823500,13:48:24,71460,3023,27822,1077976700,0,0,0
cu2206,20220218,20220218,134824000,13:48:24,71460,3023,27822,1077976700,0,0,0
cu2206,20220218,20220218,134832500,13:48:32,71470,3027,27822,1079406100,4,0,1429400
cu2206,20220218,20220218,134833000,13:48:33,71470,3029,27822,1080120800,2,0,714700
cu2206,20220218,20220218,134833500,13:48:34,71470,3029,27822,1080120800,0,0,0
cu2206,20220218,20220218,134837000,13:48:37,71470,3029,27822,1080120800,0,0,0
cu2206,20220218,20220218,134837500,13:48:37,71470,3029,27822,1080120800,0,0,0
cu2206,20220218,20220218,134838000,13:48:38,71470,3029,27822,1080120800,0,0,0
cu2206,20220218,20220218,134838500,13:48:38,71470,3029,27822,1080120800,0,0,0
cu2206,20220218,20220218,134839000,13:48:39,71470,3029,27822,1080120800,0,0,0
cu2206,20220218,20220218,134845000,13:48:45,71470,3029,27822,1080120800,0,0,0
cu2206,20220218,20220218,134847500,13:48:47,71470,3029,27822,1080120800,0,0,0
cu2206,20220218,20220218,134848500,13:48:48,71470,3029,27822,1080120800,0,0,0
cu2206,20220218,20220218,134849000,13:48:49,71470,3029,27822,1080120800,0,0,0
cu2206,20220218,20220218,134853500,13:48:54,71470,3029,27822,1080120800,0,0,0
cu2206,20220218,20220218,134855500,13:48:56,71470,3029,27822,1080120800,0,0,0
cu2206,20220218,20220218,134856000,13:48:56,71470,3029,27822,1080120800,0,0,0
cu2206,20220218,20220218,134857000,13:48:57,71470,3029,27822,1080120800,0,0,0
cu2206,20220218,20220218,134900500,13:49:01,71470,3029,27822,1080120800,0,0,0
cu2206,20220218,20220218,134901000,13:49:01,71470,3029,27822,1080120800,0,0,0
cu2206,20220218,20220218,134904000,13:49:04,71470,3029,27822,1080120800,0,0,0
cu2206,20220218,20220218,134904500,13:49:04,71470,3029,27822,1080120800,0,0,0
cu2206,20220218,20220218,134905500,13:49:05,71470,3029,27822,1080120800,0,0,0
cu2206,20220218,20220218,134906500,13:49:06,71470,3029,27822,1080120800,0,0,0
cu2206,20220218,20220218,134908500,13:49:08,71470,3029,27822,1080120800,0,0,0
cu2206,20220218,20220218,134909000,13:49:09,71470,3029,27822,1080120800,0,0,0
cu2206,20220218,20220218,134910000,13:49:10,71470,3029,27822,1080120800,0,0,0
cu2206,20220218,20220218,134911000,13:49:11,71470,3029,27822,1080120800,0,0,0
cu2206,20220218,20220218,134915500,13:49:15,71470,3029,27822,1080120800,0,0,0
cu2206,20220218,20220218,134916000,13:49:16,71470,3029,27822,1080120800,0,0,0
cu2206,20220218,20220218,134916500,13:49:17,71470,3029,27822,1080120800,0,0,0
cu2206,20220218,20220218,134921000,13:49:21,71470,3029,27822,1080120800,0,0,0
cu2206,20220218,20220218,134921500,13:49:21,71470,3029,27822,1080120800,0,0,0
cu2206,20220218,20220218,134925500,13:49:25,71470,3029,27822,1080120800,0,0,0
cu2206,20220218,20220218,134941500,13:49:42,71470,3029,27822,1080120800,0,0,0
cu2206,20220218,20220218,134942000,13:49:42,71470,3029,27822,1080120800,0,0,0
cu2206,20220218,20220218,134944000,13:49:44,71470,3029,27822,1080120800,0,0,0
cu2206,20220218,20220218,134944500,13:49:44,71470,3029,27822,1080120800,0,0,0
cu2206,20220218,20220218,134954500,13:49:55,71470,3029,27822,1080120800,0,0,0
cu2206,20220218,20220218,134956500,13:49:57,71470,3029,27822,1080120800,0,0,0
cu2206,20220218,20220218,135000000,13:50:00,71470,3029,27822,1080120800,0,0,0
cu2206,20220218,20220218,135005500,13:50:06,71470,3029,27822,1080120800,0,0,0
cu2206,20220218,20220218,135006000,13:50:06,71470,3029,27822,1080120800,0,0,0
cu2206,20220218,20220218,135006500,13:50:07,71470,3029,27822,1080120800,0,0,0
cu2206,20220218,20220218,135007000,13:50:07,71470,3031,27822,1080835500,2,0,714700
cu2206,20220218,20220218,135007500,13:50:09,71470,3031,27822,1080835500,0,0,0
cu2206,20220218,20220218,135008000,13:50:10,71470,3031,27822,1080835500,0,0,0
cu2206,20220218,20220218,135008500,13:50:25,71470,3031,27822,1080835500,0,0,0
cu2206,20220218,20220218,135018000,13:50:27,71470,3031,27822,1080835500,0,0,0
cu2206,20220218,20220218,135027000,13:50:33,71470,3031,27822,1080835500,0,0,0
cu2206,20220218,20220218,135034500,13:50:37,71470,3031,27822,1080835500,0,0,0
cu2206,20220218,20220218,135040000,13:50:40,71470,3031,27822,1080835500,0,0,0
cu2206,20220218,20220218,135040500,13:50:41,71470,3031,27822,1080835500,0,0,0
cu2206,20220218,20220218,135041000,13:50:41,71470,3031,27822,1080835500,0,0,0
cu2206,20220218,20220218,135041500,13:50:42,71470,3031,27822,1080835500,0,0,0
cu2206,20220218,20220218,135042500,13:50:43,71470,3031,27822,1080835500,0,0,0
cu2206,20220218,20220218,135043000,13:50:43,71470,3031,27822,1080835500,0,0,0
cu2206,20220218,20220218,135045000,13:50:45,71470,3031,27822,1080835500,0,0,0
cu2206,20220218,20220218,135049500,13:50:50,71480,3032,27822,1081192900,1,0,357400
cu2206,20220218,20220218,135050500,13:50:51,71480,3032,27822,1081192900,0,0,0
cu2206,20220218,20220218,135051500,13:50:52,71480,3032,27822,1081192900,0,0,0
cu2206,20220218,20220218,135052000,13:50:52,71480,3032,27822,1081192900,0,0,0
cu2206,20220218,20220218,135103000,13:51:03,71480,3032,27822,1081192900,0,0,0
cu2206,20220218,20220218,135104000,13:51:04,71460,3033,27822,1081550200,1,0,357300
cu2206,20220218,20220218,135105500,13:51:06,71460,3033,27822,1081550200,0,0,0
cu2206,20220218,20220218,135107500,13:51:21,71460,3033,27822,1081550200,0,0,0
cu2206,20220218,20220218,135120000,13:51:21,71460,3033,27822,1081550200,0,0,0
cu2206,20220218,20220218,135121500,13:51:21,71460,3033,27822,1081550200,0,0,0
cu2206,20220218,20220218,135124500,13:51:24,71460,3033,27822,1081550200,0,0,0
cu2206,20220218,20220218,135125000,13:51:25,71460,3033,27822,1081550200,0,0,0
cu2206,20220218,20220218,135125500,13:51:26,71460,3033,27822,1081550200,0,0,0
cu2206,20220218,20220218,135126500,13:51:27,71460,3033,27822,1081550200,0,0,0
cu2206,20220218,20220218,135127000,13:51:27,71460,3033,27822,1081550200,0,0,0
cu2206,20220218,20220218,135130000,13:51:30,71460,3033,27822,1081550200,0,0,0
cu2206,20220218,20220218,135130500,13:51:31,71460,3033,27822,1081550200,0,0,0
cu2206,20220218,20220218,135131000,13:51:31,71460,3033,27822,1081550200,0,0,0
cu2206,20220218,20220218,135132000,13:51:32,71460,3033,27822,1081550200,0,0,0
cu2206,20220218,20220218,135132500,13:51:32,71460,3033,27822,1081550200,0,0,0
cu2206,20220218,20220218,135133500,13:51:33,71460,3033,27822,1081550200,0,0,0
cu2206,20220218,20220218,135137000,13:51:37,71460,3033,27822,1081550200,0,0,0
cu2206,20220218,20220218,135141000,13:51:41,71460,3033,27822,1081550200,0,0,0
cu2206,20220218,20220218,135142500,13:51:42,71460,3033,27822,1081550200,0,0,0
cu2206,20220218,20220218,135145500,13:51:45,71460,3033,27822,1081550200,0,0,0
cu2206,20220218,20220218,135147000,13:51:47,71460,3033,27822,1081550200,0,0,0
cu2206,20220218,20220218,135148500,13:51:49,71460,3033,27822,1081550200,0,0,0
cu2206,20220218,20220218,135152500,13:51:52,71460,3033,27822,1081550200,0,0,0
cu2206,20220218,20220218,135201000,13:52:01,71480,3042,27820,1084766600,9,-2,3216400
cu2206,20220218,20220218,135201500,13:52:02,71480,3042,27820,1084766600,0,0,0
cu2206,20220218,20220218,135202000,13:52:03,71480,3042,27820,1084766600,0,0,0
cu2206,20220218,20220218,135202500,13:52:03,71480,3042,27820,1084766600,0,0,0
cu2206,20220218,20220218,135203000,13:52:03,71480,3042,27820,1084766600,0,0,0
cu2206,20220218,20220218,135203500,13:52:04,71480,3042,27820,1084766600,0,0,0
cu2206,20220218,20220218,135205000,13:52:05,71480,3042,27820,1084766600,0,0,0
cu2206,20220218,20220218,135205500,13:52:06,71480,3042,27820,1084766600,0,0,0
cu2206,20220218,20220218,135206000,13:52:06,71480,3042,27820,1084766600,0,0,0
cu2206,20220218,20220218,135208500,13:52:11,71480,3042,27820,1084766600,0,0,0
cu2206,20220218,20220218,135209500,13:52:11,71480,3042,27820,1084766600,0,0,0
cu2206,20220218,20220218,135210500,13:52:11,71480,3042,27820,1084766600,0,0,0
cu2206,20220218,20220218,135211000,13:52:12,71480,3042,27820,1084766600,0,0,0
cu2206,20220218,20220218,135217000,13:52:17,71480,3042,27820,1084766600,0,0,0
cu2206,20220218,20220218,135217500,13:52:19,71460,3044,27819,1085481200,2,-1,714600
cu2206,20220218,20220218,135218000,13:52:19,71460,3044,27819,1085481200,0,0,0
cu2206,20220218,20220218,135226500,13:52:27,71460,3044,27819,1085481200,0,0,0
cu2206,20220218,20220218,135231500,13:52:32,71460,3044,27819,1085481200,0,0,0
cu2206,20220218,20220218,135233500,13:52:33,71460,3044,27819,1085481200,0,0,0
cu2206,20220218,20220218,135241000,13:52:45,71460,3044,27819,1085481200,0,0,0
cu2206,20220218,20220218,135247500,13:52:48,71460,3044,27819,1085481200,0,0,0
cu2206,20220218,20220218,135248000,13:52:48,71460,3044,27819,1085481200,0,0,0
cu2206,20220218,20220218,135248500,13:52:49,71460,3044,27819,1085481200,0,0,0
cu2206,20220218,20220218,135249000,13:52:49,71460,3044,27819,1085481200,0,0,0
cu2206,20220218,20220218,135249500,13:52:50,71460,3044,27819,1085481200,0,0,0
cu2206,20220218,20220218,135252000,13:52:52,71460,3046,27821,1086195800,2,2,714600
cu2206,20220218,20220218,135253000,13:52:53,71460,3046,27821,1086195800,0,0,0
cu2206,20220218,20220218,135254000,13:52:54,71460,3046,27821,1086195800,0,0,0
cu2206,20220218,20220218,135257000,13:52:57,71460,3046,27821,1086195800,0,0,0
cu2206,20220218,20220218,135257500,13:52:57,71460,3046,27821,1086195800,0,0,0
cu2206,20220218,20220218,135258000,13:52:58,71460,3049,27821,1087267700,3,0,1071900
cu2206,20220218,20220218,135258500,13:52:59,71460,3049,27821,1087267700,0,0,0
cu2206,20220218,20220218,135259000,13:52:59,71460,3049,27821,1087267700,0,0,0
cu2206,20220218,20220218,135300000,13:53:00,71460,3049,27821,1087267700,0,0,0
cu2206,20220218,20220218,135300500,13:53:01,71480,3051,27822,1087982450,2,1,714750
cu2206,20220218,20220218,135301000,13:53:01,71480,3051,27822,1087982450,0,0,0
cu2206,20220218,20220218,135301500,13:53:02,71480,3051,27822,1087982450,0,0,0
cu2206,20220218,20220218,135302500,13:53:03,71480,3051,27822,1087982450,0,0,0
cu2206,20220218,20220218,135303000,13:53:03,71480,3051,27822,1087982450,0,0,0
cu2206,20220218,20220218,135303500,13:53:04,71480,3051,27822,1087982450,0,0,0
cu2206,20220218,20220218,135304000,13:53:05,71480,3051,27822,1087982450,0,0,0
cu2206,20220218,20220218,135304500,13:53:06,71480,3051,27822,1087982450,0,0,0
cu2206,20220218,20220218,135305000,13:53:07,71480,3051,27822,1087982450,0,0,0
cu2206,20220218,20220218,135305500,13:53:08,71480,3051,27822,1087982450,0,0,0
cu2206,20220218,20220218,135306000,13:53:08,71480,3051,27822,1087982450,0,0,0
cu2206,20220218,20220218,135307500,13:53:09,71480,3051,27822,1087982450,0,0,0
cu2206,20220218,20220218,135309500,13:53:09,71480,3051,27822,1087982450,0,0,0
cu2206,20220218,20220218,135310000,13:53:10,71480,3051,27822,1087982450,0,0,0
cu2206,20220218,20220218,135310500,13:53:10,71480,3051,27822,1087982450,0,0,0
cu2206,20220218,20220218,135312000,13:53:12,71480,3051,27822,1087982450,0,0,0
cu2206,20220218,20220218,135313500,13:53:13,71480,3051,27822,1087982450,0,0,0
cu2206,20220218,20220218,135314000,13:53:14,71450,3058,27821,1090483200,7,-1,2500750
cu2206,20220218,20220218,135314500,13:53:15,71450,3058,27821,1090483200,0,0,0
cu2206,20220218,20220218,135315000,13:53:15,71440,3060,27821,1091197600,2,0,714400
cu2206,20220218,20220218,135315500,13:53:15,71450,3064,27823,1092626600,4,2,1429000
cu2206,20220218,20220218,135316000,13:53:16,71450,3064,27823,1092626600,0,0,0
cu2206,20220218,20220218,135316500,13:53:20,71450,3064,27823,1092626600,0,0,0
cu2206,20220218,20220218,135317500,13:53:20,71450,3064,27823,1092626600,0,0,0
cu2206,20220218,20220218,135319500,13:53:20,71450,3064,27823,1092626600,0,0,0
cu2206,20220218,20220218,135320000,13:53:20,71450,3064,27823,1092626600,0,0,0
cu2206,20220218,20220218,135320500,13:53:21,71450,3064,27823,1092626600,0,0,0
cu2206,20220218,20220218,135321000,13:53:21,71450,3064,27823,1092626600,0,0,0
cu2206,20220218,20220218,135321500,13:53:22,71450,3064,27823,1092626600,0,0,0
cu2206,20220218,20220218,135322000,13:53:22,71450,3064,27823,1092626600,0,0,0
cu2206,20220218,20220218,135322500,13:53:23,71450,3064,27823,1092626600,0,0,0
cu2206,20220218,20220218,135323000,13:53:23,71450,3064,27823,1092626600,0,0,0
cu2206,20220218,20220218,135324000,13:53:24,71450,3064,27823,1092626600,0,0,0
cu2206,20220218,20220218,135325000,13:53:26,71450,3064,27823,1092626600,0,0,0
cu2206,20220218,20220218,135325500,13:53:26,71450,3064,27823,1092626600,0,0,0
cu2206,20220218,20220218,135326500,13:53:26,71420,3068,27822,1094055150,4,-1,1428550
cu2206,20220218,20220218,135327000,13:53:27,71420,3068,27822,1094055150,0,0,0
cu2206,20220218,20220218,135327500,13:53:28,71420,3068,27822,1094055150,0,0,0
cu2206,20220218,20220218,135328000,13:53:28,71420,3068,27822,1094055150,0,0,0
cu2206,20220218,20220218,135333000,13:53:33,71420,3068,27822,1094055150,0,0,0
cu2206,20220218,20220218,135334500,13:53:35,71420,3068,27822,1094055150,0,0,0
cu2206,20220218,20220218,135335500,13:53:36,71420,3068,27822,1094055150,0,0,0
cu2206,20220218,20220218,135336000,13:53:44,71420,3068,27822,1094055150,0,0,0
cu2206,20220218,20220218,135337000,13:53:44,71420,3068,27822,1094055150,0,0,0
cu2206,20220218,20220218,135344000,13:53:45,71420,3068,27822,1094055150,0,0,0
cu2206,20220218,20220218,135344500,13:53:46,71420,3068,27822,1094055150,0,0,0
cu2206,20220218,20220218,135346000,13:53:47,71420,3068,27822,1094055150,0,0,0
cu2206,20220218,20220218,135346500,13:53:47,71420,3068,27822,1094055150,0,0,0
cu2206,20220218,20220218,135348500,13:53:48,71420,3068,27822,1094055150,0,0,0
cu2206,20220218,20220218,135350500,13:53:51,71420,3068,27822,1094055150,0,0,0
cu2206,20220218,20220218,135352500,13:53:53,71420,3068,27822,1094055150,0,0,0
cu2206,20220218,20220218,135354500,13:53:55,71420,3068,27822,1094055150,0,0,0
cu2206,20220218,20220218,135355000,13:53:55,71420,3068,27822,1094055150,0,0,0
cu2206,20220218,20220218,135358000,13:53:59,71420,3068,27822,1094055150,0,0,0
cu2206,20220218,20220218,135358500,13:54:00,71420,3068,27822,1094055150,0,0,0
cu2206,20220218,20220218,135359000,13:54:01,71420,3068,27822,1094055150,0,0,0
cu2206,20220218,20220218,135359500,13:54:08,71420,3068,27822,1094055150,0,0,0
cu2206,20220218,20220218,135400000,13:54:08,71420,3068,27822,1094055150,0,0,0
cu2206,20220218,20220218,135405000,13:54:09,71420,3068,27822,1094055150,0,0,0
cu2206,20220218,20220218,135408500,13:54:09,71420,3068,27822,1094055150,0,0,0
cu2206,20220218,20220218,135409500,13:54:10,71420,3068,27822,1094055150,0,0,0
cu2206,20220218,20220218,135410000,13:54:10,71420,3068,27822,1094055150,0,0,0
cu2206,20220218,20220218,135412000,13:54:12,71420,3068,27822,1094055150,0,0,0
cu2206,20220218,20220218,135414500,13:54:14,71410,3069,27823,1094412200,1,1,357050
cu2206,20220218,20220218,135415000,13:54:15,71410,3069,27823,1094412200,0,0,0
cu2206,20220218,20220218,135417500,13:54:18,71410,3069,27823,1094412200,0,0,0
cu2206,20220218,20220218,135419000,13:54:19,71410,3069,27823,1094412200,0,0,0
cu2206,20220218,20220218,135420000,13:54:20,71410,3069,27823,1094412200,0,0,0
cu2206,20220218,20220218,135420500,13:54:21,71410,3069,27823,1094412200,0,0,0
cu2206,20220218,20220218,135421000,13:54:21,71410,3069,27823,1094412200,0,0,0
cu2206,20220218,20220218,135421500,13:54:21,71410,3069,27823,1094412200,0,0,0
cu2206,20220218,20220218,135422000,13:54:22,71410,3069,27823,1094412200,0,0,0
cu2206,20220218,20220218,135429000,13:54:31,71410,3069,27823,1094412200,0,0,0
cu2206,20220218,20220218,135430000,13:54:31,71410,3069,27823,1094412200,0,0,0
cu2206,20220218,20220218,135435500,13:54:35,71410,3069,27823,1094412200,0,0,0
cu2206,20220218,20220218,135438500,13:54:39,71410,3069,27823,1094412200,0,0,0
cu2206,20220218,20220218,135447500,13:54:47,71410,3069,27823,1094412200,0,0,0
cu2206,20220218,20220218,135449000,13:54:49,71410,3069,27823,1094412200,0,0,0
cu2206,20220218,20220218,135451500,13:54:51,71410,3069,27823,1094412200,0,0,0
cu2206,20220218,20220218,135452000,13:54:52,71410,3069,27823,1094412200,0,0,0
cu2206,20220218,20220218,135452500,13:54:52,71410,3069,27823,1094412200,0,0,0
cu2206,20220218,20220218,135453500,13:54:54,71410,3069,27823,1094412200,0,0,0
cu2206,20220218,20220218,135456500,13:54:56,71410,3069,27823,1094412200,0,0,0
cu2206,20220218,20220218,135507500,13:55:11,71410,3069,27823,1094412200,0,0,0
cu2206,20220218,20220218,135508000,13:55:12,71410,3069,27823,1094412200,0,0,0
cu2206,20220218,20220218,135508500,13:55:12,71410,3069,27823,1094412200,0,0,0
cu2206,20220218,20220218,135511500,13:55:12,71410,3069,27823,1094412200,0,0,0
cu2206,20220218,20220218,135512500,13:55:13,71410,3069,27823,1094412200,0,0,0
cu2206,20220218,20220218,135515500,13:55:16,71410,3069,27823,1094412200,0,0,0
cu2206,20220218,20220218,135546500,13:55:47,71410,3069,27823,1094412200,0,0,0
cu2206,20220218,20220218,135552000,13:55:52,71410,3069,27823,1094412200,0,0,0
cu2206,20220218,20220218,135552500,13:55:52,71410,3069,27823,1094412200,0,0,0
cu2206,20220218,20220218,135553500,13:55:54,71410,3069,27823,1094412200,0,0,0
cu2206,20220218,20220218,135557500,13:55:58,71410,3069,27823,1094412200,0,0,0
cu2206,20220218,20220218,135558000,13:55:58,71410,3069,27823,1094412200,0,0,0
cu2206,20220218,20220218,135559000,13:55:59,71410,3069,27823,1094412200,0,0,0
cu2206,20220218,20220218,135617500,13:56:23,71410,3069,27823,1094412200,0,0,0
cu2206,20220218,20220218,135623000,13:56:24,71410,3069,27823,1094412200,0,0,0
cu2206,20220218,20220218,135624000,13:56:24,71410,3069,27823,1094412200,0,0,0
cu2206,20220218,20220218,135626000,13:56:33,71410,3069,27823,1094412200,0,0,0
cu2206,20220218,20220218,135629500,13:56:35,71410,3069,27823,1094412200,0,0,0
cu2206,20220218,20220218,135634000,13:56:35,71410,3069,27823,1094412200,0,0,0
cu2206,20220218,20220218,135634500,13:56:35,71410,3069,27823,1094412200,0,0,0
cu2206,20220218,20220218,135635000,13:56:35,71410,3069,27823,1094412200,0,0,0
cu2206,20220218,20220218,135644500,13:56:45,71410,3069,27823,1094412200,0,0,0
cu2206,20220218,20220218,135645500,13:56:47,71410,3069,27823,1094412200,0,0,0
cu2206,20220218,20220218,135646000,13:56:47,71410,3069,27823,1094412200,0,0,0
cu2206,20220218,20220218,135647500,13:56:48,71410,3069,27823,1094412200,0,0,0
cu2206,20220218,20220218,135648000,13:56:50,71410,3069,27823,1094412200,0,0,0
cu2206,20220218,20220218,135649500,13:56:50,71430,3071,27825,1095126500,2,2,714300
cu2206,20220218,20220218,135650000,13:56:51,71430,3071,27825,1095126500,0,0,0
cu2206,20220218,20220218,135659500,13:57:01,71430,3071,27825,1095126500,0,0,0
cu2206,20220218,20220218,135700000,13:57:01,71430,3071,27825,1095126500,0,0,0
cu2206,20220218,20220218,135701500,13:57:02,71430,3071,27825,1095126500,0,0,0
cu2206,20220218,20220218,135704500,13:57:04,71430,3071,27825,1095126500,0,0,0
cu2206,20220218,20220218,135708000,13:57:08,71430,3071,27825,1095126500,0,0,0
