cu2205,20220218,20220218,112003000,11:20:05,71520,9992,67986,3564034050,9992,2499,3564034050
cu2205,20220218,20220218,112004500,11:20:09,71520,9992,67986,3564034050,0,0,0
cu2205,20220218,20220218,112005000,11:20:10,71520,9992,67986,3564034050,0,0,0
cu2205,20220218,20220218,112006000,11:20:10,71520,9992,67986,3564034050,0,0,0
cu2205,20220218,20220218,112006500,11:20:10,71520,9992,67986,3564034050,0,0,0
cu2205,20220218,20220218,112007000,11:20:10,71520,9992,67986,3564034050,0,0,0
cu2205,20220218,20220218,112007500,11:20:10,71520,9992,67986,3564034050,0,0,0
cu2205,20220218,20220218,112008500,11:20:10,71520,9992,67986,3564034050,0,0,0
cu2205,20220218,20220218,112009000,11:20:10,71520,9992,67986,3564034050,0,0,0
cu2205,20220218,20220218,112010000,11:20:10,71540,10016,68006,3572617650,24,20,8583600
cu2205,20220218,20220218,112010500,11:20:10,71540,10016,68006,3572617650,0,0,0
cu2205,20220218,20220218,112011000,11:20:11,71540,10016,68006,3572617650,0,0,0
cu2205,20220218,20220218,112012000,11:20:12,71540,10016,68006,3572617650,0,0,0
cu2205,20220218,20220218,112012500,11:20:12,71540,10016,68006,3572617650,0,0,0
cu2205,20220218,20220218,112017500,11:20:17,71540,10016,68006,3572617650,0,0,0
cu2205,20220218,20220218,112018000,11:20:18,71540,10016,68006,3572617650,0,0,0
cu2205,20220218,20220218,112018500,11:20:18,71540,10016,68006,3572617650,0,0,0
cu2205,20220218,20220218,112019000,11:20:19,71540,10016,68006,3572617650,0,0,0
cu2205,20220218,20220218,112020500,11:20:20,71540,10016,68006,3572617650,0,0,0
cu2205,20220218,20220218,112021000,11:20:21,71540,10016,68006,3572617650,0,0,0
cu2205,20220218,20220218,112021500,11:20:21,71540,10016,68006,3572617650,0,0,0
cu2205,20220218,20220218,112025500,11:20:25,71540,10016,68006,3572617650,0,0,0
cu2205,20220218,20220218,112026000,11:20:26,71540,10016,68006,3572617650,0,0,0
cu2205,20220218,20220218,112026500,11:20:26,71540,10016,68006,3572617650,0,0,0
cu2205,20220218,20220218,112027000,11:20:27,71540,10018,68006,3573333050,2,0,715400
cu2205,20220218,20220218,112027500,11:20:28,71550,10020,68007,3574048550,2,1,715500
cu2205,20220218,20220218,112028000,11:20:28,71550,10020,68007,3574048550,0,0,0
cu2205,20220218,20220218,112028500,11:20:28,71550,10020,68007,3574048550,0,0,0
cu2205,20220218,20220218,112030000,11:20:31,71540,10021,68007,3574406250,1,0,357700
cu2205,20220218,20220218,112030500,11:20:31,71540,10021,68007,3574406250,0,0,0
cu2205,20220218,20220218,112031000,11:20:31,71540,10021,68007,3574406250,0,0,0
cu2205,20220218,20220218,112031500,11:20:32,71540,10021,68007,3574406250,0,0,0
cu2205,20220218,20220218,112033500,11:20:33,71540,10021,68007,3574406250,0,0,0
cu2205,20220218,20220218,112034000,11:20:34,71540,10021,68007,3574406250,0,0,0
cu2205,20220218,20220218,112036500,11:20:37,71540,10021,68007,3574406250,0,0,0
cu2205,20220218,20220218,112037000,11:20:37,71540,10021,68007,3574406250,0,0,0
cu2205,20220218,20220218,112037500,11:20:38,71540,10021,68007,3574406250,0,0,0
cu2205,20220218,20220218,112038000,11:20:38,71540,10021,68007,3574406250,0,0,0
cu2205,20220218,20220218,112038500,11:20:38,71540,10021,68007,3574406250,0,0,0
cu2205,20220218,20220218,112039500,11:20:40,71540,10022,68007,3574763950,1,0,357700
cu2205,20220218,20220218,112040000,11:20:40,71540,10023,68007,3575121650,1,0,357700
cu2205,20220218,20220218,112040500,11:20:41,71540,10023,68007,3575121650,0,0,0
cu2205,20220218,20220218,112042000,11:20:42,71540,10023,68007,3575121650,0,0,0
cu2205,20220218,20220218,112042500,11:20:42,71540,10024,68007,3575479350,1,0,357700
cu2205,20220218,20220218,112043000,11:20:43,71540,10024,68007,3575479350,0,0,0
cu2205,20220218,20220218,112043500,11:20:44,71540,10024,68007,3575479350,0,0,0
cu2205,20220218,20220218,112044000,11:20:44,71540,10024,68007,3575479350,0,0,0
cu2205,20220218,20220218,112044500,11:20:44,71540,10024,68007,3575479350,0,0,0
cu2205,20220218,20220218,112045000,11:20:45,71550,10026,68009,3576194850,2,2,715500
cu2205,20220218,20220218,112047000,11:20:47,71550,10026,68009,3576194850,0,0,0
cu2205,20220218,20220218,112047500,11:20:48,71550,10028,68011,3576910350,2,2,715500
cu2205,20220218,20220218,112048000,11:20:48,71550,10028,68011,3576910350,0,0,0
cu2205,20220218,20220218,112049000,11:20:50,71550,10030,68013,3577625850,2,2,715500
cu2205,20220218,20220218,112050500,11:20:51,71550,10030,68013,3577625850,0,0,0
cu2205,20220218,20220218,112051000,11:20:51,71550,10032,68015,3578341350,2,2,715500
cu2205,20220218,20220218,112052000,11:20:52,71550,10032,68015,3578341350,0,0,0
cu2205,20220218,20220218,112052500,11:20:53,71550,10032,68015,3578341350,0,0,0
cu2205,20220218,20220218,112053000,11:20:53,71550,10032,68015,3578341350,0,0,0
cu2205,20220218,20220218,112055000,11:20:55,71550,10032,68015,3578341350,0,0,0
cu2205,20220218,20220218,112056000,11:20:56,71550,10032,68015,3578341350,0,0,0
cu2205,20220218,20220218,112057000,11:20:57,71550,10032,68015,3578341350,0,0,0
cu2205,20220218,20220218,112057500,11:20:58,71550,10032,68015,3578341350,0,0,0
cu2205,20220218,20220218,112058000,11:20:58,71550,10032,68015,3578341350,0,0,0
cu2205,20220218,20220218,112058500,11:20:59,71550,10032,68015,3578341350,0,0,0
cu2205,20220218,20220218,112100000,11:21:00,71540,10035,68016,3579414450,3,1,1073100
cu2205,20220218,20220218,112100500,11:21:01,71540,10045,68026,3582991450,10,10,3577000
cu2205,20220218,20220218,112101000,11:21:01,71540,10047,68028,3583706850,2,2,715400
cu2205,20220218,20220218,112101500,11:21:02,71540,10049,68030,3584422250,2,2,715400
cu2205,20220218,20220218,112102000,11:21:02,71540,10051,68032,3585137650,2,2,715400
cu2205,20220218,20220218,112102500,11:21:03,71540,10052,68033,3585495350,1,1,357700
cu2205,20220218,20220218,112103000,11:21:03,71540,10052,68033,3585495350,0,0,0
cu2205,20220218,20220218,112103500,11:21:03,71540,10052,68033,3585495350,0,0,0
cu2205,20220218,20220218,112105000,11:21:05,71540,10052,68033,3585495350,0,0,0
cu2205,20220218,20220218,112110500,11:21:11,71540,10052,68033,3585495350,0,0,0
cu2205,20220218,20220218,112114500,11:21:14,71540,10054,68034,3586210800,2,1,715450
cu2205,20220218,20220218,112115500,11:21:15,71550,10056,68036,3586926300,2,2,715500
cu2205,20220218,20220218,112116000,11:21:16,71550,10058,68037,3587641800,2,1,715500
cu2205,20220218,20220218,112116500,11:21:16,71550,10060,68039,3588357300,2,2,715500
cu2205,20220218,20220218,112117000,11:21:17,71550,10107,68074,3605171550,47,35,16814250
cu2205,20220218,20220218,112117500,11:21:18,71560,10129,68095,3613043150,22,21,7871600
cu2205,20220218,20220218,112118000,11:21:18,71560,10131,68095,3613758750,2,0,715600
cu2205,20220218,20220218,112118500,11:21:18,71560,10131,68095,3613758750,0,0,0
cu2205,20220218,20220218,112119000,11:21:19,71580,10133,68095,3614474550,2,0,715800
cu2205,20220218,20220218,112119500,11:21:19,71580,10133,68095,3614474550,0,0,0
cu2205,20220218,20220218,112120000,11:21:20,71580,10133,68095,3614474550,0,0,0
cu2205,20220218,20220218,112120500,11:21:21,71580,10133,68095,3614474550,0,0,0
cu2205,20220218,20220218,112121000,11:21:22,71580,10133,68095,3614474550,0,0,0
cu2205,20220218,20220218,112121500,11:21:22,71580,10133,68095,3614474550,0,0,0
cu2205,20220218,20220218,112123500,11:21:23,71580,10134,68095,3614832450,1,0,357900
cu2205,20220218,20220218,112124000,11:21:24,71580,10135,68095,3615190350,1,0,357900
cu2205,20220218,20220218,112124500,11:21:25,71580,10135,68095,3615190350,0,0,0
cu2205,20220218,20220218,112125000,11:21:29,71580,10135,68095,3615190350,0,0,0
cu2205,20220218,20220218,112125500,11:23:32,71580,10135,68095,3615190350,0,0,0
cu2205,20220218,20220218,112332500,11:23:33,71580,10135,68095,3615190350,0,0,0
cu2205,20220218,20220218,112334000,11:23:34,71580,10135,68095,3615190350,0,0,0
cu2205,20220218,20220218,112335000,11:23:35,71580,10135,68095,3615190350,0,0,0
cu2205,20220218,20220218,112337000,11:23:38,71580,10135,68095,3615190350,0,0,0
cu2205,20220218,20220218,112337500,11:23:38,71580,10135,68095,3615190350,0,0,0
cu2205,20220218,20220218,112338000,11:23:38,71580,10135,68095,3615190350,0,0,0
cu2205,20220218,20220218,112341000,11:23:41,71580,10135,68095,3615190350,0,0,0
cu2205,20220218,20220218,112342500,11:23:42,71580,10135,68095,3615190350,0,0,0
cu2205,20220218,20220218,112343000,11:23:43,71550,10240,68130,3652769350,105,35,37579000
cu2205,20220218,20220218,112343500,11:23:43,71550,10240,68130,3652769350,0,0,0
cu2205,20220218,20220218,112344000,11:23:45,71550,10240,68130,3652769350,0,0,0
cu2205,20220218,20220218,112344500,11:23:48,71550,10240,68130,3652769350,0,0,0
cu2205,20220218,20220218,112345000,11:23:48,71550,10240,68130,3652769350,0,0,0
cu2205,20220218,20220218,112345500,11:23:48,71550,10240,68130,3652769350,0,0,0
cu2205,20220218,20220218,112346500,11:23:48,71550,10240,68130,3652769350,0,0,0
cu2205,20220218,20220218,112348500,11:23:49,71550,10240,68130,3652769350,0,0,0
cu2205,20220218,20220218,112349000,11:23:49,71550,10240,68130,3652769350,0,0,0
cu2205,20220218,20220218,112353500,11:23:53,71550,10240,68130,3652769350,0,0,0
cu2205,20220218,20220218,112355000,11:23:55,71550,10240,68130,3652769350,0,0,0
cu2205,20220218,20220218,112355500,11:23:55,71550,10240,68130,3652769350,0,0,0
cu2205,20220218,20220218,112356500,11:23:56,71540,10241,68130,3653127050,1,0,357700
cu2205,20220218,20220218,112357000,11:23:57,71540,10241,68130,3653127050,0,0,0
cu2205,20220218,20220218,112357500,11:23:57,71540,10241,68130,3653127050,0,0,0
cu2205,20220218,20220218,112400000,11:24:00,71540,10241,68130,3653127050,0,0,0
cu2205,20220218,20220218,112400500,11:24:00,71540,10241,68130,3653127050,0,0,0
cu2205,20220218,20220218,112401000,11:24:01,71540,10241,68130,3653127050,0,0,0
cu2205,20220218,20220218,112403000,11:24:03,71540,10241,68130,3653127050,0,0,0
cu2205,20220218,20220218,112404000,11:24:04,71540,10241,68130,3653127050,0,0,0
cu2205,20220218,20220218,112404500,11:24:04,71540,10241,68130,3653127050,0,0,0
cu2205,20220218,20220218,112405000,11:24:05,71540,10241,68130,3653127050,0,0,0
cu2205,20220218,20220218,112406000,11:24:06,71540,10241,68130,3653127050,0,0,0
cu2205,20220218,20220218,112406500,11:24:06,71540,10241,68130,3653127050,0,0,0
cu2205,20220218,20220218,112407000,11:24:07,71540,10241,68130,3653127050,0,0,0
cu2205,20220218,20220218,112407500,11:24:08,71540,10241,68130,3653127050,0,0,0
cu2205,20220218,20220218,112408000,11:24:08,71540,10241,68130,3653127050,0,0,0
cu2205,20220218,20220218,112409000,11:24:09,71540,10241,68130,3653127050,0,0,0
cu2205,20220218,20220218,112409500,11:24:11,71540,10243,68129,3653842450,2,-1,715400
cu2205,20220218,20220218,112410000,11:24:12,71540,10247,68127,3655273250,4,-2,1430800
cu2205,20220218,20220218,112410500,11:24:12,71560,10249,68127,3655988850,2,0,715600
cu2205,20220218,20220218,112412500,11:24:12,71560,10249,68127,3655988850,0,0,0
cu2205,20220218,20220218,112413000,11:24:13,71540,10251,68127,3656704250,2,0,715400
cu2205,20220218,20220218,112413500,11:24:14,71540,10251,68127,3656704250,0,0,0
cu2205,20220218,20220218,112414000,11:24:14,71540,10251,68127,3656704250,0,0,0
cu2205,20220218,20220218,112416000,11:24:16,71540,10251,68127,3656704250,0,0,0
cu2205,20220218,20220218,112417000,11:24:17,71540,10251,68127,3656704250,0,0,0
cu2205,20220218,20220218,112417500,11:24:18,71540,10251,68127,3656704250,0,0,0
cu2205,20220218,20220218,112423000,11:24:23,71540,10251,68127,3656704250,0,0,0
cu2205,20220218,20220218,112423500,11:24:23,71540,10251,68127,3656704250,0,0,0
cu2205,20220218,20220218,112424500,11:24:24,71540,10251,68127,3656704250,0,0,0
cu2205,20220218,20220218,112428000,11:24:28,71540,10251,68127,3656704250,0,0,0
cu2205,20220218,20220218,112428500,11:24:28,71540,10251,68127,3656704250,0,0,0
cu2205,20220218,20220218,112429000,11:24:29,71540,10251,68127,3656704250,0,0,0
cu2205,20220218,20220218,112430500,11:24:30,71550,10252,68126,3657062000,1,-1,357750
cu2205,20220218,20220218,112433500,11:24:33,71550,10252,68126,3657062000,0,0,0
cu2205,20220218,20220218,112439500,11:24:40,71550,10252,68126,3657062000,0,0,0
cu2205,20220218,20220218,112440000,11:24:40,71550,10252,68126,3657062000,0,0,0
cu2205,20220218,20220218,112441000,11:24:41,71550,10252,68126,3657062000,0,0,0
cu2205,20220218,20220218,112442000,11:24:42,71550,10252,68126,3657062000,0,0,0
cu2205,20220218,20220218,112445000,11:24:45,71550,10252,68126,3657062000,0,0,0
cu2205,20220218,20220218,112449500,11:24:49,71550,10252,68126,3657062000,0,0,0
cu2205,20220218,20220218,112450000,11:24:50,71550,10252,68126,3657062000,0,0,0
cu2205,20220218,20220218,112451000,11:24:51,71550,10252,68126,3657062000,0,0,0
cu2205,20220218,20220218,112451500,11:24:51,71550,10252,68126,3657062000,0,0,0
cu2205,20220218,20220218,112452000,11:24:52,71550,10252,68126,3657062000,0,0,0
cu2205,20220218,20220218,112452500,11:24:52,71550,10252,68126,3657062000,0,0,0
cu2205,20220218,20220218,112453000,11:24:53,71550,10252,68126,3657062000,0,0,0
cu2205,20220218,20220218,112456500,11:24:56,71550,10252,68126,3657062000,0,0,0
cu2205,20220218,20220218,112457500,11:24:57,71550,10252,68126,3657062000,0,0,0
cu2205,20220218,20220218,112459500,11:24:59,71550,10252,68126,3657062000,0,0,0
cu2205,20220218,20220218,112500000,11:25:00,71550,10252,68126,3657062000,0,0,0
cu2205,20220218,20220218,112500500,11:25:01,71550,10252,68126,3657062000,0,0,0
cu2205,20220218,20220218,112501000,11:25:01,71540,10254,68126,3657777400,2,0,715400
cu2205,20220218,20220218,112501500,11:25:03,71540,10254,68126,3657777400,0,0,0
cu2205,20220218,20220218,112502000,11:25:05,71540,10256,68126,3658492800,2,0,715400
cu2205,20220218,20220218,112503000,11:25:06,71540,10256,68126,3658492800,0,0,0
cu2205,20220218,20220218,112505000,11:25:06,71540,10290,68126,3670654600,34,0,12161800
cu2205,20220218,20220218,112505500,11:25:06,71540,10290,68126,3670654600,0,0,0
cu2205,20220218,20220218,112506000,11:25:06,71540,10290,68126,3670654600,0,0,0
cu2205,20220218,20220218,112506500,11:25:07,71540,10290,68126,3670654600,0,0,0
cu2205,20220218,20220218,112508000,11:25:08,71540,10290,68126,3670654600,0,0,0
cu2205,20220218,20220218,112508500,11:25:08,71540,10290,68126,3670654600,0,0,0
cu2205,20220218,20220218,112509500,11:25:09,71540,10290,68126,3670654600,0,0,0
cu2205,20220218,20220218,112510000,11:25:10,71540,10290,68126,3670654600,0,0,0
cu2205,20220218,20220218,112510500,11:25:10,71540,10290,68126,3670654600,0,0,0
cu2205,20220218,20220218,112511500,11:25:11,71540,10290,68126,3670654600,0,0,0
cu2205,20220218,20220218,112512000,11:25:12,71540,10290,68126,3670654600,0,0,0
cu2205,20220218,20220218,112512500,11:25:12,71540,10290,68126,3670654600,0,0,0
cu2205,20220218,20220218,112514000,11:25:15,71540,10290,68126,3670654600,0,0,0
cu2205,20220218,20220218,112516500,11:25:16,71540,10290,68126,3670654600,0,0,0
cu2205,20220218,20220218,112517500,11:25:18,71540,10290,68126,3670654600,0,0,0
cu2205,20220218,20220218,112518000,11:25:18,71540,10291,68125,3671012300,1,-1,357700
cu2205,20220218,20220218,112519500,11:25:19,71540,10291,68125,3671012300,0,0,0
cu2205,20220218,20220218,112520000,11:25:20,71540,10292,68125,3671370000,1,0,357700
cu2205,20220218,20220218,112520500,11:25:21,71540,10292,68125,3671370000,0,0,0
cu2205,20220218,20220218,112522000,11:25:22,71540,10293,68125,3671727700,1,0,357700
cu2205,20220218,20220218,112522500,11:25:22,71540,10293,68125,3671727700,0,0,0
cu2205,20220218,20220218,112523000,11:25:23,71540,10293,68125,3671727700,0,0,0
cu2205,20220218,20220218,112524500,11:25:25,71540,10293,68125,3671727700,0,0,0
cu2205,20220218,20220218,112525000,11:25:25,71540,10293,68125,3671727700,0,0,0
cu2205,20220218,20220218,112525500,11:25:26,71540,10293,68125,3671727700,0,0,0
cu2205,20220218,20220218,112526500,11:25:27,71540,10293,68125,3671727700,0,0,0
cu2205,20220218,20220218,112529000,11:25:29,71540,10293,68125,3671727700,0,0,0
cu2205,20220218,20220218,112529500,11:25:30,71530,10295,68125,3672443000,2,0,715300
cu2205,20220218,20220218,112530000,11:25:30,71540,10296,68126,3672800700,1,1,357700
cu2205,20220218,20220218,112530500,11:25:31,71540,10296,68126,3672800700,0,0,0
cu2205,20220218,20220218,112531000,11:25:31,71540,10296,68126,3672800700,0,0,0
cu2205,20220218,20220218,112533000,11:25:33,71520,10297,68126,3673158300,1,0,357600
cu2205,20220218,20220218,112533500,11:25:33,71520,10297,68126,3673158300,0,0,0
cu2205,20220218,20220218,112536500,11:25:37,71520,10297,68126,3673158300,0,0,0
cu2205,20220218,20220218,112537000,11:25:37,71520,10297,68126,3673158300,0,0,0
cu2205,20220218,20220218,112538000,11:25:38,71520,10297,68126,3673158300,0,0,0
cu2205,20220218,20220218,112538500,11:25:39,71520,10297,68126,3673158300,0,0,0
cu2205,20220218,20220218,112541500,11:25:41,71520,10297,68126,3673158300,0,0,0
cu2205,20220218,20220218,112542500,11:25:42,71520,10297,68126,3673158300,0,0,0
cu2205,20220218,20220218,112553000,11:25:53,71520,10297,68126,3673158300,0,0,0
cu2205,20220218,20220218,112556000,11:25:57,71520,10297,68126,3673158300,0,0,0
cu2205,20220218,20220218,112556500,11:25:57,71520,10297,68126,3673158300,0,0,0
cu2205,20220218,20220218,112600000,11:26:00,71520,10297,68126,3673158300,0,0,0
cu2205,20220218,20220218,112610000,11:26:10,71520,10298,68125,3673515900,1,-1,357600
cu2205,20220218,20220218,112617000,11:26:17,71530,10300,68127,3674231200,2,2,715300
cu2205,20220218,20220218,112617500,11:26:17,71530,10300,68127,3674231200,0,0,0
cu2205,20220218,20220218,112619500,11:26:20,71530,10300,68127,3674231200,0,0,0
cu2205,20220218,20220218,112622000,11:26:22,71530,10300,68127,3674231200,0,0,0
cu2205,20220218,20220218,112624500,11:26:24,71530,10300,68127,3674231200,0,0,0
cu2205,20220218,20220218,112625500,11:26:25,71530,10300,68127,3674231200,0,0,0
cu2205,20220218,20220218,112626000,11:26:26,71530,10300,68127,3674231200,0,0,0
cu2205,20220218,20220218,112629000,11:26:29,71530,10300,68127,3674231200,0,0,0
cu2205,20220218,20220218,112629500,11:26:30,71520,10301,68127,3674588800,1,0,357600
cu2205,20220218,20220218,112630000,11:26:31,71520,10301,68127,3674588800,0,0,0
cu2205,20220218,20220218,112633000,11:26:33,71520,10301,68127,3674588800,0,0,0
cu2205,20220218,20220218,112633500,11:26:34,71520,10301,68127,3674588800,0,0,0
cu2205,20220218,20220218,112634000,11:26:34,71520,10301,68127,3674588800,0,0,0
cu2205,20220218,20220218,112634500,11:26:37,71520,10301,68127,3674588800,0,0,0
cu2205,20220218,20220218,112635500,11:26:37,71520,10301,68127,3674588800,0,0,0
cu2205,20220218,20220218,112636000,11:26:38,71520,10301,68127,3674588800,0,0,0
cu2205,20220218,20220218,112637000,11:26:39,71520,10301,68127,3674588800,0,0,0
cu2205,20220218,20220218,112637500,11:26:54,71520,10301,68127,3674588800,0,0,0
cu2205,20220218,20220218,112638000,11:27:10,71520,10301,68127,3674588800,0,0,0
cu2205,20220218,20220218,112653500,11:27:10,71530,10310,68135,3677807550,9,8,3218750
cu2205,20220218,20220218,112654000,11:27:12,71530,10313,68135,3678880500,3,0,1072950
cu2205,20220218,20220218,112710000,11:27:12,71530,10313,68135,3678880500,0,0,0
cu2205,20220218,20220218,112710500,11:27:12,71530,10333,68137,3686033500,20,2,7153000
cu2205,20220218,20220218,112711000,11:27:12,71530,10333,68137,3686033500,0,0,0
cu2205,20220218,20220218,112713500,11:27:14,71530,10333,68137,3686033500,0,0,0
cu2205,20220218,20220218,112714500,11:27:15,71530,10333,68137,3686033500,0,0,0
cu2205,20220218,20220218,112716000,11:27:16,71530,10333,68137,3686033500,0,0,0
cu2205,20220218,20220218,112719500,11:27:20,71530,10333,68137,3686033500,0,0,0
cu2205,20220218,20220218,112720500,11:27:21,71520,10335,68137,3686748700,2,0,715200
cu2205,20220218,20220218,112721000,11:27:21,71520,10335,68137,3686748700,0,0,0
cu2205,20220218,20220218,112722000,11:27:22,71520,10335,68137,3686748700,0,0,0
cu2205,20220218,20220218,112722500,11:27:22,71520,10335,68137,3686748700,0,0,0
cu2205,20220218,20220218,112723000,11:27:26,71520,10335,68137,3686748700,0,0,0
cu2205,20220218,20220218,112724500,11:27:27,71520,10335,68137,3686748700,0,0,0
cu2205,20220218,20220218,112726000,11:27:27,71520,10335,68137,3686748700,0,0,0
cu2205,20220218,20220218,112727500,11:27:27,71520,10335,68137,3686748700,0,0,0
cu2205,20220218,20220218,112728500,11:27:28,71520,10335,68137,3686748700,0,0,0
cu2205,20220218,20220218,112729000,11:27:29,71520,10335,68137,3686748700,0,0,0
cu2205,20220218,20220218,112736500,11:27:37,71520,10335,68137,3686748700,0,0,0
cu2205,20220218,20220218,112738000,11:27:38,71520,10335,68137,3686748700,0,0,0
cu2205,20220218,20220218,112739500,11:27:39,71520,10335,68137,3686748700,0,0,0
cu2205,20220218,20220218,112741500,11:27:41,71520,10335,68137,3686748700,0,0,0
cu2205,20220218,20220218,112742500,11:27:43,71520,10335,68137,3686748700,0,0,0
cu2205,20220218,20220218,112743000,11:27:43,71520,10335,68137,3686748700,0,0,0
cu2205,20220218,20220218,112744000,11:27:44,71520,10335,68137,3686748700,0,0,0
cu2205,20220218,20220218,112745000,11:27:45,71520,10335,68137,3686748700,0,0,0
cu2205,20220218,20220218,112749500,11:27:54,71520,10335,68137,3686748700,0,0,0
cu2205,20220218,20220218,112753500,11:27:54,71530,10337,68139,3687464000,2,2,715300
cu2205,20220218,20220218,112754500,11:27:54,71530,10337,68139,3687464000,0,0,0
cu2205,20220218,20220218,112755000,11:27:55,71530,10339,68139,3688179300,2,0,715300
cu2205,20220218,20220218,112756500,11:27:56,71530,10341,68139,3688894600,2,0,715300
cu2205,20220218,20220218,112757000,11:27:57,71530,10341,68139,3688894600,0,0,0
cu2205,20220218,20220218,112757500,11:27:57,71530,10341,68139,3688894600,0,0,0
cu2205,20220218,20220218,112758000,11:27:58,71530,10341,68139,3688894600,0,0,0
cu2205,20220218,20220218,112800500,11:28:01,71530,10341,68139,3688894600,0,0,0
cu2205,20220218,20220218,112801000,11:28:01,71530,10341,68139,3688894600,0,0,0
cu2205,20220218,20220218,112801500,11:28:02,71530,10341,68139,3688894600,0,0,0
cu2205,20220218,20220218,112802000,11:28:03,71530,10341,68139,3688894600,0,0,0
cu2205,20220218,20220218,112802500,11:28:03,71530,10341,68139,3688894600,0,0,0
cu2205,20220218,20220218,112803000,11:28:04,71530,10341,68139,3688894600,0,0,0
cu2205,20220218,20220218,112806000,11:28:10,71520,10343,68137,3689609800,2,-2,715200
cu2205,20220218,20220218,112806500,11:28:10,71520,10343,68137,3689609800,0,0,0
cu2205,20220218,20220218,112809500,11:28:11,71520,10343,68137,3689609800,0,0,0
cu2205,20220218,20220218,112812000,11:28:12,71520,10343,68137,3689609800,0,0,0
cu2205,20220218,20220218,112812500,11:28:13,71520,10343,68137,3689609800,0,0,0
cu2205,20220218,20220218,112819000,11:28:19,71520,10343,68137,3689609800,0,0,0
cu2205,20220218,20220218,112821000,11:28:21,71510,10353,68137,3693185300,10,0,3575500
cu2205,20220218,20220218,112821500,11:28:22,71510,10353,68137,3693185300,0,0,0
cu2205,20220218,20220218,112826000,11:28:26,71510,10353,68137,3693185300,0,0,0
cu2205,20220218,20220218,112826500,11:28:26,71510,10353,68137,3693185300,0,0,0
cu2205,20220218,20220218,112829500,11:28:29,71510,10353,68137,3693185300,0,0,0
cu2205,20220218,20220218,112830500,11:28:31,71510,10363,68137,3696760800,10,0,3575500
cu2205,20220218,20220218,112831000,11:28:31,71510,10363,68137,3696760800,0,0,0
cu2205,20220218,20220218,112831500,11:28:31,71510,10363,68137,3696760800,0,0,0
cu2205,20220218,20220218,112832000,11:28:32,71510,10363,68137,3696760800,0,0,0
cu2205,20220218,20220218,112832500,11:28:33,71510,10363,68137,3696760800,0,0,0
cu2205,20220218,20220218,112833500,11:28:33,71510,10363,68137,3696760800,0,0,0
cu2205,20220218,20220218,112834000,11:28:34,71520,10365,68138,3697476000,2,1,715200
cu2205,20220218,20220218,112834500,11:28:34,71520,10365,68138,3697476000,0,0,0
cu2205,20220218,20220218,112835000,11:28:35,71520,10365,68138,3697476000,0,0,0
cu2205,20220218,20220218,112835500,11:28:35,71520,10365,68138,3697476000,0,0,0
cu2205,20220218,20220218,112839000,11:28:40,71520,10365,68138,3697476000,0,0,0
cu2205,20220218,20220218,112840000,11:28:40,71520,10365,68138,3697476000,0,0,0
cu2205,20220218,20220218,112840500,11:28:40,71520,10365,68138,3697476000,0,0,0
cu2205,20220218,20220218,112841000,11:28:41,71520,10365,68138,3697476000,0,0,0
cu2205,20220218,20220218,112842500,11:28:42,71520,10365,68138,3697476000,0,0,0
cu2205,20220218,20220218,112844000,11:28:44,71520,10365,68138,3697476000,0,0,0
cu2205,20220218,20220218,112845500,11:28:46,71520,10365,68138,3697476000,0,0,0
cu2205,20220218,20220218,112846500,11:28:46,71520,10365,68138,3697476000,0,0,0
cu2205,20220218,20220218,112850500,11:28:50,71520,10367,68136,3698191200,2,-2,715200
cu2205,20220218,20220218,112851000,11:28:51,71520,10367,68136,3698191200,0,0,0
cu2205,20220218,20220218,112851500,11:28:51,71520,10367,68136,3698191200,0,0,0
cu2205,20220218,20220218,112857000,11:28:57,71520,10367,68136,3698191200,0,0,0
cu2205,20220218,20220218,112857500,11:28:58,71520,10367,68136,3698191200,0,0,0
cu2205,20220218,20220218,112858000,11:28:58,71520,10367,68136,3698191200,0,0,0
cu2205,20220218,20220218,112859500,11:29:00,71520,10367,68136,3698191200,0,0,0
cu2205,20220218,20220218,112900500,11:29:01,71520,10367,68136,3698191200,0,0,0
cu2205,20220218,20220218,112901000,11:29:01,71520,10367,68136,3698191200,0,0,0
cu2205,20220218,20220218,112901500,11:29:01,71520,10367,68136,3698191200,0,0,0
cu2205,20220218,20220218,112902000,11:29:02,71520,10369,68136,3698906400,2,0,715200
cu2205,20220218,20220218,112903000,11:29:03,71530,10370,68136,3699264050,1,0,357650
cu2205,20220218,20220218,112907000,11:29:07,71530,10371,68136,3699621700,1,0,357650
cu2205,20220218,20220218,112907500,11:29:08,71530,10373,68136,3700337000,2,0,715300
cu2205,20220218,20220218,112911000,11:29:11,71530,10393,68131,3707490000,20,-5,7153000
cu2205,20220218,20220218,112911500,11:29:12,71530,10394,68132,3707847650,1,1,357650
cu2205,20220218,20220218,112912000,11:29:12,71530,10395,68132,3708205300,1,0,357650
cu2205,20220218,20220218,112912500,11:29:12,71530,10395,68132,3708205300,0,0,0
cu2205,20220218,20220218,112915500,11:29:16,71530,10395,68132,3708205300,0,0,0
cu2205,20220218,20220218,112916000,11:29:16,71530,10395,68132,3708205300,0,0,0
cu2205,20220218,20220218,112917500,11:29:20,71520,10397,68130,3708920500,2,-2,715200
cu2205,20220218,20220218,112918000,11:29:21,71520,10397,68130,3708920500,0,0,0
cu2205,20220218,20220218,112923000,11:29:24,71520,10397,68130,3708920500,0,0,0
cu2205,20220218,20220218,112923500,11:29:24,71520,10397,68130,3708920500,0,0,0
cu2205,20220218,20220218,112928500,11:29:28,71520,10397,68130,3708920500,0,0,0
cu2205,20220218,20220218,112929000,11:29:29,71530,10398,68129,3709278150,1,-1,357650
cu2205,20220218,20220218,112929500,11:29:29,71530,10398,68129,3709278150,0,0,0
cu2205,20220218,20220218,112930000,11:29:30,71530,10398,68129,3709278150,0,0,0
cu2205,20220218,20220218,112930500,11:29:30,71530,10398,68129,3709278150,0,0,0
cu2205,20220218,20220218,112931000,11:29:32,71530,10398,68129,3709278150,0,0,0
cu2205,20220218,20220218,112932000,11:29:32,71530,10398,68129,3709278150,0,0,0
cu2205,20220218,20220218,112933000,11:29:37,71530,10398,68129,3709278150,0,0,0
cu2205,20220218,20220218,112935500,11:29:38,71530,10398,68129,3709278150,0,0,0
cu2205,20220218,20220218,112937000,11:29:38,71530,10398,68129,3709278150,0,0,0
cu2205,20220218,20220218,112938500,11:29:39,71530,10398,68129,3709278150,0,0,0
cu2205,20220218,20220218,112939000,11:29:39,71530,10398,68129,3709278150,0,0,0
cu2205,20220218,20220218,112940500,11:29:40,71530,10398,68129,3709278150,0,0,0
cu2205,20220218,20220218,112941000,11:29:41,71530,10398,68129,3709278150,0,0,0
cu2205,20220218,20220218,112941500,11:29:42,71530,10398,68129,3709278150,0,0,0
cu2205,20220218,20220218,112943500,11:29:45,71530,10398,68129,3709278150,0,0,0
cu2205,20220218,20220218,112944000,11:29:45,71530,10398,68129,3709278150,0,0,0
cu2205,20220218,20220218,112944500,11:29:45,71530,10398,68129,3709278150,0,0,0
cu2205,20220218,20220218,112945000,11:29:46,71530,10398,68129,3709278150,0,0,0
cu2205,20220218,20220218,112945500,11:29:46,71530,10398,68129,3709278150,0,0,0
cu2205,20220218,20220218,112946000,11:29:46,71530,10398,68129,3709278150,0,0,0
cu2205,20220218,20220218,112947500,11:29:48,71530,10398,68129,3709278150,0,0,0
cu2205,20220218,20220218,112948000,11:29:48,71530,10398,68129,3709278150,0,0,0
cu2205,20220218,20220218,112948500,11:29:49,71530,10398,68129,3709278150,0,0,0
cu2205,20220218,20220218,112949000,11:29:50,71530,10399,68128,3709635800,1,-1,357650
cu2205,20220218,20220218,112949500,11:29:50,71530,10399,68128,3709635800,0,0,0
cu2205,20220218,20220218,112950000,11:29:51,71530,10399,68128,3709635800,0,0,0
cu2205,20220218,20220218,112950500,11:29:51,71530,10399,68128,3709635800,0,0,0
cu2205,20220218,20220218,112951000,11:29:52,71530,10399,68128,3709635800,0,0,0
cu2205,20220218,20220218,112952000,11:29:52,71530,10399,68128,3709635800,0,0,0
cu2205,20220218,20220218,112952500,11:29:53,71530,10399,68128,3709635800,0,0,0
cu2205,20220218,20220218,112953500,11:29:54,71530,10399,68128,3709635800,0,0,0
cu2205,20220218,20220218,112954000,11:29:54,71530,10399,68128,3709635800,0,0,0
cu2205,20220218,20220218,112955500,11:29:55,71530,10399,68128,3709635800,0,0,0
cu2205,20220218,20220218,112956000,11:29:56,71530,10399,68128,3709635800,0,0,0
cu2205,20220218,20220218,112956500,11:30:00,71530,10399,68128,3709635800,0,0,0
cu2205,20220218,20220218,112957500,11:30:02,71530,10399,68128,3709635800,0,0,0
cu2205,20220218,20220218,112959500,11:30:02,71530,10399,68128,3709635800,0,0,0
cu2205,20220218,20220218,113000000,11:30:03,71530,10399,68128,3709635800,0,0,0
cu2205,20220218,20220218,113001000,11:30:03,71530,10399,68128,3709635800,0,0,0
cu2205,20220218,20220218,113001500,11:30:03,71530,10399,68128,3709635800,0,0,0
cu2205,20220218,20220218,133002000,13:30:08,71500,10435,68150,3722507000,36,22,12871200
cu2205,20220218,20220218,133002500,13:30:09,71500,10446,68155,3726439500,11,5,3932500
cu2205,20220218,20220218,133008500,13:30:10,71500,10446,68155,3726439500,0,0,0
cu2205,20220218,20220218,133009500,13:30:10,71500,10446,68155,3726439500,0,0,0
cu2205,20220218,20220218,133010000,13:30:11,71500,10446,68155,3726439500,0,0,0
cu2205,20220218,20220218,133010500,13:30:11,71500,10446,68155,3726439500,0,0,0
cu2205,20220218,20220218,133011000,13:30:12,71500,10446,68155,3726439500,0,0,0
cu2205,20220218,20220218,133011500,13:30:13,71510,10470,68168,3735020200,24,13,8580700
cu2205,20220218,20220218,133012000,13:30:13,71510,10470,68168,3735020200,0,0,0
cu2205,20220218,20220218,133013500,13:30:14,71510,10470,68168,3735020200,0,0,0
cu2205,20220218,20220218,133014500,13:30:16,71510,10470,68168,3735020200,0,0,0
cu2205,20220218,20220218,133015000,13:30:17,71510,10470,68168,3735020200,0,0,0
cu2205,20220218,20220218,133016500,13:30:18,71510,10470,68168,3735020200,0,0,0
cu2205,20220218,20220218,133018500,13:30:20,71510,10470,68168,3735020200,0,0,0
cu2205,20220218,20220218,133019000,13:30:20,71510,10470,68168,3735020200,0,0,0
cu2205,20220218,20220218,133019500,13:30:20,71510,10470,68168,3735020200,0,0,0
cu2205,20220218,20220218,133020000,13:30:21,71510,10470,68168,3735020200,0,0,0
cu2205,20220218,20220218,133020500,13:30:21,71510,10470,68168,3735020200,0,0,0
cu2205,20220218,20220218,133022500,13:30:38,71510,10470,68168,3735020200,0,0,0
cu2205,20220218,20220218,133023000,13:30:38,71510,10470,68168,3735020200,0,0,0
cu2205,20220218,20220218,133036500,13:30:40,71510,10470,68168,3735020200,0,0,0
cu2205,20220218,20220218,133042500,13:30:44,71510,10470,68168,3735020200,0,0,0
cu2205,20220218,20220218,133043000,13:30:44,71510,10470,68168,3735020200,0,0,0
cu2205,20220218,20220218,133043500,13:30:44,71510,10470,68168,3735020200,0,0,0
cu2205,20220218,20220218,133044500,13:30:46,71490,10482,68170,3739310050,12,2,4289850
cu2205,20220218,20220218,133045000,13:30:46,71490,10482,68170,3739310050,0,0,0
cu2205,20220218,20220218,133045500,13:30:46,71490,10482,68170,3739310050,0,0,0
cu2205,20220218,20220218,133046000,13:30:47,71490,10482,68170,3739310050,0,0,0
cu2205,20220218,20220218,133046500,13:30:47,71490,10483,68170,3739667500,1,0,357450
cu2205,20220218,20220218,133047000,13:30:47,71490,10483,68170,3739667500,0,0,0
cu2205,20220218,20220218,133047500,13:30:48,71490,10483,68170,3739667500,0,0,0
cu2205,20220218,20220218,133048000,13:30:48,71490,10483,68170,3739667500,0,0,0
cu2205,20220218,20220218,133051000,13:30:52,71490,10483,68170,3739667500,0,0,0
cu2205,20220218,20220218,133051500,13:30:52,71480,10486,68169,3740739700,3,-1,1072200
cu2205,20220218,20220218,133052000,13:30:53,71510,10513,68176,3750390550,27,7,9650850
cu2205,20220218,20220218,133052500,13:30:53,71510,10515,68176,3751105650,2,0,715100
cu2205,20220218,20220218,133053000,13:30:54,71510,10515,68176,3751105650,0,0,0
cu2205,20220218,20220218,133055000,13:30:55,71510,10515,68176,3751105650,0,0,0
cu2205,20220218,20220218,133057500,13:30:58,71500,10516,68176,3751463150,1,0,357500
cu2205,20220218,20220218,133058000,13:30:58,71480,10517,68177,3751820550,1,1,357400
cu2205,20220218,20220218,133058500,13:30:59,71480,10517,68177,3751820550,0,0,0
cu2205,20220218,20220218,133059000,13:30:59,71480,10517,68177,3751820550,0,0,0
cu2205,20220218,20220218,133059500,13:30:59,71480,10517,68177,3751820550,0,0,0
cu2205,20220218,20220218,133100000,13:31:00,71480,10517,68177,3751820550,0,0,0
cu2205,20220218,20220218,133100500,13:31:00,71480,10517,68177,3751820550,0,0,0
cu2205,20220218,20220218,133101000,13:31:01,71480,10517,68177,3751820550,0,0,0
cu2205,20220218,20220218,133101500,13:31:01,71480,10517,68177,3751820550,0,0,0
cu2205,20220218,20220218,133102000,13:31:02,71480,10517,68177,3751820550,0,0,0
cu2205,20220218,20220218,133102500,13:31:02,71500,10518,68178,3752178050,1,1,357500
cu2205,20220218,20220218,133103000,13:31:03,71490,10523,68177,3753965300,5,-1,1787250
cu2205,20220218,20220218,133103500,13:31:04,71490,10523,68177,3753965300,0,0,0
cu2205,20220218,20220218,133104500,13:31:06,71490,10523,68177,3753965300,0,0,0
cu2205,20220218,20220218,133105500,13:31:08,71490,10523,68177,3753965300,0,0,0
cu2205,20220218,20220218,133106000,13:31:08,71490,10523,68177,3753965300,0,0,0
cu2205,20220218,20220218,133108500,13:31:09,71490,10523,68177,3753965300,0,0,0
cu2205,20220218,20220218,133110000,13:31:11,71510,10530,68176,3756468100,7,-1,2502800
cu2205,20220218,20220218,133110500,13:31:11,71510,10531,68175,3756825650,1,-1,357550
cu2205,20220218,20220218,133111000,13:31:11,71500,10532,68174,3757183150,1,-1,357500
cu2205,20220218,20220218,133111500,13:31:12,71500,10532,68174,3757183150,0,0,0
cu2205,20220218,20220218,133112000,13:31:12,71500,10532,68174,3757183150,0,0,0
cu2205,20220218,20220218,133112500,13:31:13,71500,10532,68174,3757183150,0,0,0
cu2205,20220218,20220218,133113000,13:31:13,71500,10532,68174,3757183150,0,0,0
cu2205,20220218,20220218,133113500,13:31:14,71510,10535,68172,3758255800,3,-2,1072650
cu2205,20220218,20220218,133114000,13:31:15,71510,10535,68172,3758255800,0,0,0
cu2205,20220218,20220218,133114500,13:31:15,71510,10535,68172,3758255800,0,0,0
cu2205,20220218,20220218,133115000,13:31:15,71510,10535,68172,3758255800,0,0,0
cu2205,20220218,20220218,133118000,13:31:18,71510,10535,68172,3758255800,0,0,0
cu2205,20220218,20220218,133118500,13:31:19,71510,10535,68172,3758255800,0,0,0
cu2205,20220218,20220218,133119000,13:31:19,71510,10535,68172,3758255800,0,0,0
cu2205,20220218,20220218,133123000,13:31:25,71510,10535,68172,3758255800,0,0,0
cu2205,20220218,20220218,133123500,13:31:25,71510,10535,68172,3758255800,0,0,0
cu2205,20220218,20220218,133124000,13:31:25,71510,10535,68172,3758255800,0,0,0
cu2205,20220218,20220218,133158000,13:31:58,71510,10535,68172,3758255800,0,0,0
cu2205,20220218,20220218,133158500,13:31:58,71500,10536,68172,3758613300,1,0,357500
cu2205,20220218,20220218,133159500,13:32:00,71490,10539,68174,3759685650,3,2,1072350
cu2205,20220218,20220218,133200500,13:32:01,71430,10614,68222,3786483100,75,48,26797450
cu2205,20220218,20220218,133201000,13:32:01,71430,10615,68223,3786840250,1,1,357150
cu2205,20220218,20220218,133201500,13:32:01,71430,10615,68223,3786840250,0,0,0
cu2205,20220218,20220218,133202000,13:32:03,71430,10615,68223,3786840250,0,0,0
cu2205,20220218,20220218,133202500,13:32:03,71430,10615,68223,3786840250,0,0,0
cu2205,20220218,20220218,133203000,13:32:04,71430,10615,68223,3786840250,0,0,0
cu2205,20220218,20220218,133203500,13:32:05,71430,10615,68223,3786840250,0,0,0
cu2205,20220218,20220218,133204000,13:32:05,71430,10615,68223,3786840250,0,0,0
cu2205,20220218,20220218,133205000,13:32:06,71430,10615,68223,3786840250,0,0,0
cu2205,20220218,20220218,133205500,13:32:06,71430,10615,68223,3786840250,0,0,0
cu2205,20220218,20220218,133206000,13:32:06,71430,10615,68223,3786840250,0,0,0
cu2205,20220218,20220218,133206500,13:32:07,71430,10615,68223,3786840250,0,0,0
cu2205,20220218,20220218,133207000,13:32:07,71430,10615,68223,3786840250,0,0,0
cu2205,20220218,20220218,133207500,13:32:07,71450,10618,68221,3787912000,3,-2,1071750
cu2205,20220218,20220218,133208000,13:32:09,71450,10618,68221,3787912000,0,0,0
cu2205,20220218,20220218,133208500,13:32:10,71440,10621,68222,3788983600,3,1,1071600
cu2205,20220218,20220218,133209000,13:32:10,71430,10624,68224,3790055050,3,2,1071450
cu2205,20220218,20220218,133209500,13:32:10,71420,10626,68223,3790769250,2,-1,714200
cu2205,20220218,20220218,133210000,13:32:10,71420,10626,68223,3790769250,0,0,0
cu2205,20220218,20220218,133210500,13:32:13,71420,10626,68223,3790769250,0,0,0
cu2205,20220218,20220218,133211000,13:32:14,71420,10626,68223,3790769250,0,0,0
cu2205,20220218,20220218,133213000,13:32:15,71420,10627,68224,3791126350,1,1,357100
cu2205,20220218,20220218,133213500,13:32:15,71410,10629,68222,3791840450,2,-2,714100
cu2205,20220218,20220218,133214000,13:32:15,71410,10629,68222,3791840450,0,0,0
cu2205,20220218,20220218,133214500,13:32:16,71410,10629,68222,3791840450,0,0,0
cu2205,20220218,20220218,133215000,13:32:16,71410,10629,68222,3791840450,0,0,0
cu2205,20220218,20220218,133215500,13:32:16,71460,10643,68231,3796842200,14,9,5001750
cu2205,20220218,20220218,133216000,13:32:17,71460,10659,68243,3802559000,16,12,5716800
cu2205,20220218,20220218,133216500,13:32:17,71440,10660,68242,3802916200,1,-1,357200
cu2205,20220218,20220218,133217000,13:32:17,71440,10660,68242,3802916200,0,0,0
cu2205,20220218,20220218,133217500,13:32:18,71440,10660,68242,3802916200,0,0,0
cu2205,20220218,20220218,133218000,13:32:18,71440,10660,68242,3802916200,0,0,0
cu2205,20220218,20220218,133218500,13:32:18,71440,10660,68242,3802916200,0,0,0
cu2205,20220218,20220218,133219000,13:32:19,71440,10660,68242,3802916200,0,0,0
cu2205,20220218,20220218,133219500,13:32:20,71440,10660,68242,3802916200,0,0,0
cu2205,20220218,20220218,133220000,13:32:20,71460,10661,68242,3803273500,1,0,357300
cu2205,20220218,20220218,133220500,13:32:21,71440,10663,68242,3803987900,2,0,714400
cu2205,20220218,20220218,133221000,13:32:21,71470,10689,68257,3813276150,26,15,9288250
cu2205,20220218,20220218,133221500,13:32:22,71470,10689,68257,3813276150,0,0,0
cu2205,20220218,20220218,133222000,13:32:22,71460,10702,68267,3817921550,13,10,4645400
cu2205,20220218,20220218,133222500,13:32:23,71460,10703,68268,3818278850,1,1,357300
cu2205,20220218,20220218,133223000,13:32:24,71460,10703,68268,3818278850,0,0,0
cu2205,20220218,20220218,133223500,13:32:24,71460,10703,68268,3818278850,0,0,0
cu2205,20220218,20220218,133224000,13:32:24,71440,10708,68268,3820064850,5,0,1786000
cu2205,20220218,20220218,133225000,13:32:25,71440,10708,68268,3820064850,0,0,0
cu2205,20220218,20220218,133225500,13:32:25,71440,10708,68268,3820064850,0,0,0
cu2205,20220218,20220218,133230000,13:32:35,71450,10709,68269,3820422100,1,1,357250
cu2205,20220218,20220218,133233500,13:32:35,71450,10709,68269,3820422100,0,0,0
cu2205,20220218,20220218,133235500,13:32:36,71450,10709,68269,3820422100,0,0,0
cu2205,20220218,20220218,133239000,13:32:39,71450,10709,68269,3820422100,0,0,0
cu2205,20220218,20220218,133240000,13:32:40,71450,10709,68269,3820422100,0,0,0
cu2205,20220218,20220218,133240500,13:32:40,71450,10709,68269,3820422100,0,0,0
cu2205,20220218,20220218,133242500,13:32:42,71440,10710,68268,3820779300,1,-1,357200
cu2205,20220218,20220218,133246000,13:32:47,71440,10714,68265,3822208100,4,-3,1428800
cu2205,20220218,20220218,133246500,13:32:47,71440,10715,68266,3822565300,1,1,357200
cu2205,20220218,20220218,133247000,13:32:47,71430,10716,68267,3822922450,1,1,357150
cu2205,20220218,20220218,133247500,13:32:48,71430,10716,68267,3822922450,0,0,0
cu2205,20220218,20220218,133248000,13:32:48,71430,10716,68267,3822922450,0,0,0
cu2205,20220218,20220218,133248500,13:32:49,71430,10716,68267,3822922450,0,0,0
cu2205,20220218,20220218,133250000,13:32:50,71440,10721,68265,3824708450,5,-2,1786000
cu2205,20220218,20220218,133250500,13:32:52,71440,10721,68265,3824708450,0,0,0
cu2205,20220218,20220218,133251000,13:32:52,71440,10721,68265,3824708450,0,0,0
cu2205,20220218,20220218,133251500,13:32:53,71440,10721,68265,3824708450,0,0,0
cu2205,20220218,20220218,133252000,13:32:53,71440,10721,68265,3824708450,0,0,0
cu2205,20220218,20220218,133252500,13:32:53,71440,10721,68265,3824708450,0,0,0
cu2205,20220218,20220218,133255000,13:32:55,71430,10748,68282,3834351600,27,17,9643150
cu2205,20220218,20220218,133255500,13:32:55,71430,10761,68287,3838994550,13,5,4642950
cu2205,20220218,20220218,133256000,13:32:56,71430,10766,68291,3840780300,5,4,1785750
cu2205,20220218,20220218,133256500,13:32:56,71430,10770,68292,3842208900,4,1,1428600
cu2205,20220218,20220218,133257000,13:32:59,71430,10770,68292,3842208900,0,0,0
cu2205,20220218,20220218,133257500,13:33:00,71430,10770,68292,3842208900,0,0,0
cu2205,20220218,20220218,133258500,13:33:00,71430,10770,68292,3842208900,0,0,0
cu2205,20220218,20220218,133301000,13:33:02,71430,10773,68295,3843280350,3,3,1071450
cu2205,20220218,20220218,133301500,13:33:02,71430,10775,68295,3843994650,2,0,714300
cu2205,20220218,20220218,133302000,13:33:02,71430,10775,68295,3843994650,0,0,0
cu2205,20220218,20220218,133305500,13:33:05,71430,10775,68295,3843994650,0,0,0
cu2205,20220218,20220218,133307500,13:33:08,71430,10775,68295,3843994650,0,0,0
cu2205,20220218,20220218,133308000,13:33:08,71430,10779,68295,3845423250,4,0,1428600
cu2205,20220218,20220218,133308500,13:33:09,71430,10781,68297,3846137550,2,2,714300
cu2205,20220218,20220218,133309000,13:33:09,71430,10781,68297,3846137550,0,0,0
cu2205,20220218,20220218,133309500,13:33:10,71430,10781,68297,3846137550,0,0,0
cu2205,20220218,20220218,133310000,13:33:11,71430,10781,68297,3846137550,0,0,0
cu2205,20220218,20220218,133311000,13:33:13,71430,10781,68297,3846137550,0,0,0
cu2205,20220218,20220218,133312500,13:33:14,71430,10781,68297,3846137550,0,0,0
cu2205,20220218,20220218,133313500,13:33:15,71440,10782,68297,3846494750,1,0,357200
cu2205,20220218,20220218,133314000,13:33:17,71440,10782,68297,3846494750,0,0,0
cu2205,20220218,20220218,133314500,13:33:17,71440,10782,68297,3846494750,0,0,0
cu2205,20220218,20220218,133315000,13:33:18,71440,10782,68297,3846494750,0,0,0
cu2205,20220218,20220218,133315500,13:33:18,71440,10782,68297,3846494750,0,0,0
cu2205,20220218,20220218,133317500,13:33:19,71450,10792,68297,3850067250,10,0,3572500
cu2205,20220218,20220218,133318000,13:33:19,71450,10792,68297,3850067250,0,0,0
cu2205,20220218,20220218,133318500,13:33:19,71450,10792,68297,3850067250,0,0,0
cu2205,20220218,20220218,133322500,13:33:22,71450,10792,68297,3850067250,0,0,0
cu2205,20220218,20220218,133323000,13:33:23,71450,10792,68297,3850067250,0,0,0
cu2205,20220218,20220218,133323500,13:33:24,71450,10792,68297,3850067250,0,0,0
cu2205,20220218,20220218,133324000,13:33:24,71450,10792,68297,3850067250,0,0,0
cu2205,20220218,20220218,133324500,13:33:25,71450,10792,68297,3850067250,0,0,0
cu2205,20220218,20220218,133325000,13:33:26,71450,10792,68297,3850067250,0,0,0
cu2205,20220218,20220218,133325500,13:33:26,71450,10792,68297,3850067250,0,0,0
cu2205,20220218,20220218,133328000,13:33:30,71450,10792,68297,3850067250,0,0,0
cu2205,20220218,20220218,133331500,13:33:32,71450,10792,68297,3850067250,0,0,0
cu2205,20220218,20220218,133332500,13:33:33,71450,10792,68297,3850067250,0,0,0
cu2205,20220218,20220218,133333000,13:33:33,71450,10792,68297,3850067250,0,0,0
cu2205,20220218,20220218,133335500,13:33:35,71450,10792,68297,3850067250,0,0,0
cu2205,20220218,20220218,133336000,13:33:36,71450,10792,68297,3850067250,0,0,0
cu2205,20220218,20220218,133336500,13:33:36,71450,10792,68297,3850067250,0,0,0
cu2205,20220218,20220218,133337000,13:33:37,71450,10792,68297,3850067250,0,0,0
cu2205,20220218,20220218,133337500,13:33:37,71450,10792,68297,3850067250,0,0,0
cu2205,20220218,20220218,133338000,13:33:38,71450,10792,68297,3850067250,0,0,0
cu2205,20220218,20220218,133338500,13:33:39,71450,10792,68297,3850067250,0,0,0
cu2205,20220218,20220218,133339000,13:33:39,71450,10792,68297,3850067250,0,0,0
cu2205,20220218,20220218,133339500,13:33:40,71450,10792,68297,3850067250,0,0,0
cu2205,20220218,20220218,133340000,13:33:40,71450,10792,68297,3850067250,0,0,0
cu2205,20220218,20220218,133342500,13:33:42,71450,10792,68297,3850067250,0,0,0
cu2205,20220218,20220218,133343500,13:33:44,71450,10792,68297,3850067250,0,0,0
cu2205,20220218,20220218,133345000,13:33:45,71450,10792,68297,3850067250,0,0,0
cu2205,20220218,20220218,133345500,13:33:46,71450,10792,68297,3850067250,0,0,0
cu2205,20220218,20220218,133346000,13:33:47,71450,10792,68297,3850067250,0,0,0
cu2205,20220218,20220218,133346500,13:33:48,71450,10792,68297,3850067250,0,0,0
cu2205,20220218,20220218,133347000,13:33:48,71450,10792,68297,3850067250,0,0,0
cu2205,20220218,20220218,133347500,13:33:49,71450,10792,68297,3850067250,0,0,0
cu2205,20220218,20220218,133348500,13:33:49,71450,10792,68297,3850067250,0,0,0
cu2205,20220218,20220218,133349000,13:33:50,71450,10792,68297,3850067250,0,0,0
cu2205,20220218,20220218,133349500,13:33:50,71450,10792,68297,3850067250,0,0,0
cu2205,20220218,20220218,133355000,13:33:56,71450,10793,68296,3850424500,1,-1,357250
cu2205,20220218,20220218,133355500,13:33:56,71450,10793,68296,3850424500,0,0,0
cu2205,20220218,20220218,133356000,13:33:56,71450,10793,68296,3850424500,0,0,0
cu2205,20220218,20220218,133356500,13:33:57,71450,10793,68296,3850424500,0,0,0
cu2205,20220218,20220218,133357000,13:33:57,71450,10793,68296,3850424500,0,0,0
cu2205,20220218,20220218,133359000,13:33:59,71450,10793,68296,3850424500,0,0,0
cu2205,20220218,20220218,133402000,13:34:02,71450,10793,68296,3850424500,0,0,0
cu2205,20220218,20220218,133402500,13:34:10,71450,10793,68296,3850424500,0,0,0
cu2205,20220218,20220218,133403000,13:34:10,71450,10793,68296,3850424500,0,0,0
cu2205,20220218,20220218,133410000,13:34:12,71450,10793,68296,3850424500,0,0,0
cu2205,20220218,20220218,133410500,13:34:12,71450,10793,68296,3850424500,0,0,0
cu2205,20220218,20220218,133411000,13:34:12,71450,10793,68296,3850424500,0,0,0
cu2205,20220218,20220218,133411500,13:34:12,71450,10793,68296,3850424500,0,0,0
cu2205,20220218,20220218,133412000,13:34:12,71450,10793,68296,3850424500,0,0,0
cu2205,20220218,20220218,133412500,13:34:13,71450,10793,68296,3850424500,0,0,0
cu2205,20220218,20220218,133413000,13:34:13,71450,10793,68296,3850424500,0,0,0
cu2205,20220218,20220218,133413500,13:34:14,71430,10809,68300,3856138750,16,4,5714250
cu2205,20220218,20220218,133414000,13:34:14,71430,10812,68303,3857210200,3,3,1071450
cu2205,20220218,20220218,133414500,13:34:14,71430,10812,68303,3857210200,0,0,0
cu2205,20220218,20220218,133415000,13:34:15,71430,10812,68303,3857210200,0,0,0
cu2205,20220218,20220218,133415500,13:34:16,71430,10812,68303,3857210200,0,0,0
cu2205,20220218,20220218,133416500,13:34:16,71430,10814,68305,3857924500,2,2,714300
cu2205,20220218,20220218,133417500,13:34:17,71430,10814,68305,3857924500,0,0,0
cu2205,20220218,20220218,133418000,13:34:18,71430,10814,68305,3857924500,0,0,0
cu2205,20220218,20220218,133418500,13:34:18,71430,10820,68306,3860067450,6,1,2142950
cu2205,20220218,20220218,133419000,13:34:19,71430,10822,68308,3860781750,2,2,714300
cu2205,20220218,20220218,133419500,13:34:20,71430,10822,68308,3860781750,0,0,0
cu2205,20220218,20220218,133420500,13:34:21,71430,10822,68308,3860781750,0,0,0
cu2205,20220218,20220218,133421000,13:34:23,71430,10824,68310,3861496050,2,2,714300
cu2205,20220218,20220218,133421500,13:34:23,71430,10824,68310,3861496050,0,0,0
cu2205,20220218,20220218,133423500,13:34:24,71430,10824,68310,3861496050,0,0,0
cu2205,20220218,20220218,133424000,13:34:24,71420,10855,68308,3872567600,31,-2,11071550
cu2205,20220218,20220218,133425000,13:34:25,71420,10855,68308,3872567600,0,0,0
cu2205,20220218,20220218,133427000,13:34:27,71430,10856,68308,3872924750,1,0,357150
cu2205,20220218,20220218,133427500,13:34:27,71430,10858,68306,3873639050,2,-2,714300
cu2205,20220218,20220218,133429500,13:34:29,71430,10859,68306,3873996200,1,0,357150
cu2205,20220218,20220218,133430000,13:34:30,71430,10863,68304,3875424800,4,-2,1428600
cu2205,20220218,20220218,133430500,13:34:30,71430,10865,68304,3876139100,2,0,714300
cu2205,20220218,20220218,133431000,13:34:31,71430,10866,68304,3876496250,1,0,357150
cu2205,20220218,20220218,133433000,13:34:33,71430,10873,68299,3878996300,7,-5,2500050
cu2205,20220218,20220218,133433500,13:34:34,71430,10873,68299,3878996300,0,0,0
cu2205,20220218,20220218,133434000,13:34:34,71420,10875,68297,3879710500,2,-2,714200
cu2205,20220218,20220218,133434500,13:34:35,71410,10889,68288,3884709550,14,-9,4999050
cu2205,20220218,20220218,133435000,13:34:35,71410,10892,68291,3885780700,3,3,1071150
cu2205,20220218,20220218,133435500,13:34:36,71410,10892,68291,3885780700,0,0,0
cu2205,20220218,20220218,133436000,13:34:36,71400,10894,68289,3886494700,2,-2,714000
cu2205,20220218,20220218,133436500,13:34:36,71400,10897,68289,3887565700,3,0,1071000
cu2205,20220218,20220218,133437000,13:34:37,71410,10898,68290,3887922750,1,1,357050
cu2205,20220218,20220218,133437500,13:34:38,71410,10898,68290,3887922750,0,0,0
cu2205,20220218,20220218,133438500,13:34:38,71410,10898,68290,3887922750,0,0,0
cu2205,20220218,20220218,133439000,13:34:39,71420,10920,68303,3895778700,22,13,7855950
cu2205,20220218,20220218,133439500,13:34:39,71420,10948,68309,3905777500,28,6,9998800
cu2205,20220218,20220218,133440000,13:34:40,71400,10949,68308,3906134500,1,-1,357000
cu2205,20220218,20220218,133440500,13:34:41,71400,10950,68307,3906491500,1,-1,357000
cu2205,20220218,20220218,133441000,13:34:41,71390,10972,68309,3914345300,22,2,7853800
cu2205,20220218,20220218,133441500,13:34:42,71410,10973,68309,3914702350,1,0,357050
cu2205,20220218,20220218,133442000,13:34:43,71410,10973,68309,3914702350,0,0,0
cu2205,20220218,20220218,133442500,13:34:44,71410,10973,68309,3914702350,0,0,0
cu2205,20220218,20220218,133443000,13:34:45,71410,10973,68309,3914702350,0,0,0
cu2205,20220218,20220218,133443500,13:34:45,71410,10973,68309,3914702350,0,0,0
cu2205,20220218,20220218,133444000,13:34:45,71410,10973,68309,3914702350,0,0,0
cu2205,20220218,20220218,133445000,13:34:46,71410,10973,68309,3914702350,0,0,0
cu2205,20220218,20220218,133445500,13:34:46,71410,10973,68309,3914702350,0,0,0
cu2205,20220218,20220218,133446500,13:34:47,71410,10973,68309,3914702350,0,0,0
cu2205,20220218,20220218,133447000,13:34:47,71390,10979,68303,3916844050,6,-6,2141700
cu2205,20220218,20220218,133447500,13:34:47,71390,10989,68301,3920413550,10,-2,3569500
cu2205,20220218,20220218,133448000,13:34:48,71390,10989,68301,3920413550,0,0,0
cu2205,20220218,20220218,133448500,13:34:49,71390,10989,68301,3920413550,0,0,0
cu2205,20220218,20220218,133449500,13:34:49,71410,10990,68302,3920770600,1,1,357050
cu2205,20220218,20220218,133451000,13:34:51,71410,10990,68302,3920770600,0,0,0
cu2205,20220218,20220218,133451500,13:34:51,71410,10990,68302,3920770600,0,0,0
cu2205,20220218,20220218,133452500,13:34:52,71410,10990,68302,3920770600,0,0,0
cu2205,20220218,20220218,133453000,13:34:53,71410,10990,68302,3920770600,0,0,0
cu2205,20220218,20220218,133453500,13:34:55,71410,10990,68302,3920770600,0,0,0
cu2205,20220218,20220218,133454000,13:34:56,71410,10990,68302,3920770600,0,0,0
cu2205,20220218,20220218,133456500,13:34:57,71410,10990,68302,3920770600,0,0,0
cu2205,20220218,20220218,133457000,13:34:57,71410,10990,68302,3920770600,0,0,0
cu2205,20220218,20220218,133459000,13:34:59,71410,10990,68302,3920770600,0,0,0
cu2205,20220218,20220218,133500500,13:35:00,71410,10990,68302,3920770600,0,0,0
cu2205,20220218,20220218,133504500,13:35:10,71410,10990,68302,3920770600,0,0,0
cu2205,20220218,20220218,133505000,13:35:10,71410,10994,68301,3922198800,4,-1,1428200
cu2205,20220218,20220218,133510000,13:35:10,71410,10994,68301,3922198800,0,0,0
cu2205,20220218,20220218,133511500,13:35:12,71410,10994,68301,3922198800,0,0,0
cu2205,20220218,20220218,133512000,13:35:12,71410,10994,68301,3922198800,0,0,0
cu2205,20220218,20220218,133512500,13:35:13,71410,10994,68301,3922198800,0,0,0
cu2205,20220218,20220218,133513000,13:35:13,71410,10994,68301,3922198800,0,0,0
cu2205,20220218,20220218,133516500,13:35:16,71420,10995,68301,3922555900,1,0,357100
cu2205,20220218,20220218,133517000,13:35:17,71430,10997,68301,3923270200,2,0,714300
cu2205,20220218,20220218,133517500,13:35:18,71430,10997,68301,3923270200,0,0,0
cu2205,20220218,20220218,133518000,13:35:18,71430,10997,68301,3923270200,0,0,0
cu2205,20220218,20220218,133518500,13:35:19,71430,10997,68301,3923270200,0,0,0
cu2205,20220218,20220218,133519000,13:35:19,71430,10997,68301,3923270200,0,0,0
cu2205,20220218,20220218,133520000,13:35:20,71430,10997,68301,3923270200,0,0,0
cu2205,20220218,20220218,133520500,13:35:21,71430,10997,68301,3923270200,0,0,0
cu2205,20220218,20220218,133521000,13:35:21,71430,10997,68301,3923270200,0,0,0
cu2205,20220218,20220218,133521500,13:35:22,71430,10997,68301,3923270200,0,0,0
cu2205,20220218,20220218,133522000,13:35:22,71430,10997,68301,3923270200,0,0,0
cu2205,20220218,20220218,133522500,13:35:23,71430,10997,68301,3923270200,0,0,0
cu2205,20220218,20220218,133523000,13:35:23,71430,10997,68301,3923270200,0,0,0
cu2205,20220218,20220218,133523500,13:35:23,71430,10997,68301,3923270200,0,0,0
cu2205,20220218,20220218,133524000,13:35:24,71430,10997,68301,3923270200,0,0,0
cu2205,20220218,20220218,133524500,13:35:25,71430,10997,68301,3923270200,0,0,0
cu2205,20220218,20220218,133525000,13:35:25,71440,10998,68301,3923627400,1,0,357200
cu2205,20220218,20220218,133525500,13:35:26,71440,10998,68301,3923627400,0,0,0
cu2205,20220218,20220218,133526000,13:35:26,71440,10998,68301,3923627400,0,0,0
cu2205,20220218,20220218,133526500,13:35:27,71440,10998,68301,3923627400,0,0,0
cu2205,20220218,20220218,133528000,13:35:31,71440,11000,68301,3924341800,2,0,714400
cu2205,20220218,20220218,133528500,13:35:32,71440,11000,68301,3924341800,0,0,0
cu2205,20220218,20220218,133530500,13:35:33,71440,11000,68301,3924341800,0,0,0
cu2205,20220218,20220218,133531500,13:35:41,71440,11000,68301,3924341800,0,0,0
cu2205,20220218,20220218,133540500,13:35:43,71440,11000,68301,3924341800,0,0,0
cu2205,20220218,20220218,133541000,13:35:43,71440,11000,68301,3924341800,0,0,0
cu2205,20220218,20220218,133542000,13:35:43,71440,11000,68301,3924341800,0,0,0
cu2205,20220218,20220218,133542500,13:35:44,71440,11000,68301,3924341800,0,0,0
cu2205,20220218,20220218,133543500,13:35:44,71440,11000,68301,3924341800,0,0,0
cu2205,20220218,20220218,133544000,13:35:44,71440,11000,68301,3924341800,0,0,0
cu2205,20220218,20220218,133545000,13:35:46,71440,11000,68301,3924341800,0,0,0
cu2205,20220218,20220218,133545500,13:35:46,71440,11000,68301,3924341800,0,0,0
cu2205,20220218,20220218,133546500,13:35:46,71440,11000,68301,3924341800,0,0,0
cu2205,20220218,20220218,133547500,13:35:48,71440,11000,68301,3924341800,0,0,0
cu2205,20220218,20220218,133548000,13:35:48,71450,11004,68302,3925770800,4,1,1429000
cu2205,20220218,20220218,133548500,13:35:48,71450,11006,68302,3926485300,2,0,714500
cu2205,20220218,20220218,133549000,13:35:49,71450,11006,68302,3926485300,0,0,0
cu2205,20220218,20220218,133550000,13:35:50,71450,11006,68302,3926485300,0,0,0
cu2205,20220218,20220218,133550500,13:35:50,71450,11006,68302,3926485300,0,0,0
cu2205,20220218,20220218,133551000,13:35:51,71450,11006,68302,3926485300,0,0,0
cu2205,20220218,20220218,133552500,13:35:52,71450,11006,68302,3926485300,0,0,0
cu2205,20220218,20220218,133553000,13:35:53,71460,11008,68302,3927199900,2,0,714600
cu2205,20220218,20220218,133553500,13:35:55,71460,11008,68302,3927199900,0,0,0
cu2205,20220218,20220218,133554000,13:35:55,71460,11008,68302,3927199900,0,0,0
cu2205,20220218,20220218,133555000,13:35:56,71460,11008,68302,3927199900,0,0,0
cu2205,20220218,20220218,133556500,13:35:57,71460,11008,68302,3927199900,0,0,0
cu2205,20220218,20220218,133558500,13:36:02,71470,11010,68304,3927914600,2,2,714700
cu2205,20220218,20220218,133559500,13:36:03,71470,11010,68304,3927914600,0,0,0
cu2205,20220218,20220218,133600000,13:36:03,71470,11010,68304,3927914600,0,0,0
cu2205,20220218,20220218,133601500,13:36:03,71470,11010,68304,3927914600,0,0,0
cu2205,20220218,20220218,133606500,13:36:07,71470,11010,68304,3927914600,0,0,0
cu2205,20220218,20220218,133607000,13:36:08,71460,11017,68307,3930415750,7,3,2501150
cu2205,20220218,20220218,133607500,13:36:08,71460,11017,68307,3930415750,0,0,0
cu2205,20220218,20220218,133608500,13:36:08,71480,11020,68308,3931487850,3,1,1072100
cu2205,20220218,20220218,133609000,13:36:09,71480,11020,68308,3931487850,0,0,0
cu2205,20220218,20220218,133609500,13:36:10,71480,11020,68308,3931487850,0,0,0
cu2205,20220218,20220218,133610000,13:36:10,71480,11020,68308,3931487850,0,0,0
cu2205,20220218,20220218,133612000,13:36:12,71480,11020,68308,3931487850,0,0,0
cu2205,20220218,20220218,133612500,13:36:12,71480,11020,68308,3931487850,0,0,0
cu2205,20220218,20220218,133614000,13:36:14,71480,11020,68308,3931487850,0,0,0
cu2205,20220218,20220218,133618000,13:36:19,71480,11020,68308,3931487850,0,0,0
cu2205,20220218,20220218,133620000,13:36:20,71480,11020,68308,3931487850,0,0,0
cu2205,20220218,20220218,133621000,13:36:21,71480,11020,68308,3931487850,0,0,0
cu2205,20220218,20220218,133628500,13:36:29,71480,11020,68308,3931487850,0,0,0
cu2205,20220218,20220218,133629000,13:36:29,71480,11020,68308,3931487850,0,0,0
cu2205,20220218,20220218,133629500,13:36:30,71480,11020,68308,3931487850,0,0,0
cu2205,20220218,20220218,133630000,13:36:30,71460,11021,68307,3931845150,1,-1,357300
cu2205,20220218,20220218,133630500,13:36:31,71460,11021,68307,3931845150,0,0,0
cu2205,20220218,20220218,133634000,13:36:34,71460,11021,68307,3931845150,0,0,0
cu2205,20220218,20220218,133634500,13:36:35,71460,11021,68307,3931845150,0,0,0
cu2205,20220218,20220218,133635000,13:36:35,71460,11021,68307,3931845150,0,0,0
cu2205,20220218,20220218,133637000,13:36:38,71460,11021,68307,3931845150,0,0,0
cu2205,20220218,20220218,133637500,13:36:38,71460,11023,68307,3932559750,2,0,714600
cu2205,20220218,20220218,133638000,13:36:38,71460,11023,68307,3932559750,0,0,0
cu2205,20220218,20220218,133638500,13:36:39,71460,11023,68307,3932559750,0,0,0
cu2205,20220218,20220218,133639000,13:36:39,71460,11023,68307,3932559750,0,0,0
cu2205,20220218,20220218,133640500,13:36:40,71460,11023,68307,3932559750,0,0,0
cu2205,20220218,20220218,133641000,13:36:41,71460,11023,68307,3932559750,0,0,0
cu2205,20220218,20220218,133641500,13:36:41,71460,11023,68307,3932559750,0,0,0
cu2205,20220218,20220218,133643000,13:36:43,71460,11023,68307,3932559750,0,0,0
cu2205,20220218,20220218,133645500,13:36:46,71460,11023,68307,3932559750,0,0,0
cu2205,20220218,20220218,133653000,13:36:53,71460,11023,68307,3932559750,0,0,0
cu2205,20220218,20220218,133700500,13:37:00,71460,11023,68307,3932559750,0,0,0
cu2205,20220218,20220218,133701000,13:37:01,71460,11023,68307,3932559750,0,0,0
cu2205,20220218,20220218,133701500,13:37:01,71460,11023,68307,3932559750,0,0,0
cu2205,20220218,20220218,133702000,13:37:02,71460,11023,68307,3932559750,0,0,0
cu2205,20220218,20220218,133704000,13:37:04,71460,11023,68307,3932559750,0,0,0
cu2205,20220218,20220218,133704500,13:37:04,71460,11023,68307,3932559750,0,0,0
cu2205,20220218,20220218,133706500,13:37:08,71460,11023,68307,3932559750,0,0,0
cu2205,20220218,20220218,133707000,13:37:08,71460,11023,68307,3932559750,0,0,0
cu2205,20220218,20220218,133711500,13:37:13,71460,11023,68307,3932559750,0,0,0
cu2205,20220218,20220218,133712000,13:37:13,71460,11023,68307,3932559750,0,0,0
cu2205,20220218,20220218,133713000,13:37:14,71460,11023,68307,3932559750,0,0,0
cu2205,20220218,20220218,133714500,13:37:15,71460,11023,68307,3932559750,0,0,0
cu2205,20220218,20220218,133715500,13:37:16,71460,11023,68307,3932559750,0,0,0
cu2205,20220218,20220218,133725000,13:37:25,71460,11024,68307,3932917050,1,0,357300
cu2205,20220218,20220218,133725500,13:37:26,71460,11024,68307,3932917050,0,0,0
cu2205,20220218,20220218,133726000,13:37:26,71460,11024,68307,3932917050,0,0,0
cu2205,20220218,20220218,133726500,13:37:27,71460,11024,68307,3932917050,0,0,0
cu2205,20220218,20220218,133727000,13:37:27,71460,11024,68307,3932917050,0,0,0
cu2205,20220218,20220218,133730500,13:37:31,71460,11024,68307,3932917050,0,0,0
cu2205,20220218,20220218,133731000,13:37:31,71460,11024,68307,3932917050,0,0,0
cu2205,20220218,20220218,133732500,13:37:33,71460,11024,68307,3932917050,0,0,0
cu2205,20220218,20220218,133734000,13:37:34,71460,11024,68307,3932917050,0,0,0
cu2205,20220218,20220218,133738000,13:37:38,71460,11024,68307,3932917050,0,0,0
cu2205,20220218,20220218,133738500,13:37:39,71460,11024,68307,3932917050,0,0,0
cu2205,20220218,20220218,133739000,13:37:39,71460,11024,68307,3932917050,0,0,0
cu2205,20220218,20220218,133739500,13:37:39,71460,11024,68307,3932917050,0,0,0
cu2205,20220218,20220218,133740500,13:37:40,71460,11024,68307,3932917050,0,0,0
cu2205,20220218,20220218,133742000,13:37:42,71460,11024,68307,3932917050,0,0,0
cu2205,20220218,20220218,133742500,13:37:43,71460,11024,68307,3932917050,0,0,0
cu2205,20220218,20220218,133745000,13:37:45,71460,11024,68307,3932917050,0,0,0
cu2205,20220218,20220218,133746500,13:37:47,71460,11025,68306,3933274350,1,-1,357300
cu2205,20220218,20220218,133747000,13:37:47,71460,11025,68306,3933274350,0,0,0
cu2205,20220218,20220218,133747500,13:37:48,71460,11025,68306,3933274350,0,0,0
cu2205,20220218,20220218,133752500,13:37:54,71460,11025,68306,3933274350,0,0,0
cu2205,20220218,20220218,133753000,13:37:54,71460,11025,68306,3933274350,0,0,0
cu2205,20220218,20220218,133753500,13:37:55,71460,11025,68306,3933274350,0,0,0
cu2205,20220218,20220218,133757500,13:37:58,71460,11025,68306,3933274350,0,0,0
cu2205,20220218,20220218,133801000,13:38:02,71460,11025,68306,3933274350,0,0,0
cu2205,20220218,20220218,133801500,13:38:03,71460,11025,68306,3933274350,0,0,0
cu2205,20220218,20220218,133802000,13:38:03,71460,11025,68306,3933274350,0,0,0
cu2205,20220218,20220218,133802500,13:38:05,71460,11025,68306,3933274350,0,0,0
cu2205,20220218,20220218,133806000,13:38:08,71460,11025,68306,3933274350,0,0,0
cu2205,20220218,20220218,133809000,13:38:09,71460,11025,68306,3933274350,0,0,0
cu2205,20220218,20220218,133811000,13:38:11,71460,11025,68306,3933274350,0,0,0
cu2205,20220218,20220218,133812000,13:38:14,71460,11025,68306,3933274350,0,0,0
cu2205,20220218,20220218,133812500,13:38:14,71460,11025,68306,3933274350,0,0,0
cu2205,20220218,20220218,133813000,13:38:14,71460,11031,68312,3935418150,6,6,2143800
cu2205,20220218,20220218,133813500,13:38:15,71460,11031,68312,3935418150,0,0,0
cu2205,20220218,20220218,133814000,13:38:15,71460,11031,68312,3935418150,0,0,0
cu2205,20220218,20220218,133815000,13:38:17,71460,11031,68312,3935418150,0,0,0
cu2205,20220218,20220218,133817000,13:38:18,71460,11031,68312,3935418150,0,0,0
cu2205,20220218,20220218,133817500,13:38:18,71460,11031,68312,3935418150,0,0,0
cu2205,20220218,20220218,133821500,13:38:22,71460,11031,68312,3935418150,0,0,0
cu2205,20220218,20220218,133822500,13:38:23,71460,11031,68312,3935418150,0,0,0
cu2205,20220218,20220218,133823500,13:38:24,71460,11031,68312,3935418150,0,0,0
cu2205,20220218,20220218,133838500,13:38:43,71460,11031,68312,3935418150,0,0,0
cu2205,20220218,20220218,133844500,13:38:44,71480,11039,68312,3938277100,8,0,2858950
cu2205,20220218,20220218,133903000,13:39:03,71480,11039,68312,3938277100,0,0,0
cu2205,20220218,20220218,133908000,13:39:08,71480,11039,68312,3938277100,0,0,0
cu2205,20220218,20220218,133912000,13:39:12,71480,11039,68312,3938277100,0,0,0
cu2205,20220218,20220218,133913500,13:39:13,71480,11039,68312,3938277100,0,0,0
cu2205,20220218,20220218,133914000,13:39:14,71480,11039,68312,3938277100,0,0,0
cu2205,20220218,20220218,133914500,13:39:15,71470,11040,68312,3938634450,1,0,357350
cu2205,20220218,20220218,133916000,13:39:19,71470,11040,68312,3938634450,0,0,0
cu2205,20220218,20220218,133917000,13:39:19,71470,11040,68312,3938634450,0,0,0
cu2205,20220218,20220218,133922000,13:39:22,71470,11040,68312,3938634450,0,0,0
cu2205,20220218,20220218,133923000,13:39:23,71450,11042,68312,3939348950,2,0,714500
cu2205,20220218,20220218,133924000,13:39:24,71450,11050,68312,3942206950,8,0,2858000
cu2205,20220218,20220218,133924500,13:39:24,71470,11052,68314,3942921650,2,2,714700
cu2205,20220218,20220218,133925000,13:39:25,71470,11052,68314,3942921650,0,0,0
cu2205,20220218,20220218,133926500,13:39:26,71450,11054,68312,3943636150,2,-2,714500
cu2205,20220218,20220218,133928500,13:39:28,71450,11056,68312,3944350650,2,0,714500
cu2205,20220218,20220218,133933500,13:39:33,71450,11056,68312,3944350650,0,0,0
cu2205,20220218,20220218,133935000,13:39:35,71440,11058,68311,3945065050,2,-1,714400
cu2205,20220218,20220218,133936000,13:39:36,71440,11068,68310,3948637050,10,-1,3572000
cu2205,20220218,20220218,133937500,13:39:37,71440,11070,68310,3949351450,2,0,714400
cu2205,20220218,20220218,133939000,13:39:39,71440,11072,68309,3950065850,2,-1,714400
cu2205,20220218,20220218,133940000,13:39:40,71440,11074,68308,3950780250,2,-1,714400
cu2205,20220218,20220218,133940500,13:39:41,71440,11074,68308,3950780250,0,0,0
cu2205,20220218,20220218,133941500,13:39:41,71440,11074,68308,3950780250,0,0,0
cu2205,20220218,20220218,133944000,13:39:44,71440,11074,68308,3950780250,0,0,0
cu2205,20220218,20220218,133945000,13:39:45,71440,11074,68308,3950780250,0,0,0
cu2205,20220218,20220218,133945500,13:39:46,71430,11078,68305,3952208850,4,-3,1428600
cu2205,20220218,20220218,133946000,13:39:47,71450,11084,68306,3954352250,6,1,2143400
cu2205,20220218,20220218,133947500,13:39:47,71450,11086,68308,3955066750,2,2,714500
cu2205,20220218,20220218,133948500,13:39:48,71450,11086,68308,3955066750,0,0,0
cu2205,20220218,20220218,133955500,13:39:55,71450,11094,68316,3957924750,8,8,2858000
cu2205,20220218,20220218,133956000,13:39:56,71450,11107,68324,3962569000,13,8,4644250
cu2205,20220218,20220218,133956500,13:39:57,71450,11107,68324,3962569000,0,0,0
cu2205,20220218,20220218,133957000,13:39:57,71450,11110,68323,3963640950,3,-1,1071950
cu2205,20220218,20220218,133957500,13:40:05,71450,11110,68323,3963640950,0,0,0
cu2205,20220218,20220218,133958500,13:40:13,71450,11110,68323,3963640950,0,0,0
cu2205,20220218,20220218,134006500,13:40:13,71460,11112,68322,3964355550,2,-1,714600
cu2205,20220218,20220218,134018000,13:40:19,71460,11112,68322,3964355550,0,0,0
cu2205,20220218,20220218,134018500,13:40:19,71460,11112,68322,3964355550,0,0,0
cu2205,20220218,20220218,134019000,13:40:19,71460,11112,68322,3964355550,0,0,0
cu2205,20220218,20220218,134019500,13:40:20,71460,11112,68322,3964355550,0,0,0
cu2205,20220218,20220218,134020500,13:40:21,71460,11112,68322,3964355550,0,0,0
cu2205,20220218,20220218,134021000,13:40:21,71460,11112,68322,3964355550,0,0,0
cu2205,20220218,20220218,134021500,13:40:22,71460,11112,68322,3964355550,0,0,0
cu2205,20220218,20220218,134022000,13:40:22,71460,11114,68320,3965070150,2,-2,714600
cu2205,20220218,20220218,134022500,13:40:22,71470,11116,68320,3965784850,2,0,714700
cu2205,20220218,20220218,134023000,13:40:23,71480,11119,68321,3966856950,3,1,1072100
cu2205,20220218,20220218,134023500,13:40:23,71480,11119,68321,3966856950,0,0,0
cu2205,20220218,20220218,134024000,13:40:24,71480,11119,68321,3966856950,0,0,0
cu2205,20220218,20220218,134026000,13:40:26,71480,11119,68321,3966856950,0,0,0
cu2205,20220218,20220218,134027500,13:40:27,71480,11119,68321,3966856950,0,0,0
cu2205,20220218,20220218,134028500,13:40:29,71480,11119,68321,3966856950,0,0,0
cu2205,20220218,20220218,134029000,13:40:30,71480,11119,68321,3966856950,0,0,0
cu2205,20220218,20220218,134029500,13:40:30,71480,11119,68321,3966856950,0,0,0
cu2205,20220218,20220218,134030500,13:40:30,71480,11119,68321,3966856950,0,0,0
cu2205,20220218,20220218,134031000,13:40:31,71480,11119,68321,3966856950,0,0,0
cu2205,20220218,20220218,134031500,13:40:31,71480,11119,68321,3966856950,0,0,0
cu2205,20220218,20220218,134032000,13:40:32,71480,11119,68321,3966856950,0,0,0
cu2205,20220218,20220218,134032500,13:40:32,71480,11119,68321,3966856950,0,0,0
cu2205,20220218,20220218,134033000,13:40:33,71480,11119,68321,3966856950,0,0,0
cu2205,20220218,20220218,134033500,13:40:34,71480,11119,68321,3966856950,0,0,0
cu2205,20220218,20220218,134034000,13:40:34,71480,11119,68321,3966856950,0,0,0
cu2205,20220218,20220218,134035000,13:40:35,71480,11119,68321,3966856950,0,0,0
cu2205,20220218,20220218,134036000,13:40:36,71480,11119,68321,3966856950,0,0,0
cu2205,20220218,20220218,134036500,13:40:36,71480,11119,68321,3966856950,0,0,0
cu2205,20220218,20220218,134041000,13:40:42,71480,11119,68321,3966856950,0,0,0
cu2205,20220218,20220218,134041500,13:40:42,71480,11119,68321,3966856950,0,0,0
cu2205,20220218,20220218,134042000,13:40:42,71480,11119,68321,3966856950,0,0,0
cu2205,20220218,20220218,134049500,13:40:49,71480,11120,68321,3967214350,1,0,357400
cu2205,20220218,20220218,134050000,13:40:50,71480,11120,68321,3967214350,0,0,0
cu2205,20220218,20220218,134051500,13:40:55,71480,11120,68321,3967214350,0,0,0
cu2205,20220218,20220218,134053500,13:40:55,71480,11120,68321,3967214350,0,0,0
cu2205,20220218,20220218,134055500,13:40:57,71480,11120,68321,3967214350,0,0,0
cu2205,20220218,20220218,134057000,13:40:58,71480,11120,68321,3967214350,0,0,0
cu2205,20220218,20220218,134058000,13:40:58,71480,11120,68321,3967214350,0,0,0
cu2205,20220218,20220218,134059000,13:40:59,71480,11120,68321,3967214350,0,0,0
cu2205,20220218,20220218,134100000,13:41:00,71480,11120,68321,3967214350,0,0,0
cu2205,20220218,20220218,134105500,13:41:06,71480,11120,68321,3967214350,0,0,0
cu2205,20220218,20220218,134106000,13:41:07,71480,11120,68321,3967214350,0,0,0
cu2205,20220218,20220218,134107000,13:41:07,71480,11121,68321,3967571750,1,0,357400
cu2205,20220218,20220218,134107500,13:41:09,71480,11121,68321,3967571750,0,0,0
cu2205,20220218,20220218,134108000,13:41:09,71480,11121,68321,3967571750,0,0,0
cu2205,20220218,20220218,134108500,13:41:10,71480,11121,68321,3967571750,0,0,0
cu2205,20220218,20220218,134109000,13:41:10,71480,11121,68321,3967571750,0,0,0
cu2205,20220218,20220218,134109500,13:41:10,71480,11121,68321,3967571750,0,0,0
cu2205,20220218,20220218,134110000,13:41:10,71480,11121,68321,3967571750,0,0,0
cu2205,20220218,20220218,134111500,13:41:11,71480,11121,68321,3967571750,0,0,0
cu2205,20220218,20220218,134112000,13:41:12,71480,11122,68321,3967929150,1,0,357400
cu2205,20220218,20220218,134113000,13:41:13,71480,11122,68321,3967929150,0,0,0
cu2205,20220218,20220218,134115500,13:41:16,71480,11122,68321,3967929150,0,0,0
cu2205,20220218,20220218,134116000,13:41:16,71480,11122,68321,3967929150,0,0,0
cu2205,20220218,20220218,134116500,13:41:17,71480,11122,68321,3967929150,0,0,0
cu2205,20220218,20220218,134117000,13:41:17,71480,11122,68321,3967929150,0,0,0
cu2205,20220218,20220218,134117500,13:41:18,71480,11122,68321,3967929150,0,0,0
cu2205,20220218,20220218,134118000,13:41:19,71480,11122,68321,3967929150,0,0,0
cu2205,20220218,20220218,134123000,13:41:24,71480,11127,68321,3969716150,5,0,1787000
cu2205,20220218,20220218,134123500,13:41:24,71490,11129,68322,3970431050,2,1,714900
cu2205,20220218,20220218,134124000,13:41:24,71490,11129,68322,3970431050,0,0,0
cu2205,20220218,20220218,134124500,13:41:26,71490,11129,68322,3970431050,0,0,0
cu2205,20220218,20220218,134125000,13:41:26,71490,11131,68322,3971145950,2,0,714900
cu2205,20220218,20220218,134125500,13:41:27,71500,11141,68332,3974720950,10,10,3575000
cu2205,20220218,20220218,134126500,13:41:27,71500,11141,68332,3974720950,0,0,0
cu2205,20220218,20220218,134127000,13:41:27,71500,11141,68332,3974720950,0,0,0
cu2205,20220218,20220218,134127500,13:41:27,71500,11141,68332,3974720950,0,0,0
cu2205,20220218,20220218,134129500,13:41:30,71500,11141,68332,3974720950,0,0,0
cu2205,20220218,20220218,134132000,13:41:32,71500,11141,68332,3974720950,0,0,0
cu2205,20220218,20220218,134133500,13:41:34,71500,11141,68332,3974720950,0,0,0
cu2205,20220218,20220218,134134000,13:41:34,71500,11141,68332,3974720950,0,0,0
cu2205,20220218,20220218,134135000,13:41:35,71500,11141,68332,3974720950,0,0,0
cu2205,20220218,20220218,134138000,13:41:42,71490,11146,68335,3976508200,5,3,1787250
cu2205,20220218,20220218,134143000,13:41:43,71490,11146,68335,3976508200,0,0,0
cu2205,20220218,20220218,134147000,13:41:47,71480,11150,68334,3977937800,4,-1,1429600
cu2205,20220218,20220218,134147500,13:41:48,71480,11152,68334,3978652600,2,0,714800
cu2205,20220218,20220218,134148000,13:41:48,71480,11152,68334,3978652600,0,0,0
cu2205,20220218,20220218,134148500,13:41:48,71480,11154,68334,3979367400,2,0,714800
cu2205,20220218,20220218,134149000,13:41:49,71480,11160,68334,3981511800,6,0,2144400
cu2205,20220218,20220218,134149500,13:41:50,71490,11165,68336,3983299050,5,2,1787250
cu2205,20220218,20220218,134151000,13:41:51,71490,11165,68336,3983299050,0,0,0
cu2205,20220218,20220218,134151500,13:41:52,71480,11182,68347,3989374850,17,11,6075800
cu2205,20220218,20220218,134152000,13:41:52,71480,11182,68347,3989374850,0,0,0
cu2205,20220218,20220218,134154000,13:42:02,71480,11190,68347,3992234050,8,0,2859200
cu2205,20220218,20220218,134213000,13:42:13,71480,11191,68347,3992591450,1,0,357400
cu2205,20220218,20220218,134213500,13:42:14,71480,11191,68347,3992591450,0,0,0
cu2205,20220218,20220218,134214000,13:42:14,71480,11191,68347,3992591450,0,0,0
cu2205,20220218,20220218,134214500,13:42:15,71480,11191,68347,3992591450,0,0,0
cu2205,20220218,20220218,134215000,13:42:15,71480,11191,68347,3992591450,0,0,0
cu2205,20220218,20220218,134216000,13:42:16,71480,11191,68347,3992591450,0,0,0
cu2205,20220218,20220218,134216500,13:42:17,71480,11191,68347,3992591450,0,0,0
cu2205,20220218,20220218,134217000,13:42:18,71500,11193,68349,3993306450,2,2,715000
cu2205,20220218,20220218,134217500,13:42:19,71500,11193,68349,3993306450,0,0,0
cu2205,20220218,20220218,134218000,13:42:20,71500,11193,68349,3993306450,0,0,0
cu2205,20220218,20220218,134220500,13:42:21,71500,11194,68349,3993663950,1,0,357500
cu2205,20220218,20220218,134222000,13:42:22,71500,11194,68349,3993663950,0,0,0
cu2205,20220218,20220218,134223000,13:42:23,71500,11194,68349,3993663950,0,0,0
cu2205,20220218,20220218,134223500,13:42:24,71500,11194,68349,3993663950,0,0,0
cu2205,20220218,20220218,134224000,13:42:24,71500,11194,68349,3993663950,0,0,0
cu2205,20220218,20220218,134226000,13:42:26,71500,11194,68349,3993663950,0,0,0
cu2205,20220218,20220218,134229000,13:42:29,71500,11194,68349,3993663950,0,0,0
cu2205,20220218,20220218,134255000,13:42:55,71500,11194,68349,3993663950,0,0,0
cu2205,20220218,20220218,134255500,13:42:55,71500,11194,68349,3993663950,0,0,0
cu2205,20220218,20220218,134256500,13:42:57,71500,11194,68349,3993663950,0,0,0
cu2205,20220218,20220218,134257000,13:42:59,71490,11205,68359,3997595900,11,10,3931950
cu2205,20220218,20220218,134257500,13:42:59,71490,11207,68359,3998310800,2,0,714900
cu2205,20220218,20220218,134259000,13:42:59,71490,11209,68361,3999025700,2,2,714900
cu2205,20220218,20220218,134259500,13:43:01,71490,11209,68361,3999025700,0,0,0
cu2205,20220218,20220218,134300000,13:43:01,71490,11209,68361,3999025700,0,0,0
cu2205,20220218,20220218,134303000,13:43:05,71490,11211,68363,3999740600,2,2,714900
cu2205,20220218,20220218,134310000,13:43:12,71490,11215,68367,4001170400,4,4,1429800
cu2205,20220218,20220218,134312000,13:43:14,71490,11217,68369,4001885300,2,2,714900
cu2205,20220218,20220218,134313000,13:43:14,71490,11217,68369,4001885300,0,0,0
cu2205,20220218,20220218,134313500,13:43:14,71490,11217,68369,4001885300,0,0,0
cu2205,20220218,20220218,134314500,13:43:15,71490,11217,68369,4001885300,0,0,0
cu2205,20220218,20220218,134316000,13:43:16,71490,11217,68369,4001885300,0,0,0
cu2205,20220218,20220218,134321500,13:43:21,71490,11217,68369,4001885300,0,0,0
cu2205,20220218,20220218,134322000,13:43:22,71490,11217,68369,4001885300,0,0,0
cu2205,20220218,20220218,134323000,13:43:23,71490,11217,68369,4001885300,0,0,0
cu2205,20220218,20220218,134326000,13:43:26,71490,11217,68369,4001885300,0,0,0
cu2205,20220218,20220218,134326500,13:43:26,71490,11217,68369,4001885300,0,0,0
cu2205,20220218,20220218,134327000,13:43:27,71490,11217,68369,4001885300,0,0,0
cu2205,20220218,20220218,134327500,13:43:27,71490,11217,68369,4001885300,0,0,0
cu2205,20220218,20220218,134329500,13:43:30,71490,11217,68369,4001885300,0,0,0
cu2205,20220218,20220218,134330500,13:43:30,71490,11217,68369,4001885300,0,0,0
cu2205,20220218,20220218,134338000,13:43:38,71490,11234,68386,4007961950,17,17,6076650
cu2205,20220218,20220218,134338500,13:43:38,71490,11234,68386,4007961950,0,0,0
cu2205,20220218,20220218,134339000,13:43:40,71490,11234,68386,4007961950,0,0,0
cu2205,20220218,20220218,134339500,13:43:55,71490,11235,68387,4008319400,1,1,357450
cu2205,20220218,20220218,134340500,13:43:57,71490,11236,68387,4008676850,1,0,357450
cu2205,20220218,20220218,134352000,13:44:04,71490,11236,68387,4008676850,0,0,0
cu2205,20220218,20220218,134402500,13:44:04,71490,11236,68387,4008676850,0,0,0
cu2205,20220218,20220218,134404500,13:44:05,71490,11236,68387,4008676850,0,0,0
cu2205,20220218,20220218,134405500,13:44:06,71490,11300,68389,4031553850,64,2,22877000
cu2205,20220218,20220218,134406000,13:44:06,71490,11300,68389,4031553850,0,0,0
cu2205,20220218,20220218,134406500,13:44:06,71490,11300,68389,4031553850,0,0,0
cu2205,20220218,20220218,134409500,13:44:17,71490,11300,68389,4031553850,0,0,0
cu2205,20220218,20220218,134410000,13:44:17,71490,11300,68389,4031553850,0,0,0
cu2205,20220218,20220218,134417000,13:44:17,71490,11355,68383,4051213600,55,-6,19659750
cu2205,20220218,20220218,134420000,13:44:23,71490,11355,68383,4051213600,0,0,0
cu2205,20220218,20220218,134420500,13:44:23,71490,11355,68383,4051213600,0,0,0
cu2205,20220218,20220218,134423000,13:44:23,71490,11355,68383,4051213600,0,0,0
cu2205,20220218,20220218,134423500,13:44:24,71490,11355,68383,4051213600,0,0,0
cu2205,20220218,20220218,134424000,13:44:24,71490,11365,68383,4054788100,10,0,3574500
cu2205,20220218,20220218,134424500,13:44:24,71490,11377,68381,4059077500,12,-2,4289400
cu2205,20220218,20220218,134425000,13:44:25,71500,11387,68382,4062652050,10,1,3574550
cu2205,20220218,20220218,134425500,13:44:25,71500,11387,68382,4062652050,0,0,0
cu2205,20220218,20220218,134426000,13:44:26,71500,11387,68382,4062652050,0,0,0
cu2205,20220218,20220218,134429000,13:44:29,71500,11387,68382,4062652050,0,0,0
cu2205,20220218,20220218,134430000,13:44:37,71500,11387,68382,4062652050,0,0,0
cu2205,20220218,20220218,134436000,13:44:37,71500,11387,68382,4062652050,0,0,0
cu2205,20220218,20220218,134455500,13:44:56,71500,11387,68382,4062652050,0,0,0
cu2205,20220218,20220218,134458500,13:44:59,71480,11388,68382,4063009450,1,0,357400
cu2205,20220218,20220218,134459000,13:44:59,71480,11389,68382,4063366850,1,0,357400
cu2205,20220218,20220218,134459500,13:44:59,71480,11391,68382,4064081650,2,0,714800
cu2205,20220218,20220218,134502500,13:45:03,71480,11391,68382,4064081650,0,0,0
cu2205,20220218,20220218,134512000,13:45:12,71480,11391,68382,4064081650,0,0,0
cu2205,20220218,20220218,134512500,13:45:13,71480,11391,68382,4064081650,0,0,0
cu2205,20220218,20220218,134513500,13:45:14,71480,11391,68382,4064081650,0,0,0
cu2205,20220218,20220218,134514000,13:45:15,71480,11391,68382,4064081650,0,0,0
cu2205,20220218,20220218,134518000,13:45:21,71480,11391,68382,4064081650,0,0,0
cu2205,20220218,20220218,134518500,13:45:23,71480,11391,68382,4064081650,0,0,0
cu2205,20220218,20220218,134525000,13:45:26,71480,11391,68382,4064081650,0,0,0
cu2205,20220218,20220218,134525500,13:45:27,71500,11415,68404,4072661650,24,22,8580000
cu2205,20220218,20220218,134526000,13:45:27,71490,11428,68414,4077309100,13,10,4647450
cu2205,20220218,20220218,134526500,13:45:28,71500,11438,68424,4080884100,10,10,3575000
cu2205,20220218,20220218,134532000,13:45:32,71500,11440,68426,4081599100,2,2,715000
cu2205,20220218,20220218,134532500,13:45:33,71490,11441,68427,4081956550,1,1,357450
cu2205,20220218,20220218,134534000,13:45:35,71490,11441,68427,4081956550,0,0,0
cu2205,20220218,20220218,134534500,13:45:35,71490,11441,68427,4081956550,0,0,0
cu2205,20220218,20220218,134535000,13:45:35,71490,11441,68427,4081956550,0,0,0
cu2205,20220218,20220218,134535500,13:45:35,71500,11443,68429,4082671550,2,2,715000
cu2205,20220218,20220218,134537000,13:45:37,71500,11443,68429,4082671550,0,0,0
cu2205,20220218,20220218,134537500,13:45:38,71500,11443,68429,4082671550,0,0,0
cu2205,20220218,20220218,134538500,13:45:39,71500,11443,68429,4082671550,0,0,0
cu2205,20220218,20220218,134541000,13:45:41,71500,11443,68429,4082671550,0,0,0
cu2205,20220218,20220218,134547000,13:45:47,71500,11443,68429,4082671550,0,0,0
cu2205,20220218,20220218,134548000,13:45:48,71500,11453,68439,4086246550,10,10,3575000
cu2205,20220218,20220218,134548500,13:45:48,71500,11453,68439,4086246550,0,0,0
cu2205,20220218,20220218,134550000,13:45:53,71500,11453,68439,4086246550,0,0,0
cu2205,20220218,20220218,134550500,13:45:54,71500,11453,68439,4086246550,0,0,0
cu2205,20220218,20220218,134552500,13:45:54,71500,11453,68439,4086246550,0,0,0
cu2205,20220218,20220218,134555500,13:45:56,71500,11453,68439,4086246550,0,0,0
cu2205,20220218,20220218,134556000,13:45:58,71500,11453,68439,4086246550,0,0,0
cu2205,20220218,20220218,134604000,13:46:04,71500,11454,68440,4086604050,1,1,357500
cu2205,20220218,20220218,134605000,13:46:05,71490,11458,68442,4088033850,4,2,1429800
cu2205,20220218,20220218,134605500,13:46:05,71490,11464,68447,4090178550,6,5,2144700
cu2205,20220218,20220218,134606000,13:46:06,71500,11466,68448,4090893550,2,1,715000
cu2205,20220218,20220218,134606500,13:46:07,71500,11468,68448,4091608550,2,0,715000
cu2205,20220218,20220218,134607000,13:46:07,71500,11468,68448,4091608550,0,0,0
cu2205,20220218,20220218,134607500,13:46:07,71500,11468,68448,4091608550,0,0,0
cu2205,20220218,20220218,134609000,13:46:09,71500,11468,68448,4091608550,0,0,0
cu2205,20220218,20220218,134609500,13:46:10,71510,11470,68449,4092323650,2,1,715100
cu2205,20220218,20220218,134610000,13:46:11,71510,11470,68449,4092323650,0,0,0
cu2205,20220218,20220218,134610500,13:46:11,71510,11470,68449,4092323650,0,0,0
cu2205,20220218,20220218,134612000,13:46:13,71510,11471,68450,4092681200,1,1,357550
cu2205,20220218,20220218,134612500,13:46:13,71510,11472,68450,4093038750,1,0,357550
cu2205,20220218,20220218,134613000,13:46:13,71510,11472,68450,4093038750,0,0,0
cu2205,20220218,20220218,134613500,13:46:14,71510,11472,68450,4093038750,0,0,0
cu2205,20220218,20220218,134614000,13:46:14,71510,11472,68450,4093038750,0,0,0
cu2205,20220218,20220218,134614500,13:46:15,71510,11472,68450,4093038750,0,0,0
cu2205,20220218,20220218,134615000,13:46:15,71510,11474,68450,4093753850,2,0,715100
cu2205,20220218,20220218,134615500,13:46:17,71510,11474,68450,4093753850,0,0,0
cu2205,20220218,20220218,134616000,13:46:17,71510,11474,68450,4093753850,0,0,0
cu2205,20220218,20220218,134617500,13:46:18,71510,11474,68450,4093753850,0,0,0
cu2205,20220218,20220218,134619500,13:46:19,71510,11474,68450,4093753850,0,0,0
cu2205,20220218,20220218,134620500,13:46:21,71510,11474,68450,4093753850,0,0,0
cu2205,20220218,20220218,134622000,13:46:30,71510,11474,68450,4093753850,0,0,0
cu2205,20220218,20220218,134630000,13:46:31,71510,11474,68450,4093753850,0,0,0
cu2205,20220218,20220218,134635000,13:46:35,71510,11474,68450,4093753850,0,0,0
cu2205,20220218,20220218,134636000,13:46:37,71510,11474,68450,4093753850,0,0,0
cu2205,20220218,20220218,134636500,13:46:37,71510,11474,68450,4093753850,0,0,0
cu2205,20220218,20220218,134639000,13:46:39,71510,11474,68450,4093753850,0,0,0
cu2205,20220218,20220218,134642000,13:46:43,71510,11474,68450,4093753850,0,0,0
cu2205,20220218,20220218,134649500,13:46:50,71510,11474,68450,4093753850,0,0,0
cu2205,20220218,20220218,134650000,13:46:50,71510,11474,68450,4093753850,0,0,0
cu2205,20220218,20220218,134650500,13:46:50,71510,11474,68450,4093753850,0,0,0
cu2205,20220218,20220218,134651000,13:46:51,71510,11474,68450,4093753850,0,0,0
cu2205,20220218,20220218,134651500,13:46:51,71510,11474,68450,4093753850,0,0,0
cu2205,20220218,20220218,134653000,13:46:54,71510,11474,68450,4093753850,0,0,0
cu2205,20220218,20220218,134653500,13:46:54,71510,11474,68450,4093753850,0,0,0
cu2205,20220218,20220218,134656000,13:46:56,71510,11474,68450,4093753850,0,0,0
cu2205,20220218,20220218,134656500,13:46:56,71510,11474,68450,4093753850,0,0,0
cu2205,20220218,20220218,134657500,13:46:57,71510,11474,68450,4093753850,0,0,0
cu2205,20220218,20220218,134701000,13:47:01,71510,11474,68450,4093753850,0,0,0
cu2205,20220218,20220218,134704500,13:47:05,71510,11474,68450,4093753850,0,0,0
cu2205,20220218,20220218,134707500,13:47:10,71510,11474,68450,4093753850,0,0,0
cu2205,20220218,20220218,134709000,13:47:11,71510,11481,68449,4096256700,7,-1,2502850
cu2205,20220218,20220218,134717500,13:47:18,71500,11483,68449,4096971700,2,0,715000
cu2205,20220218,20220218,134718000,13:47:19,71510,11485,68451,4097686800,2,2,715100
cu2205,20220218,20220218,134718500,13:47:19,71510,11485,68451,4097686800,0,0,0
cu2205,20220218,20220218,134723500,13:47:26,71510,11486,68451,4098044350,1,0,357550
cu2205,20220218,20220218,134726000,13:47:27,71510,11486,68451,4098044350,0,0,0
cu2205,20220218,20220218,134727000,13:47:27,71510,11486,68451,4098044350,0,0,0
cu2205,20220218,20220218,134730000,13:47:30,71510,11497,68452,4101977400,11,1,3933050
cu2205,20220218,20220218,134730500,13:47:30,71510,11506,68454,4105195350,9,2,3217950
cu2205,20220218,20220218,134731000,13:47:31,71510,11506,68454,4105195350,0,0,0
cu2205,20220218,20220218,134732000,13:47:32,71510,11506,68454,4105195350,0,0,0
cu2205,20220218,20220218,134732500,13:47:33,71510,11506,68454,4105195350,0,0,0
cu2205,20220218,20220218,134733000,13:47:34,71510,11506,68454,4105195350,0,0,0
cu2205,20220218,20220218,134733500,13:47:34,71510,11506,68454,4105195350,0,0,0
cu2205,20220218,20220218,134734000,13:47:34,71510,11506,68454,4105195350,0,0,0
cu2205,20220218,20220218,134737500,13:47:38,71510,11506,68454,4105195350,0,0,0
cu2205,20220218,20220218,134741500,13:47:42,71500,11508,68452,4105910350,2,-2,715000
cu2205,20220218,20220218,134742000,13:47:42,71500,11511,68449,4106982850,3,-3,1072500
cu2205,20220218,20220218,134742500,13:47:42,71500,11516,68444,4108770350,5,-5,1787500
cu2205,20220218,20220218,134756000,13:47:56,71500,11516,68444,4108770350,0,0,0
cu2205,20220218,20220218,134808000,13:48:08,71510,11517,68444,4109127900,1,0,357550
cu2205,20220218,20220218,134811000,13:48:11,71510,11517,68444,4109127900,0,0,0
cu2205,20220218,20220218,134813500,13:48:13,71510,11517,68444,4109127900,0,0,0
cu2205,20220218,20220218,134816000,13:48:16,71510,11517,68444,4109127900,0,0,0
cu2205,20220218,20220218,134817000,13:48:17,71510,11517,68444,4109127900,0,0,0
cu2205,20220218,20220218,134818000,13:48:19,71500,11518,68443,4109485400,1,-1,357500
cu2205,20220218,20220218,134818500,13:48:20,71500,11518,68443,4109485400,0,0,0
cu2205,20220218,20220218,134819000,13:48:20,71500,11518,68443,4109485400,0,0,0
cu2205,20220218,20220218,134822500,13:48:23,71500,11518,68443,4109485400,0,0,0
cu2205,20220218,20220218,134823500,13:48:24,71500,11518,68443,4109485400,0,0,0
cu2205,20220218,20220218,134824000,13:48:24,71500,11518,68443,4109485400,0,0,0
cu2205,20220218,20220218,134824500,13:48:24,71500,11518,68443,4109485400,0,0,0
cu2205,20220218,20220218,134830000,13:48:30,71500,11518,68443,4109485400,0,0,0
cu2205,20220218,20220218,134833000,13:48:33,71500,11518,68443,4109485400,0,0,0
cu2205,20220218,20220218,134837000,13:48:37,71500,11521,68442,4110557900,3,-1,1072500
cu2205,20220218,20220218,134837500,13:48:37,71540,11546,68444,4119496550,25,2,8938650
cu2205,20220218,20220218,134838000,13:48:38,71520,11547,68443,4119854150,1,-1,357600
cu2205,20220218,20220218,134838500,13:48:38,71520,11547,68443,4119854150,0,0,0
cu2205,20220218,20220218,134839000,13:48:39,71520,11547,68443,4119854150,0,0,0
cu2205,20220218,20220218,134839500,13:48:39,71520,11547,68443,4119854150,0,0,0
cu2205,20220218,20220218,134841000,13:48:41,71520,11547,68443,4119854150,0,0,0
cu2205,20220218,20220218,134841500,13:48:41,71510,11548,68443,4120211700,1,0,357550
cu2205,20220218,20220218,134844000,13:48:44,71510,11548,68443,4120211700,0,0,0
cu2205,20220218,20220218,134844500,13:48:44,71510,11548,68443,4120211700,0,0,0
cu2205,20220218,20220218,134845000,13:48:45,71510,11548,68443,4120211700,0,0,0
cu2205,20220218,20220218,134848500,13:48:48,71510,11548,68443,4120211700,0,0,0
cu2205,20220218,20220218,134853000,13:48:54,71510,11548,68443,4120211700,0,0,0
cu2205,20220218,20220218,134856500,13:48:57,71510,11548,68443,4120211700,0,0,0
cu2205,20220218,20220218,134900500,13:49:00,71510,11548,68443,4120211700,0,0,0
cu2205,20220218,20220218,134904000,13:49:04,71510,11548,68443,4120211700,0,0,0
cu2205,20220218,20220218,134905500,13:49:05,71510,11548,68443,4120211700,0,0,0
cu2205,20220218,20220218,134906000,13:49:06,71510,11548,68443,4120211700,0,0,0
cu2205,20220218,20220218,134906500,13:49:06,71510,11548,68443,4120211700,0,0,0
cu2205,20220218,20220218,134908500,13:49:08,71510,11548,68443,4120211700,0,0,0
cu2205,20220218,20220218,134909000,13:49:09,71510,11548,68443,4120211700,0,0,0
cu2205,20220218,20220218,134911000,13:49:11,71510,11548,68443,4120211700,0,0,0
cu2205,20220218,20220218,134915500,13:49:15,71510,11548,68443,4120211700,0,0,0
cu2205,20220218,20220218,134916000,13:49:16,71510,11548,68443,4120211700,0,0,0
cu2205,20220218,20220218,134920500,13:49:20,71510,11548,68443,4120211700,0,0,0
cu2205,20220218,20220218,134921500,13:49:21,71510,11548,68443,4120211700,0,0,0
cu2205,20220218,20220218,134922000,13:49:22,71510,11548,68443,4120211700,0,0,0
cu2205,20220218,20220218,134925500,13:49:25,71510,11548,68443,4120211700,0,0,0
cu2205,20220218,20220218,134946500,13:49:46,71510,11548,68443,4120211700,0,0,0
cu2205,20220218,20220218,134947000,13:49:47,71510,11548,68443,4120211700,0,0,0
cu2205,20220218,20220218,134954000,13:49:55,71510,11548,68443,4120211700,0,0,0
cu2205,20220218,20220218,134956500,13:49:57,71510,11548,68443,4120211700,0,0,0
cu2205,20220218,20220218,134957000,13:49:57,71510,11548,68443,4120211700,0,0,0
cu2205,20220218,20220218,134957500,13:49:57,71510,11548,68443,4120211700,0,0,0
cu2205,20220218,20220218,134958000,13:49:58,71510,11548,68443,4120211700,0,0,0
cu2205,20220218,20220218,134958500,13:49:59,71510,11548,68443,4120211700,0,0,0
cu2205,20220218,20220218,135004500,13:50:04,71510,11550,68445,4120926800,2,2,715100
cu2205,20220218,20220218,135005000,13:50:05,71510,11550,68445,4120926800,0,0,0
cu2205,20220218,20220218,135005500,13:50:06,71510,11550,68445,4120926800,0,0,0
cu2205,20220218,20220218,135006000,13:50:06,71510,11550,68445,4120926800,0,0,0
cu2205,20220218,20220218,135006500,13:50:07,71510,11550,68445,4120926800,0,0,0
cu2205,20220218,20220218,135007000,13:50:07,71510,11550,68445,4120926800,0,0,0
cu2205,20220218,20220218,135007500,13:50:09,71510,11550,68445,4120926800,0,0,0
cu2205,20220218,20220218,135008000,13:50:09,71510,11550,68445,4120926800,0,0,0
cu2205,20220218,20220218,135008500,13:50:25,71510,11550,68445,4120926800,0,0,0
cu2205,20220218,20220218,135009000,13:50:26,71510,11550,68445,4120926800,0,0,0
cu2205,20220218,20220218,135022000,13:50:27,71510,11550,68445,4120926800,0,0,0
cu2205,20220218,20220218,135026500,13:50:30,71520,11558,68452,4123787250,8,7,2860450
cu2205,20220218,20220218,135027000,13:50:33,71520,11558,68452,4123787250,0,0,0
cu2205,20220218,20220218,135029000,13:50:35,71520,11558,68452,4123787250,0,0,0
cu2205,20220218,20220218,135033500,13:50:37,71520,11558,68452,4123787250,0,0,0
cu2205,20220218,20220218,135040000,13:50:40,71520,11558,68452,4123787250,0,0,0
cu2205,20220218,20220218,135040500,13:50:41,71520,11558,68452,4123787250,0,0,0
cu2205,20220218,20220218,135041000,13:50:41,71520,11559,68452,4124144850,1,0,357600
cu2205,20220218,20220218,135042500,13:50:43,71520,11559,68452,4124144850,0,0,0
cu2205,20220218,20220218,135043000,13:50:43,71520,11559,68452,4124144850,0,0,0
cu2205,20220218,20220218,135043500,13:50:43,71520,11559,68452,4124144850,0,0,0
cu2205,20220218,20220218,135048000,13:50:48,71520,11559,68452,4124144850,0,0,0
cu2205,20220218,20220218,135048500,13:50:48,71520,11559,68452,4124144850,0,0,0
cu2205,20220218,20220218,135049000,13:50:49,71520,11559,68452,4124144850,0,0,0
cu2205,20220218,20220218,135051000,13:50:51,71520,11559,68452,4124144850,0,0,0
cu2205,20220218,20220218,135051500,13:50:52,71520,11559,68452,4124144850,0,0,0
cu2205,20220218,20220218,135052000,13:50:52,71520,11559,68452,4124144850,0,0,0
cu2205,20220218,20220218,135052500,13:50:53,71520,11559,68452,4124144850,0,0,0
cu2205,20220218,20220218,135055000,13:50:55,71520,11559,68452,4124144850,0,0,0
cu2205,20220218,20220218,135055500,13:50:55,71520,11559,68452,4124144850,0,0,0
cu2205,20220218,20220218,135056000,13:50:56,71520,11559,68452,4124144850,0,0,0
cu2205,20220218,20220218,135056500,13:50:57,71500,11560,68452,4124502350,1,0,357500
cu2205,20220218,20220218,135057000,13:50:57,71500,11560,68452,4124502350,0,0,0
cu2205,20220218,20220218,135100500,13:51:01,71500,11560,68452,4124502350,0,0,0
cu2205,20220218,20220218,135101500,13:51:01,71500,11560,68452,4124502350,0,0,0
cu2205,20220218,20220218,135103000,13:51:03,71500,11560,68452,4124502350,0,0,0
cu2205,20220218,20220218,135103500,13:51:03,71500,11560,68452,4124502350,0,0,0
cu2205,20220218,20220218,135105500,13:51:05,71500,11560,68452,4124502350,0,0,0
cu2205,20220218,20220218,135106000,13:51:06,71500,11560,68452,4124502350,0,0,0
cu2205,20220218,20220218,135106500,13:51:06,71500,11560,68452,4124502350,0,0,0
cu2205,20220218,20220218,135107000,13:51:17,71500,11560,68452,4124502350,0,0,0
cu2205,20220218,20220218,135107500,13:51:20,71500,11560,68452,4124502350,0,0,0
cu2205,20220218,20220218,135117500,13:51:21,71500,11560,68452,4124502350,0,0,0
cu2205,20220218,20220218,135122000,13:51:22,71500,11560,68452,4124502350,0,0,0
cu2205,20220218,20220218,135125000,13:51:25,71500,11560,68452,4124502350,0,0,0
cu2205,20220218,20220218,135125500,13:51:26,71500,11560,68452,4124502350,0,0,0
cu2205,20220218,20220218,135126000,13:51:27,71500,11560,68452,4124502350,0,0,0
cu2205,20220218,20220218,135126500,13:51:27,71500,11560,68452,4124502350,0,0,0
cu2205,20220218,20220218,135130000,13:51:30,71500,11560,68452,4124502350,0,0,0
cu2205,20220218,20220218,135130500,13:51:31,71500,11560,68452,4124502350,0,0,0
cu2205,20220218,20220218,135132000,13:51:32,71500,11560,68452,4124502350,0,0,0
cu2205,20220218,20220218,135132500,13:51:32,71500,11560,68452,4124502350,0,0,0
cu2205,20220218,20220218,135133500,13:51:33,71500,11560,68452,4124502350,0,0,0
cu2205,20220218,20220218,135135500,13:51:35,71500,11560,68452,4124502350,0,0,0
cu2205,20220218,20220218,135137000,13:51:37,71500,11560,68452,4124502350,0,0,0
cu2205,20220218,20220218,135140500,13:51:40,71500,11560,68452,4124502350,0,0,0
cu2205,20220218,20220218,135142500,13:51:42,71500,11560,68452,4124502350,0,0,0
cu2205,20220218,20220218,135145500,13:51:45,71500,11560,68452,4124502350,0,0,0
cu2205,20220218,20220218,135147000,13:51:47,71500,11560,68452,4124502350,0,0,0
cu2205,20220218,20220218,135148500,13:51:49,71500,11560,68452,4124502350,0,0,0
cu2205,20220218,20220218,135156500,13:51:56,71500,11560,68452,4124502350,0,0,0
cu2205,20220218,20220218,135159000,13:51:59,71500,11560,68452,4124502350,0,0,0
cu2205,20220218,20220218,135201000,13:52:01,71510,11561,68452,4124859900,1,0,357550
cu2205,20220218,20220218,135201500,13:52:02,71530,11563,68454,4125575200,2,2,715300
cu2205,20220218,20220218,135202000,13:52:03,71530,11563,68454,4125575200,0,0,0
cu2205,20220218,20220218,135202500,13:52:03,71530,11563,68454,4125575200,0,0,0
cu2205,20220218,20220218,135203000,13:52:03,71530,11563,68454,4125575200,0,0,0
cu2205,20220218,20220218,135203500,13:52:04,71510,11564,68454,4125932750,1,0,357550
cu2205,20220218,20220218,135205000,13:52:05,71510,11564,68454,4125932750,0,0,0
cu2205,20220218,20220218,135205500,13:52:06,71510,11564,68454,4125932750,0,0,0
cu2205,20220218,20220218,135206000,13:52:06,71510,11564,68454,4125932750,0,0,0
cu2205,20220218,20220218,135206500,13:52:08,71510,11564,68454,4125932750,0,0,0
cu2205,20220218,20220218,135207000,13:52:09,71510,11564,68454,4125932750,0,0,0
cu2205,20220218,20220218,135207500,13:52:10,71510,11566,68454,4126647850,2,0,715100
cu2205,20220218,20220218,135208000,13:52:10,71510,11566,68454,4126647850,0,0,0
cu2205,20220218,20220218,135209000,13:52:11,71510,11566,68454,4126647850,0,0,0
cu2205,20220218,20220218,135209500,13:52:11,71510,11566,68454,4126647850,0,0,0
cu2205,20220218,20220218,135210500,13:52:11,71510,11566,68454,4126647850,0,0,0
cu2205,20220218,20220218,135211000,13:52:12,71510,11566,68454,4126647850,0,0,0
cu2205,20220218,20220218,135215000,13:52:15,71510,11566,68454,4126647850,0,0,0
cu2205,20220218,20220218,135217000,13:52:17,71500,11567,68454,4127005350,1,0,357500
cu2205,20220218,20220218,135217500,13:52:18,71500,11568,68454,4127362850,1,0,357500
cu2205,20220218,20220218,135218000,13:52:19,71500,11568,68454,4127362850,0,0,0
cu2205,20220218,20220218,135219000,13:52:23,71500,11568,68454,4127362850,0,0,0
cu2205,20220218,20220218,135225500,13:52:25,71500,11568,68454,4127362850,0,0,0
cu2205,20220218,20220218,135227500,13:52:27,71500,11568,68454,4127362850,0,0,0
cu2205,20220218,20220218,135228000,13:52:28,71500,11569,68455,4127720350,1,1,357500
cu2205,20220218,20220218,135229000,13:52:29,71500,11569,68455,4127720350,0,0,0
cu2205,20220218,20220218,135229500,13:52:31,71500,11569,68455,4127720350,0,0,0
cu2205,20220218,20220218,135231000,13:52:32,71500,11569,68455,4127720350,0,0,0
cu2205,20220218,20220218,135231500,13:52:32,71500,11569,68455,4127720350,0,0,0
cu2205,20220218,20220218,135233000,13:52:33,71500,11569,68455,4127720350,0,0,0
cu2205,20220218,20220218,135237000,13:52:44,71500,11569,68455,4127720350,0,0,0
cu2205,20220218,20220218,135243500,13:52:45,71500,11569,68455,4127720350,0,0,0
cu2205,20220218,20220218,135246000,13:52:48,71500,11569,68455,4127720350,0,0,0
cu2205,20220218,20220218,135246500,13:52:48,71500,11581,68459,4132010350,12,4,4290000
cu2205,20220218,20220218,135247000,13:52:48,71500,11591,68459,4135585350,10,0,3575000
cu2205,20220218,20220218,135247500,13:52:48,71500,11599,68459,4138445350,8,0,2860000
cu2205,20220218,20220218,135248000,13:52:48,71500,11602,68459,4139517850,3,0,1072500
cu2205,20220218,20220218,135248500,13:52:49,71500,11602,68459,4139517850,0,0,0
cu2205,20220218,20220218,135249000,13:52:49,71500,11602,68459,4139517850,0,0,0
cu2205,20220218,20220218,135254000,13:52:54,71500,11602,68459,4139517850,0,0,0
cu2205,20220218,20220218,135255000,13:52:55,71500,11602,68459,4139517850,0,0,0
cu2205,20220218,20220218,135257000,13:52:57,71500,11602,68459,4139517850,0,0,0
cu2205,20220218,20220218,135258000,13:52:58,71500,11602,68459,4139517850,0,0,0
cu2205,20220218,20220218,135258500,13:52:59,71500,11602,68459,4139517850,0,0,0
cu2205,20220218,20220218,135259500,13:53:00,71500,11602,68459,4139517850,0,0,0
cu2205,20220218,20220218,135300000,13:53:00,71500,11602,68459,4139517850,0,0,0
cu2205,20220218,20220218,135300500,13:53:01,71500,11602,68459,4139517850,0,0,0
cu2205,20220218,20220218,135301000,13:53:01,71500,11602,68459,4139517850,0,0,0
cu2205,20220218,20220218,135301500,13:53:01,71500,11602,68459,4139517850,0,0,0
cu2205,20220218,20220218,135302000,13:53:02,71500,11602,68459,4139517850,0,0,0
cu2205,20220218,20220218,135302500,13:53:03,71500,11602,68459,4139517850,0,0,0
cu2205,20220218,20220218,135303500,13:53:04,71500,11605,68459,4140590350,3,0,1072500
cu2205,20220218,20220218,135304000,13:53:05,71500,11605,68459,4140590350,0,0,0
cu2205,20220218,20220218,135304500,13:53:06,71510,11615,68469,4144165850,10,10,3575500
cu2205,20220218,20220218,135305000,13:53:06,71510,11625,68479,4147741350,10,10,3575500
cu2205,20220218,20220218,135305500,13:53:08,71510,11625,68479,4147741350,0,0,0
cu2205,20220218,20220218,135306000,13:53:08,71510,11625,68479,4147741350,0,0,0
cu2205,20220218,20220218,135309500,13:53:09,71510,11625,68479,4147741350,0,0,0
cu2205,20220218,20220218,135310000,13:53:10,71510,11625,68479,4147741350,0,0,0
cu2205,20220218,20220218,135310500,13:53:10,71510,11625,68479,4147741350,0,0,0
