cu2203,20220218,20220218,112003000,11:20:08,71550,37961,116004,13546118650,37961,-2889,13546118650
cu2203,20220218,20220218,112004500,11:20:09,71550,37961,116004,13546118650,0,0,0
cu2203,20220218,20220218,112006000,11:20:10,71550,37961,116004,13546118650,0,0,0
cu2203,20220218,20220218,112006500,11:20:10,71550,37990,116007,13556494300,29,3,10375650
cu2203,20220218,20220218,112007000,11:20:10,71560,37996,116013,13558641100,6,6,2146800
cu2203,20220218,20220218,112007500,11:20:10,71560,37996,116013,13558641100,0,0,0
cu2203,20220218,20220218,112008000,11:20:10,71560,37996,116013,13558641100,0,0,0
cu2203,20220218,20220218,112008500,11:20:10,71560,37996,116013,13558641100,0,0,0
cu2203,20220218,20220218,112009000,11:20:10,71560,37996,116013,13558641100,0,0,0
cu2203,20220218,20220218,112009500,11:20:10,71560,37996,116013,13558641100,0,0,0
cu2203,20220218,20220218,112010000,11:20:10,71560,37997,116012,13558998900,1,-1,357800
cu2203,20220218,20220218,112010500,11:20:10,71560,37997,116012,13558998900,0,0,0
cu2203,20220218,20220218,112011000,11:20:11,71550,38000,116012,13560072150,3,0,1073250
cu2203,20220218,20220218,112011500,11:20:12,71550,38000,116012,13560072150,0,0,0
cu2203,20220218,20220218,112012000,11:20:12,71550,38001,116012,13560429900,1,0,357750
cu2203,20220218,20220218,112012500,11:20:13,71550,38001,116012,13560429900,0,0,0
cu2203,20220218,20220218,112013000,11:20:13,71550,38001,116012,13560429900,0,0,0
cu2203,20220218,20220218,112013500,11:20:13,71550,38001,116012,13560429900,0,0,0
cu2203,20220218,20220218,112017000,11:20:17,71550,38001,116012,13560429900,0,0,0
cu2203,20220218,20220218,112017500,11:20:17,71550,38001,116012,13560429900,0,0,0
cu2203,20220218,20220218,112018000,11:20:18,71550,38001,116012,13560429900,0,0,0
cu2203,20220218,20220218,112018500,11:20:18,71550,38001,116012,13560429900,0,0,0
cu2203,20220218,20220218,112019000,11:20:19,71550,38001,116012,13560429900,0,0,0
cu2203,20220218,20220218,112019500,11:20:20,71550,38001,116012,13560429900,0,0,0
cu2203,20220218,20220218,112020000,11:20:20,71560,38004,116013,13561503300,3,1,1073400
cu2203,20220218,20220218,112020500,11:20:21,71560,38004,116013,13561503300,0,0,0
cu2203,20220218,20220218,112021000,11:20:21,71560,38004,116013,13561503300,0,0,0
cu2203,20220218,20220218,112022000,11:20:22,71560,38004,116013,13561503300,0,0,0
cu2203,20220218,20220218,112022500,11:20:23,71560,38004,116013,13561503300,0,0,0
cu2203,20220218,20220218,112023000,11:20:23,71560,38004,116013,13561503300,0,0,0
cu2203,20220218,20220218,112023500,11:20:23,71560,38004,116013,13561503300,0,0,0
cu2203,20220218,20220218,112026000,11:20:26,71570,38031,116017,13571165250,27,4,9661950
cu2203,20220218,20220218,112026500,11:20:26,71570,38032,116017,13571523100,1,0,357850
cu2203,20220218,20220218,112027000,11:20:27,71580,38051,116019,13578322350,19,2,6799250
cu2203,20220218,20220218,112027500,11:20:28,71580,38051,116019,13578322350,0,0,0
cu2203,20220218,20220218,112028000,11:20:28,71580,38051,116019,13578322350,0,0,0
cu2203,20220218,20220218,112028500,11:20:28,71580,38051,116019,13578322350,0,0,0
cu2203,20220218,20220218,112029000,11:20:29,71580,38051,116019,13578322350,0,0,0
cu2203,20220218,20220218,112029500,11:20:30,71570,38056,116016,13580111600,5,-3,1789250
cu2203,20220218,20220218,112030000,11:20:31,71570,38057,116016,13580469450,1,0,357850
cu2203,20220218,20220218,112030500,11:20:31,71570,38061,116013,13581900850,4,-3,1431400
cu2203,20220218,20220218,112033500,11:20:33,71560,38062,116012,13582258650,1,-1,357800
cu2203,20220218,20220218,112034000,11:20:34,71570,38063,116012,13582616500,1,0,357850
cu2203,20220218,20220218,112034500,11:20:35,71570,38065,116012,13583332200,2,0,715700
cu2203,20220218,20220218,112035000,11:20:35,71570,38067,116012,13584047900,2,0,715700
cu2203,20220218,20220218,112036000,11:20:36,71570,38072,116007,13585837150,5,-5,1789250
cu2203,20220218,20220218,112036500,11:20:37,71570,38100,116002,13595856950,28,-5,10019800
cu2203,20220218,20220218,112037000,11:20:37,71570,38100,116002,13595856950,0,0,0
cu2203,20220218,20220218,112037500,11:20:38,71570,38106,115996,13598004050,6,-6,2147100
cu2203,20220218,20220218,112038000,11:20:38,71570,38115,115998,13601224700,9,2,3220650
cu2203,20220218,20220218,112038500,11:20:38,71570,38137,116008,13609097400,22,10,7872700
cu2203,20220218,20220218,112039000,11:20:39,71570,38142,116011,13610886650,5,3,1789250
cu2203,20220218,20220218,112039500,11:20:40,71570,38147,116010,13612675700,5,-1,1789050
cu2203,20220218,20220218,112040000,11:20:40,71560,38148,116009,13613033500,1,-1,357800
cu2203,20220218,20220218,112040500,11:20:41,71560,38148,116009,13613033500,0,0,0
cu2203,20220218,20220218,112041000,11:20:41,71560,38148,116009,13613033500,0,0,0
cu2203,20220218,20220218,112041500,11:20:41,71560,38148,116009,13613033500,0,0,0
cu2203,20220218,20220218,112042500,11:20:42,71570,38155,116015,13615538450,7,6,2504950
cu2203,20220218,20220218,112043000,11:20:43,71570,38155,116015,13615538450,0,0,0
cu2203,20220218,20220218,112043500,11:20:44,71570,38155,116015,13615538450,0,0,0
cu2203,20220218,20220218,112044000,11:20:44,71570,38155,116015,13615538450,0,0,0
cu2203,20220218,20220218,112045000,11:20:45,71570,38157,116013,13616254150,2,-2,715700
cu2203,20220218,20220218,112045500,11:20:46,71570,38157,116013,13616254150,0,0,0
cu2203,20220218,20220218,112046500,11:20:46,71570,38157,116013,13616254150,0,0,0
cu2203,20220218,20220218,112047000,11:20:48,71570,38157,116013,13616254150,0,0,0
cu2203,20220218,20220218,112047500,11:20:48,71570,38162,116010,13618043400,5,-3,1789250
cu2203,20220218,20220218,112048000,11:20:49,71570,38162,116010,13618043400,0,0,0
cu2203,20220218,20220218,112048500,11:20:50,71570,38162,116010,13618043400,0,0,0
cu2203,20220218,20220218,112049000,11:20:50,71570,38165,116009,13619116950,3,-1,1073550
cu2203,20220218,20220218,112049500,11:20:50,71570,38165,116009,13619116950,0,0,0
cu2203,20220218,20220218,112051000,11:20:51,71570,38167,116009,13619832650,2,0,715700
cu2203,20220218,20220218,112051500,11:20:52,71570,38167,116009,13619832650,0,0,0
cu2203,20220218,20220218,112052000,11:20:53,71570,38168,116010,13620190500,1,1,357850
cu2203,20220218,20220218,112052500,11:20:53,71570,38170,116011,13620906200,2,1,715700
cu2203,20220218,20220218,112053000,11:20:53,71570,38170,116011,13620906200,0,0,0
cu2203,20220218,20220218,112053500,11:20:53,71570,38170,116011,13620906200,0,0,0
cu2203,20220218,20220218,112054500,11:20:55,71570,38170,116011,13620906200,0,0,0
cu2203,20220218,20220218,112055000,11:20:55,71570,38170,116011,13620906200,0,0,0
cu2203,20220218,20220218,112056000,11:20:56,71570,38170,116011,13620906200,0,0,0
cu2203,20220218,20220218,112056500,11:20:56,71570,38170,116011,13620906200,0,0,0
cu2203,20220218,20220218,112057000,11:20:58,71570,38170,116011,13620906200,0,0,0
cu2203,20220218,20220218,112057500,11:20:58,71570,38170,116011,13620906200,0,0,0
cu2203,20220218,20220218,112058000,11:20:58,71570,38170,116011,13620906200,0,0,0
cu2203,20220218,20220218,112058500,11:20:59,71570,38173,116011,13621979750,3,0,1073550
cu2203,20220218,20220218,112059000,11:21:00,71570,38173,116011,13621979750,0,0,0
cu2203,20220218,20220218,112059500,11:21:00,71570,38173,116011,13621979750,0,0,0
cu2203,20220218,20220218,112100000,11:21:00,71570,38174,116011,13622337600,1,0,357850
cu2203,20220218,20220218,112101500,11:21:02,71570,38174,116011,13622337600,0,0,0
cu2203,20220218,20220218,112102000,11:21:03,71570,38174,116011,13622337600,0,0,0
cu2203,20220218,20220218,112102500,11:21:03,71580,38180,116017,13624485000,6,6,2147400
cu2203,20220218,20220218,112103000,11:21:03,71570,38181,116017,13624842850,1,0,357850
cu2203,20220218,20220218,112103500,11:21:04,71580,38182,116018,13625200750,1,1,357900
cu2203,20220218,20220218,112104000,11:21:05,71580,38183,116019,13625558650,1,1,357900
cu2203,20220218,20220218,112104500,11:21:05,71580,38183,116019,13625558650,0,0,0
cu2203,20220218,20220218,112105000,11:21:06,71580,38183,116019,13625558650,0,0,0
cu2203,20220218,20220218,112105500,11:21:07,71580,38184,116020,13625916550,1,1,357900
cu2203,20220218,20220218,112106500,11:21:08,71580,38184,116020,13625916550,0,0,0
cu2203,20220218,20220218,112107500,11:21:10,71570,38185,116020,13626274400,1,0,357850
cu2203,20220218,20220218,112108000,11:21:10,71570,38185,116020,13626274400,0,0,0
cu2203,20220218,20220218,112109500,11:21:10,71570,38185,116020,13626274400,0,0,0
cu2203,20220218,20220218,112111000,11:21:11,71570,38185,116020,13626274400,0,0,0
cu2203,20220218,20220218,112113500,11:21:13,71570,38185,116020,13626274400,0,0,0
cu2203,20220218,20220218,112115000,11:21:15,71570,38186,116021,13626632250,1,1,357850
cu2203,20220218,20220218,112115500,11:21:15,71570,38188,116021,13627347950,2,0,715700
cu2203,20220218,20220218,112116500,11:21:17,71580,38258,116089,13652400950,70,68,25053000
cu2203,20220218,20220218,112117000,11:21:17,71590,38304,116103,13668864400,46,14,16463450
cu2203,20220218,20220218,112117500,11:21:18,71600,38332,116109,13678886850,28,6,10022450
cu2203,20220218,20220218,112118000,11:21:18,71600,38353,116103,13686404450,21,-6,7517600
cu2203,20220218,20220218,112118500,11:21:18,71600,38358,116102,13688194350,5,-1,1789900
cu2203,20220218,20220218,112119000,11:21:19,71600,38360,116102,13688910350,2,0,716000
cu2203,20220218,20220218,112119500,11:21:20,71600,38360,116102,13688910350,0,0,0
cu2203,20220218,20220218,112120000,11:21:21,71600,38365,116098,13690700350,5,-4,1790000
cu2203,20220218,20220218,112120500,11:21:22,71600,38394,116104,13701082350,29,6,10382000
cu2203,20220218,20220218,112121000,11:21:22,71600,38394,116104,13701082350,0,0,0
cu2203,20220218,20220218,112121500,11:21:22,71600,38394,116104,13701082350,0,0,0
cu2203,20220218,20220218,112122000,11:21:22,71610,38396,116102,13701798400,2,-2,716050
cu2203,20220218,20220218,112122500,11:21:23,71590,38397,116102,13702156350,1,0,357950
cu2203,20220218,20220218,112123000,11:21:23,71610,38398,116101,13702514400,1,-1,358050
cu2203,20220218,20220218,112123500,11:21:23,71600,38399,116101,13702872400,1,0,358000
cu2203,20220218,20220218,112124000,11:21:24,71590,38403,116104,13704304250,4,3,1431850
cu2203,20220218,20220218,112124500,11:21:25,71610,38408,116104,13706094400,5,0,1790150
cu2203,20220218,20220218,112125000,11:23:32,71610,38408,116104,13706094400,0,0,0
cu2203,20220218,20220218,112332000,11:23:33,71610,38408,116104,13706094400,0,0,0
cu2203,20220218,20220218,112333000,11:23:33,71580,38950,116155,13900128400,542,51,194034000
cu2203,20220218,20220218,112333500,11:23:33,71580,38952,116155,13900844200,2,0,715800
cu2203,20220218,20220218,112336500,11:23:38,71580,38954,116154,13901560000,2,-1,715800
cu2203,20220218,20220218,112337000,11:23:38,71580,38954,116154,13901560000,0,0,0
cu2203,20220218,20220218,112338000,11:23:38,71570,38959,116153,13903349250,5,-1,1789250
cu2203,20220218,20220218,112338500,11:23:38,71570,38959,116153,13903349250,0,0,0
cu2203,20220218,20220218,112340000,11:23:40,71570,38959,116153,13903349250,0,0,0
cu2203,20220218,20220218,112340500,11:23:40,71570,38959,116153,13903349250,0,0,0
cu2203,20220218,20220218,112341000,11:23:41,71580,38960,116153,13903707150,1,0,357900
cu2203,20220218,20220218,112341500,11:23:42,71580,38960,116153,13903707150,0,0,0
cu2203,20220218,20220218,112342000,11:23:42,71580,38960,116153,13903707150,0,0,0
cu2203,20220218,20220218,112342500,11:23:42,71580,38960,116153,13903707150,0,0,0
cu2203,20220218,20220218,112343000,11:23:43,71570,38976,116140,13909432750,16,-13,5725600
cu2203,20220218,20220218,112343500,11:23:43,71570,38980,116140,13910864150,4,0,1431400
cu2203,20220218,20220218,112344000,11:23:46,71570,38980,116140,13910864150,0,0,0
cu2203,20220218,20220218,112344500,11:23:48,71570,38980,116140,13910864150,0,0,0
cu2203,20220218,20220218,112345000,11:23:48,71570,38980,116140,13910864150,0,0,0
cu2203,20220218,20220218,112345500,11:23:48,71570,38980,116140,13910864150,0,0,0
cu2203,20220218,20220218,112348000,11:23:48,71570,38990,116142,13914442650,10,2,3578500
cu2203,20220218,20220218,112348500,11:23:49,71570,39000,116152,13918021150,10,10,3578500
cu2203,20220218,20220218,112349000,11:23:49,71570,39000,116152,13918021150,0,0,0
cu2203,20220218,20220218,112351000,11:23:51,71570,39004,116148,13919452550,4,-4,1431400
cu2203,20220218,20220218,112351500,11:23:51,71570,39004,116148,13919452550,0,0,0
cu2203,20220218,20220218,112352000,11:23:52,71570,39004,116148,13919452550,0,0,0
cu2203,20220218,20220218,112352500,11:23:52,71570,39004,116148,13919452550,0,0,0
cu2203,20220218,20220218,112354500,11:23:55,71570,39004,116148,13919452550,0,0,0
cu2203,20220218,20220218,112355000,11:23:55,71570,39004,116148,13919452550,0,0,0
cu2203,20220218,20220218,112355500,11:23:55,71570,39006,116149,13920168250,2,1,715700
cu2203,20220218,20220218,112356000,11:23:56,71570,39103,116149,13954879700,97,0,34711450
cu2203,20220218,20220218,112356500,11:23:56,71570,39106,116151,13955953250,3,2,1073550
cu2203,20220218,20220218,112357000,11:23:57,71570,39113,116151,13958458200,7,0,2504950
cu2203,20220218,20220218,112357500,11:23:57,71570,39113,116151,13958458200,0,0,0
cu2203,20220218,20220218,112358000,11:23:58,71570,39115,116149,13959173900,2,-2,715700
cu2203,20220218,20220218,112400000,11:24:00,71570,39117,116148,13959889600,2,-1,715700
cu2203,20220218,20220218,112400500,11:24:00,71570,39117,116148,13959889600,0,0,0
cu2203,20220218,20220218,112401000,11:24:01,71570,39117,116148,13959889600,0,0,0
cu2203,20220218,20220218,112401500,11:24:01,71570,39117,116148,13959889600,0,0,0
cu2203,20220218,20220218,112402000,11:24:02,71570,39117,116148,13959889600,0,0,0
cu2203,20220218,20220218,112402500,11:24:02,71580,39119,116148,13960605400,2,0,715800
cu2203,20220218,20220218,112403000,11:24:03,71580,39119,116148,13960605400,0,0,0
cu2203,20220218,20220218,112403500,11:24:04,71570,39129,116146,13964183900,10,-2,3578500
cu2203,20220218,20220218,112404000,11:24:04,71570,39129,116146,13964183900,0,0,0
cu2203,20220218,20220218,112404500,11:24:04,71570,39129,116146,13964183900,0,0,0
cu2203,20220218,20220218,112407000,11:24:07,71570,39129,116146,13964183900,0,0,0
cu2203,20220218,20220218,112407500,11:24:08,71570,39130,116147,13964541750,1,1,357850
cu2203,20220218,20220218,112408000,11:24:08,71570,39135,116146,13966331000,5,-1,1789250
cu2203,20220218,20220218,112408500,11:24:08,71570,39135,116146,13966331000,0,0,0
cu2203,20220218,20220218,112409000,11:24:11,71570,39136,116146,13966688850,1,0,357850
cu2203,20220218,20220218,112410000,11:24:12,71570,39136,116146,13966688850,0,0,0
cu2203,20220218,20220218,112410500,11:24:12,71570,39136,116146,13966688850,0,0,0
cu2203,20220218,20220218,112412000,11:24:12,71570,39136,116146,13966688850,0,0,0
cu2203,20220218,20220218,112412500,11:24:13,71570,39136,116146,13966688850,0,0,0
cu2203,20220218,20220218,112413000,11:24:14,71570,39136,116146,13966688850,0,0,0
cu2203,20220218,20220218,112414000,11:24:14,71570,39136,116146,13966688850,0,0,0
cu2203,20220218,20220218,112415000,11:24:15,71570,39136,116146,13966688850,0,0,0
cu2203,20220218,20220218,112415500,11:24:15,71570,39140,116150,13968120250,4,4,1431400
cu2203,20220218,20220218,112416000,11:24:16,71570,39140,116150,13968120250,0,0,0
cu2203,20220218,20220218,112417000,11:24:17,71570,39144,116150,13969551650,4,0,1431400
cu2203,20220218,20220218,112417500,11:24:18,71570,39144,116150,13969551650,0,0,0
cu2203,20220218,20220218,112418000,11:24:18,71570,39144,116150,13969551650,0,0,0
cu2203,20220218,20220218,112418500,11:24:19,71570,39144,116150,13969551650,0,0,0
cu2203,20220218,20220218,112419000,11:24:19,71570,39146,116150,13970267350,2,0,715700
cu2203,20220218,20220218,112419500,11:24:20,71570,39148,116151,13970983050,2,1,715700
cu2203,20220218,20220218,112420000,11:24:20,71570,39149,116151,13971340900,1,0,357850
cu2203,20220218,20220218,112420500,11:24:21,71570,39150,116151,13971698750,1,0,357850
cu2203,20220218,20220218,112421500,11:24:22,71570,39150,116151,13971698750,0,0,0
cu2203,20220218,20220218,112422000,11:24:22,71570,39150,116151,13971698750,0,0,0
cu2203,20220218,20220218,112422500,11:24:23,71570,39155,116150,13973488000,5,-1,1789250
cu2203,20220218,20220218,112423000,11:24:23,71570,39157,116148,13974203700,2,-2,715700
cu2203,20220218,20220218,112424000,11:24:24,71570,39157,116148,13974203700,0,0,0
cu2203,20220218,20220218,112424500,11:24:24,71570,39157,116148,13974203700,0,0,0
cu2203,20220218,20220218,112425500,11:24:25,71570,39157,116148,13974203700,0,0,0
cu2203,20220218,20220218,112426000,11:24:26,71570,39163,116146,13976350550,6,-2,2146850
cu2203,20220218,20220218,112427500,11:24:28,71560,39165,116146,13977066150,2,0,715600
cu2203,20220218,20220218,112428000,11:24:28,71560,39165,116146,13977066150,0,0,0
cu2203,20220218,20220218,112428500,11:24:28,71570,39168,116143,13978139700,3,-3,1073550
cu2203,20220218,20220218,112429000,11:24:29,71570,39168,116143,13978139700,0,0,0
cu2203,20220218,20220218,112430000,11:24:30,71570,39168,116143,13978139700,0,0,0
cu2203,20220218,20220218,112431500,11:24:31,71560,39169,116142,13978497500,1,-1,357800
cu2203,20220218,20220218,112432000,11:24:32,71560,39169,116142,13978497500,0,0,0
cu2203,20220218,20220218,112432500,11:24:32,71560,39169,116142,13978497500,0,0,0
cu2203,20220218,20220218,112434500,11:24:34,71560,39169,116142,13978497500,0,0,0
cu2203,20220218,20220218,112435000,11:24:35,71560,39169,116142,13978497500,0,0,0
cu2203,20220218,20220218,112435500,11:24:35,71560,39169,116142,13978497500,0,0,0
cu2203,20220218,20220218,112436000,11:24:36,71560,39172,116139,13979570900,3,-3,1073400
cu2203,20220218,20220218,112436500,11:24:36,71560,39172,116139,13979570900,0,0,0
cu2203,20220218,20220218,112439000,11:24:40,71560,39172,116139,13979570900,0,0,0
cu2203,20220218,20220218,112439500,11:24:40,71560,39172,116139,13979570900,0,0,0
cu2203,20220218,20220218,112440000,11:24:40,71560,39181,116138,13982791100,9,-1,3220200
cu2203,20220218,20220218,112440500,11:24:40,71560,39187,116132,13984937900,6,-6,2146800
cu2203,20220218,20220218,112441500,11:24:41,71560,39187,116132,13984937900,0,0,0
cu2203,20220218,20220218,112442000,11:24:42,71560,39187,116132,13984937900,0,0,0
cu2203,20220218,20220218,112442500,11:24:42,71560,39187,116132,13984937900,0,0,0
cu2203,20220218,20220218,112444500,11:24:44,71560,39187,116132,13984937900,0,0,0
cu2203,20220218,20220218,112446000,11:24:46,71560,39188,116131,13985295700,1,-1,357800
cu2203,20220218,20220218,112446500,11:24:46,71560,39190,116131,13986011300,2,0,715600
cu2203,20220218,20220218,112447500,11:24:47,71560,39208,116148,13992451700,18,17,6440400
cu2203,20220218,20220218,112448000,11:24:48,71560,39208,116148,13992451700,0,0,0
cu2203,20220218,20220218,112449000,11:24:49,71560,39211,116148,13993525100,3,0,1073400
cu2203,20220218,20220218,112449500,11:24:49,71560,39211,116148,13993525100,0,0,0
cu2203,20220218,20220218,112450000,11:24:50,71560,39211,116148,13993525100,0,0,0
cu2203,20220218,20220218,112451000,11:24:51,71560,39215,116148,13994956300,4,0,1431200
cu2203,20220218,20220218,112451500,11:24:52,71560,39215,116148,13994956300,0,0,0
cu2203,20220218,20220218,112452000,11:24:52,71560,39215,116148,13994956300,0,0,0
cu2203,20220218,20220218,112453000,11:24:53,71560,39215,116148,13994956300,0,0,0
cu2203,20220218,20220218,112453500,11:24:53,71560,39215,116148,13994956300,0,0,0
cu2203,20220218,20220218,112454000,11:24:54,71560,39215,116148,13994956300,0,0,0
cu2203,20220218,20220218,112454500,11:24:54,71560,39215,116148,13994956300,0,0,0
cu2203,20220218,20220218,112456000,11:24:56,71560,39220,116149,13996745300,5,1,1789000
cu2203,20220218,20220218,112456500,11:24:56,71560,39220,116149,13996745300,0,0,0
cu2203,20220218,20220218,112457000,11:24:57,71560,39220,116149,13996745300,0,0,0
cu2203,20220218,20220218,112457500,11:24:57,71560,39220,116149,13996745300,0,0,0
cu2203,20220218,20220218,112459000,11:24:59,71560,39220,116149,13996745300,0,0,0
cu2203,20220218,20220218,112459500,11:24:59,71570,39222,116149,13997461000,2,0,715700
cu2203,20220218,20220218,112500000,11:25:00,71570,39222,116149,13997461000,0,0,0
cu2203,20220218,20220218,112500500,11:25:01,71560,39226,116149,13998892200,4,0,1431200
cu2203,20220218,20220218,112501000,11:25:02,71560,39228,116148,13999607800,2,-1,715600
cu2203,20220218,20220218,112501500,11:25:05,71560,39228,116148,13999607800,0,0,0
cu2203,20220218,20220218,112502000,11:25:05,71560,39230,116148,14000323400,2,0,715600
cu2203,20220218,20220218,112504500,11:25:06,71570,39277,116140,14017142150,47,-8,16818750
cu2203,20220218,20220218,112505000,11:25:06,71570,39277,116140,14017142150,0,0,0
cu2203,20220218,20220218,112506500,11:25:07,71570,39277,116140,14017142150,0,0,0
cu2203,20220218,20220218,112507000,11:25:07,71570,39277,116140,14017142150,0,0,0
cu2203,20220218,20220218,112508500,11:25:08,71580,39278,116139,14017500050,1,-1,357900
cu2203,20220218,20220218,112509500,11:25:09,71580,39278,116139,14017500050,0,0,0
cu2203,20220218,20220218,112510000,11:25:10,71580,39278,116139,14017500050,0,0,0
cu2203,20220218,20220218,112510500,11:25:10,71580,39278,116139,14017500050,0,0,0
cu2203,20220218,20220218,112511500,11:25:11,71580,39278,116139,14017500050,0,0,0
cu2203,20220218,20220218,112512000,11:25:12,71570,39279,116139,14017857900,1,0,357850
cu2203,20220218,20220218,112512500,11:25:12,71570,39279,116139,14017857900,0,0,0
cu2203,20220218,20220218,112514500,11:25:15,71570,39279,116139,14017857900,0,0,0
cu2203,20220218,20220218,112516500,11:25:16,71570,39279,116139,14017857900,0,0,0
cu2203,20220218,20220218,112517500,11:25:18,71570,39279,116139,14017857900,0,0,0
cu2203,20220218,20220218,112518000,11:25:18,71570,39279,116139,14017857900,0,0,0
cu2203,20220218,20220218,112518500,11:25:19,71570,39280,116138,14018215750,1,-1,357850
cu2203,20220218,20220218,112519000,11:25:19,71570,39280,116138,14018215750,0,0,0
cu2203,20220218,20220218,112520000,11:25:21,71570,39280,116138,14018215750,0,0,0
cu2203,20220218,20220218,112520500,11:25:21,71570,39280,116138,14018215750,0,0,0
cu2203,20220218,20220218,112521500,11:25:22,71570,39280,116138,14018215750,0,0,0
cu2203,20220218,20220218,112522000,11:25:22,71570,39286,116139,14020362850,6,1,2147100
cu2203,20220218,20220218,112522500,11:25:23,71570,39287,116139,14020720700,1,0,357850
cu2203,20220218,20220218,112523500,11:25:24,71570,39287,116139,14020720700,0,0,0
cu2203,20220218,20220218,112524000,11:25:25,71560,39328,116120,14035390600,41,-19,14669900
cu2203,20220218,20220218,112524500,11:25:25,71560,39328,116120,14035390600,0,0,0
cu2203,20220218,20220218,112525000,11:25:25,71560,39328,116120,14035390600,0,0,0
cu2203,20220218,20220218,112525500,11:25:26,71560,39328,116120,14035390600,0,0,0
cu2203,20220218,20220218,112526000,11:25:26,71560,39328,116120,14035390600,0,0,0
cu2203,20220218,20220218,112526500,11:25:27,71560,39328,116120,14035390600,0,0,0
cu2203,20220218,20220218,112528500,11:25:28,71560,39328,116120,14035390600,0,0,0
cu2203,20220218,20220218,112529000,11:25:29,71560,39328,116120,14035390600,0,0,0
cu2203,20220218,20220218,112529500,11:25:30,71560,39328,116120,14035390600,0,0,0
cu2203,20220218,20220218,112533500,11:25:33,71560,39333,116125,14037179600,5,5,1789000
cu2203,20220218,20220218,112534000,11:25:34,71560,39333,116125,14037179600,0,0,0
cu2203,20220218,20220218,112534500,11:25:35,71560,39333,116125,14037179600,0,0,0
cu2203,20220218,20220218,112535500,11:25:37,71560,39333,116125,14037179600,0,0,0
cu2203,20220218,20220218,112536000,11:25:37,71560,39333,116125,14037179600,0,0,0
cu2203,20220218,20220218,112537500,11:25:38,71550,39339,116122,14039326100,6,-3,2146500
cu2203,20220218,20220218,112538000,11:25:38,71550,39339,116122,14039326100,0,0,0
cu2203,20220218,20220218,112538500,11:25:39,71550,39339,116122,14039326100,0,0,0
cu2203,20220218,20220218,112539500,11:25:40,71550,39339,116122,14039326100,0,0,0
cu2203,20220218,20220218,112540000,11:25:40,71550,39339,116122,14039326100,0,0,0
cu2203,20220218,20220218,112541000,11:25:41,71560,39341,116122,14040041700,2,0,715600
cu2203,20220218,20220218,112544000,11:25:44,71550,39342,116121,14040399450,1,-1,357750
cu2203,20220218,20220218,112544500,11:25:44,71550,39343,116120,14040757200,1,-1,357750
cu2203,20220218,20220218,112545000,11:25:45,71560,39345,116120,14041472800,2,0,715600
cu2203,20220218,20220218,112550000,11:25:50,71560,39345,116120,14041472800,0,0,0
cu2203,20220218,20220218,112550500,11:25:51,71560,39345,116120,14041472800,0,0,0
cu2203,20220218,20220218,112551000,11:25:51,71550,39348,116117,14042546050,3,-3,1073250
cu2203,20220218,20220218,112553000,11:25:53,71550,39348,116117,14042546050,0,0,0
cu2203,20220218,20220218,112554000,11:25:54,71550,39348,116117,14042546050,0,0,0
cu2203,20220218,20220218,112555000,11:25:55,71550,39349,116116,14042903800,1,-1,357750
cu2203,20220218,20220218,112555500,11:25:56,71550,39349,116116,14042903800,0,0,0
cu2203,20220218,20220218,112556000,11:25:57,71560,39354,116121,14044692800,5,5,1789000
cu2203,20220218,20220218,112556500,11:25:57,71560,39354,116121,14044692800,0,0,0
cu2203,20220218,20220218,112557000,11:25:57,71560,39354,116121,14044692800,0,0,0
cu2203,20220218,20220218,112557500,11:25:57,71560,39354,116121,14044692800,0,0,0
cu2203,20220218,20220218,112601000,11:26:01,71550,39357,116118,14045766050,3,-3,1073250
cu2203,20220218,20220218,112601500,11:26:03,71550,39357,116118,14045766050,0,0,0
cu2203,20220218,20220218,112602500,11:26:03,71550,39357,116118,14045766050,0,0,0
cu2203,20220218,20220218,112603500,11:26:04,71550,39357,116118,14045766050,0,0,0
cu2203,20220218,20220218,112604000,11:26:05,71550,39357,116118,14045766050,0,0,0
cu2203,20220218,20220218,112604500,11:26:05,71550,39357,116118,14045766050,0,0,0
cu2203,20220218,20220218,112605500,11:26:06,71550,39357,116118,14045766050,0,0,0
cu2203,20220218,20220218,112606500,11:26:09,71560,39358,116118,14046123850,1,0,357800
cu2203,20220218,20220218,112608000,11:26:09,71560,39358,116118,14046123850,0,0,0
cu2203,20220218,20220218,112609500,11:26:10,71560,39358,116118,14046123850,0,0,0
cu2203,20220218,20220218,112611500,11:26:13,71560,39358,116118,14046123850,0,0,0
cu2203,20220218,20220218,112612000,11:26:14,71560,39358,116118,14046123850,0,0,0
cu2203,20220218,20220218,112612500,11:26:14,71560,39358,116118,14046123850,0,0,0
cu2203,20220218,20220218,112613000,11:26:15,71560,39358,116118,14046123850,0,0,0
cu2203,20220218,20220218,112613500,11:26:15,71560,39358,116118,14046123850,0,0,0
cu2203,20220218,20220218,112614000,11:26:15,71560,39358,116118,14046123850,0,0,0
cu2203,20220218,20220218,112614500,11:26:15,71560,39358,116118,14046123850,0,0,0
cu2203,20220218,20220218,112615000,11:26:16,71560,39358,116118,14046123850,0,0,0
cu2203,20220218,20220218,112615500,11:26:16,71560,39358,116118,14046123850,0,0,0
cu2203,20220218,20220218,112616500,11:26:17,71560,39358,116118,14046123850,0,0,0
cu2203,20220218,20220218,112619500,11:26:20,71560,39358,116118,14046123850,0,0,0
cu2203,20220218,20220218,112620000,11:26:20,71550,39364,116113,14048270350,6,-5,2146500
cu2203,20220218,20220218,112620500,11:26:20,71550,39364,116113,14048270350,0,0,0
cu2203,20220218,20220218,112621000,11:26:21,71550,39364,116113,14048270350,0,0,0
cu2203,20220218,20220218,112621500,11:26:21,71550,39364,116113,14048270350,0,0,0
cu2203,20220218,20220218,112623500,11:26:23,71550,39365,116112,14048628100,1,-1,357750
cu2203,20220218,20220218,112625500,11:26:26,71550,39365,116112,14048628100,0,0,0
cu2203,20220218,20220218,112627500,11:26:27,71550,39371,116112,14050774600,6,0,2146500
cu2203,20220218,20220218,112628000,11:26:28,71560,39373,116110,14051490200,2,-2,715600
cu2203,20220218,20220218,112628500,11:26:28,71560,39373,116110,14051490200,0,0,0
cu2203,20220218,20220218,112629000,11:26:29,71560,39373,116110,14051490200,0,0,0
cu2203,20220218,20220218,112630000,11:26:31,71550,39375,116108,14052205700,2,-2,715500
cu2203,20220218,20220218,112630500,11:26:31,71550,39375,116108,14052205700,0,0,0
cu2203,20220218,20220218,112632500,11:26:32,71560,39385,116099,14055783700,10,-9,3578000
cu2203,20220218,20220218,112633000,11:26:33,71550,39392,116093,14058288000,7,-6,2504300
cu2203,20220218,20220218,112633500,11:26:34,71550,39392,116093,14058288000,0,0,0
cu2203,20220218,20220218,112634000,11:26:37,71550,39392,116093,14058288000,0,0,0
cu2203,20220218,20220218,112634500,11:26:37,71550,39392,116093,14058288000,0,0,0
cu2203,20220218,20220218,112635000,11:26:37,71550,39392,116093,14058288000,0,0,0
cu2203,20220218,20220218,112635500,11:26:38,71550,39430,116057,14071882500,38,-36,13594500
cu2203,20220218,20220218,112637000,11:26:39,71550,39430,116057,14071882500,0,0,0
cu2203,20220218,20220218,112637500,11:27:10,71550,39430,116057,14071882500,0,0,0
cu2203,20220218,20220218,112653500,11:27:10,71550,39551,116128,14115169750,121,71,43287250
cu2203,20220218,20220218,112710000,11:27:12,71550,39551,116128,14115169750,0,0,0
cu2203,20220218,20220218,112712000,11:27:12,71550,39551,116128,14115169750,0,0,0
cu2203,20220218,20220218,112713000,11:27:14,71550,39586,116139,14127690700,35,11,12520950
cu2203,20220218,20220218,112713500,11:27:14,71550,39586,116139,14127690700,0,0,0
cu2203,20220218,20220218,112716000,11:27:17,71550,39586,116139,14127690700,0,0,0
cu2203,20220218,20220218,112717000,11:27:17,71550,39586,116139,14127690700,0,0,0
cu2203,20220218,20220218,112718000,11:27:18,71540,39587,116138,14128048400,1,-1,357700
cu2203,20220218,20220218,112719500,11:27:20,71540,39587,116138,14128048400,0,0,0
cu2203,20220218,20220218,112723500,11:27:27,71540,39587,116138,14128048400,0,0,0
cu2203,20220218,20220218,112724000,11:27:27,71540,39587,116138,14128048400,0,0,0
cu2203,20220218,20220218,112726500,11:27:27,71540,39591,116138,14129479200,4,0,1430800
cu2203,20220218,20220218,112728500,11:27:28,71540,39591,116138,14129479200,0,0,0
cu2203,20220218,20220218,112735500,11:27:36,71550,39598,116140,14131983600,7,2,2504400
cu2203,20220218,20220218,112736000,11:27:37,71550,39602,116143,14133414600,4,3,1431000
cu2203,20220218,20220218,112736500,11:27:38,71550,39603,116142,14133772350,1,-1,357750
cu2203,20220218,20220218,112737000,11:27:38,71560,39604,116141,14134130150,1,-1,357800
cu2203,20220218,20220218,112737500,11:27:38,71560,39604,116141,14134130150,0,0,0
cu2203,20220218,20220218,112738000,11:27:39,71560,39604,116141,14134130150,0,0,0
cu2203,20220218,20220218,112739000,11:27:39,71560,39604,116141,14134130150,0,0,0
cu2203,20220218,20220218,112739500,11:27:39,71560,39604,116141,14134130150,0,0,0
cu2203,20220218,20220218,112741000,11:27:41,71540,39611,116135,14136634400,7,-6,2504250
cu2203,20220218,20220218,112741500,11:27:42,71540,39611,116135,14136634400,0,0,0
cu2203,20220218,20220218,112742000,11:27:42,71540,39611,116135,14136634400,0,0,0
cu2203,20220218,20220218,112743500,11:27:43,71560,39613,116135,14137350000,2,0,715600
cu2203,20220218,20220218,112744000,11:27:44,71560,39613,116135,14137350000,0,0,0
cu2203,20220218,20220218,112744500,11:27:45,71560,39613,116135,14137350000,0,0,0
cu2203,20220218,20220218,112745000,11:27:45,71560,39613,116135,14137350000,0,0,0
cu2203,20220218,20220218,112745500,11:27:46,71560,39613,116135,14137350000,0,0,0
cu2203,20220218,20220218,112746000,11:27:46,71560,39613,116135,14137350000,0,0,0
cu2203,20220218,20220218,112746500,11:27:47,71560,39613,116135,14137350000,0,0,0
cu2203,20220218,20220218,112747000,11:27:47,71560,39613,116135,14137350000,0,0,0
cu2203,20220218,20220218,112748000,11:27:53,71560,39613,116135,14137350000,0,0,0
cu2203,20220218,20220218,112749500,11:27:54,71550,39615,116135,14138065500,2,0,715500
cu2203,20220218,20220218,112754000,11:27:54,71550,39615,116135,14138065500,0,0,0
cu2203,20220218,20220218,112754500,11:27:55,71550,39615,116135,14138065500,0,0,0
cu2203,20220218,20220218,112755000,11:27:55,71550,39621,116131,14140212000,6,-4,2146500
cu2203,20220218,20220218,112756000,11:27:56,71550,39632,116131,14144147250,11,0,3935250
cu2203,20220218,20220218,112756500,11:27:56,71550,39646,116124,14149155750,14,-7,5008500
cu2203,20220218,20220218,112757000,11:27:57,71540,39652,116118,14151302000,6,-6,2146250
cu2203,20220218,20220218,112757500,11:27:57,71540,39652,116118,14151302000,0,0,0
cu2203,20220218,20220218,112758000,11:27:58,71540,39652,116118,14151302000,0,0,0
cu2203,20220218,20220218,112758500,11:27:59,71540,39653,116117,14151659700,1,-1,357700
cu2203,20220218,20220218,112801000,11:28:01,71540,39653,116117,14151659700,0,0,0
cu2203,20220218,20220218,112801500,11:28:02,71540,39672,116117,14158456050,19,0,6796350
cu2203,20220218,20220218,112802000,11:28:03,71540,39673,116116,14158813750,1,-1,357700
cu2203,20220218,20220218,112802500,11:28:03,71540,39673,116116,14158813750,0,0,0
cu2203,20220218,20220218,112803000,11:28:04,71540,39673,116116,14158813750,0,0,0
cu2203,20220218,20220218,112803500,11:28:04,71540,39673,116116,14158813750,0,0,0
cu2203,20220218,20220218,112804000,11:28:05,71540,39673,116116,14158813750,0,0,0
cu2203,20220218,20220218,112804500,11:28:06,71540,39673,116116,14158813750,0,0,0
cu2203,20220218,20220218,112805000,11:28:06,71540,39673,116116,14158813750,0,0,0
cu2203,20220218,20220218,112805500,11:28:08,71540,39673,116116,14158813750,0,0,0
cu2203,20220218,20220218,112806000,11:28:10,71540,39673,116116,14158813750,0,0,0
cu2203,20220218,20220218,112809500,11:28:11,71540,39680,116111,14161317650,7,-5,2503900
cu2203,20220218,20220218,112810500,11:28:12,71540,39680,116111,14161317650,0,0,0
cu2203,20220218,20220218,112811000,11:28:12,71540,39680,116111,14161317650,0,0,0
cu2203,20220218,20220218,112812000,11:28:13,71540,39681,116110,14161675350,1,-1,357700
cu2203,20220218,20220218,112814000,11:28:14,71540,39681,116110,14161675350,0,0,0
cu2203,20220218,20220218,112814500,11:28:14,71540,39681,116110,14161675350,0,0,0
cu2203,20220218,20220218,112815500,11:28:15,71540,39681,116110,14161675350,0,0,0
cu2203,20220218,20220218,112816000,11:28:16,71540,39681,116110,14161675350,0,0,0
cu2203,20220218,20220218,112816500,11:28:16,71540,39681,116110,14161675350,0,0,0
cu2203,20220218,20220218,112817000,11:28:17,71540,39681,116110,14161675350,0,0,0
cu2203,20220218,20220218,112818000,11:28:18,71550,39682,116110,14162033100,1,0,357750
cu2203,20220218,20220218,112819000,11:28:19,71540,39689,116103,14164537050,7,-7,2503950
cu2203,20220218,20220218,112819500,11:28:20,71540,39689,116103,14164537050,0,0,0
cu2203,20220218,20220218,112821000,11:28:21,71550,39692,116100,14165610300,3,-3,1073250
cu2203,20220218,20220218,112821500,11:28:22,71550,39698,116100,14167756800,6,0,2146500
cu2203,20220218,20220218,112822000,11:28:22,71550,39698,116100,14167756800,0,0,0
cu2203,20220218,20220218,112822500,11:28:22,71550,39698,116100,14167756800,0,0,0
cu2203,20220218,20220218,112823000,11:28:23,71550,39699,116100,14168114550,1,0,357750
cu2203,20220218,20220218,112823500,11:28:23,71550,39699,116100,14168114550,0,0,0
cu2203,20220218,20220218,112825500,11:28:25,71550,39699,116100,14168114550,0,0,0
cu2203,20220218,20220218,112826000,11:28:26,71550,39706,116095,14170618800,7,-5,2504250
cu2203,20220218,20220218,112826500,11:28:27,71550,39706,116095,14170618800,0,0,0
cu2203,20220218,20220218,112827000,11:28:27,71550,39706,116095,14170618800,0,0,0
cu2203,20220218,20220218,112829500,11:28:30,71540,39709,116093,14171691900,3,-2,1073100
cu2203,20220218,20220218,112830000,11:28:30,71540,39710,116092,14172049600,1,-1,357700
cu2203,20220218,20220218,112830500,11:28:31,71540,39739,116070,14182422900,29,-22,10373300
cu2203,20220218,20220218,112831000,11:28:31,71540,39739,116070,14182422900,0,0,0
cu2203,20220218,20220218,112831500,11:28:31,71540,39740,116069,14182780600,1,-1,357700
cu2203,20220218,20220218,112832000,11:28:32,71530,39741,116069,14183138250,1,0,357650
cu2203,20220218,20220218,112832500,11:28:33,71530,39741,116069,14183138250,0,0,0
cu2203,20220218,20220218,112833500,11:28:34,71550,39759,116074,14189577750,18,5,6439500
cu2203,20220218,20220218,112834000,11:28:34,71550,39796,116074,14202814500,37,0,13236750
cu2203,20220218,20220218,112834500,11:28:34,71550,39796,116074,14202814500,0,0,0
cu2203,20220218,20220218,112835000,11:28:35,71550,39797,116073,14203172250,1,-1,357750
cu2203,20220218,20220218,112835500,11:28:37,71550,39797,116073,14203172250,0,0,0
cu2203,20220218,20220218,112836000,11:28:37,71550,39797,116073,14203172250,0,0,0
cu2203,20220218,20220218,112836500,11:28:37,71550,39797,116073,14203172250,0,0,0
cu2203,20220218,20220218,112837500,11:28:37,71550,39797,116073,14203172250,0,0,0
cu2203,20220218,20220218,112838000,11:28:38,71550,39797,116073,14203172250,0,0,0
cu2203,20220218,20220218,112838500,11:28:38,71550,39799,116075,14203887750,2,2,715500
cu2203,20220218,20220218,112839000,11:28:40,71550,39799,116075,14203887750,0,0,0
cu2203,20220218,20220218,112839500,11:28:40,71550,39799,116075,14203887750,0,0,0
cu2203,20220218,20220218,112840000,11:28:40,71550,39799,116075,14203887750,0,0,0
cu2203,20220218,20220218,112840500,11:28:40,71550,39799,116075,14203887750,0,0,0
cu2203,20220218,20220218,112841000,11:28:41,71550,39799,116075,14203887750,0,0,0
cu2203,20220218,20220218,112841500,11:28:41,71550,39799,116075,14203887750,0,0,0
cu2203,20220218,20220218,112842000,11:28:42,71550,39799,116075,14203887750,0,0,0
cu2203,20220218,20220218,112842500,11:28:43,71550,39799,116075,14203887750,0,0,0
cu2203,20220218,20220218,112843000,11:28:43,71540,39806,116073,14206391850,7,-2,2504100
cu2203,20220218,20220218,112843500,11:28:44,71540,39807,116073,14206749550,1,0,357700
cu2203,20220218,20220218,112847000,11:28:47,71540,39807,116073,14206749550,0,0,0
cu2203,20220218,20220218,112847500,11:28:48,71540,39807,116073,14206749550,0,0,0
cu2203,20220218,20220218,112848000,11:28:48,71540,39807,116073,14206749550,0,0,0
cu2203,20220218,20220218,112849000,11:28:49,71560,39808,116073,14207107350,1,0,357800
cu2203,20220218,20220218,112850500,11:28:51,71560,39808,116073,14207107350,0,0,0
cu2203,20220218,20220218,112851000,11:28:51,71550,39810,116073,14207822850,2,0,715500
cu2203,20220218,20220218,112857000,11:28:57,71550,39810,116073,14207822850,0,0,0
cu2203,20220218,20220218,112857500,11:28:58,71550,39810,116073,14207822850,0,0,0
cu2203,20220218,20220218,112858000,11:28:59,71550,39810,116073,14207822850,0,0,0
cu2203,20220218,20220218,112859500,11:29:00,71550,39810,116073,14207822850,0,0,0
cu2203,20220218,20220218,112900000,11:29:00,71550,39810,116073,14207822850,0,0,0
cu2203,20220218,20220218,112900500,11:29:01,71540,39816,116069,14209969150,6,-4,2146300
cu2203,20220218,20220218,112901000,11:29:01,71540,39816,116069,14209969150,0,0,0
cu2203,20220218,20220218,112901500,11:29:02,71560,39818,116069,14210684750,2,0,715600
cu2203,20220218,20220218,112902000,11:29:03,71560,39818,116069,14210684750,0,0,0
cu2203,20220218,20220218,112902500,11:29:03,71560,39818,116069,14210684750,0,0,0
cu2203,20220218,20220218,112903000,11:29:03,71560,39818,116069,14210684750,0,0,0
cu2203,20220218,20220218,112903500,11:29:04,71560,39824,116070,14212831550,6,1,2146800
cu2203,20220218,20220218,112907000,11:29:08,71560,39824,116070,14212831550,0,0,0
cu2203,20220218,20220218,112907500,11:29:08,71550,39826,116068,14213547050,2,-2,715500
cu2203,20220218,20220218,112911500,11:29:12,71550,39827,116068,14213904800,1,0,357750
cu2203,20220218,20220218,112912000,11:29:12,71550,39828,116067,14214262550,1,-1,357750
cu2203,20220218,20220218,112914000,11:29:14,71550,39828,116067,14214262550,0,0,0
cu2203,20220218,20220218,112915000,11:29:15,71550,39832,116065,14215693550,4,-2,1431000
cu2203,20220218,20220218,112915500,11:29:16,71550,39833,116065,14216051300,1,0,357750
cu2203,20220218,20220218,112916500,11:29:18,71550,39833,116065,14216051300,0,0,0
cu2203,20220218,20220218,112917500,11:29:21,71550,39833,116065,14216051300,0,0,0
cu2203,20220218,20220218,112918000,11:29:21,71550,39833,116065,14216051300,0,0,0
cu2203,20220218,20220218,112920500,11:29:21,71550,39833,116065,14216051300,0,0,0
cu2203,20220218,20220218,112921000,11:29:22,71550,39833,116065,14216051300,0,0,0
cu2203,20220218,20220218,112921500,11:29:24,71550,39833,116065,14216051300,0,0,0
cu2203,20220218,20220218,112923000,11:29:24,71550,39833,116065,14216051300,0,0,0
cu2203,20220218,20220218,112924000,11:29:24,71550,39833,116065,14216051300,0,0,0
cu2203,20220218,20220218,112925000,11:29:25,71550,39833,116065,14216051300,0,0,0
cu2203,20220218,20220218,112925500,11:29:25,71550,39833,116065,14216051300,0,0,0
cu2203,20220218,20220218,112926000,11:29:26,71550,39833,116065,14216051300,0,0,0
cu2203,20220218,20220218,112926500,11:29:26,71550,39835,116064,14216766800,2,-1,715500
cu2203,20220218,20220218,112927000,11:29:27,71550,39835,116064,14216766800,0,0,0
cu2203,20220218,20220218,112927500,11:29:27,71550,39835,116064,14216766800,0,0,0
cu2203,20220218,20220218,112928000,11:29:28,71550,39841,116058,14218913300,6,-6,2146500
cu2203,20220218,20220218,112928500,11:29:29,71550,39841,116058,14218913300,0,0,0
cu2203,20220218,20220218,112930000,11:29:30,71550,39841,116058,14218913300,0,0,0
cu2203,20220218,20220218,112930500,11:29:31,71560,39846,116058,14220702300,5,0,1789000
cu2203,20220218,20220218,112931000,11:29:32,71550,39847,116058,14221060050,1,0,357750
cu2203,20220218,20220218,112932000,11:29:36,71550,39847,116058,14221060050,0,0,0
cu2203,20220218,20220218,112932500,11:29:36,71550,39847,116058,14221060050,0,0,0
cu2203,20220218,20220218,112936500,11:29:38,71550,39847,116058,14221060050,0,0,0
cu2203,20220218,20220218,112937000,11:29:38,71550,39847,116058,14221060050,0,0,0
cu2203,20220218,20220218,112938500,11:29:39,71550,39847,116058,14221060050,0,0,0
cu2203,20220218,20220218,112939000,11:29:39,71550,39847,116058,14221060050,0,0,0
cu2203,20220218,20220218,112939500,11:29:40,71550,39847,116058,14221060050,0,0,0
cu2203,20220218,20220218,112940000,11:29:40,71570,39875,116061,14231078500,28,3,10018450
cu2203,20220218,20220218,112940500,11:29:40,71570,39876,116062,14231436350,1,1,357850
cu2203,20220218,20220218,112941000,11:29:41,71570,39876,116062,14231436350,0,0,0
cu2203,20220218,20220218,112941500,11:29:42,71570,39876,116062,14231436350,0,0,0
cu2203,20220218,20220218,112943000,11:29:45,71550,39877,116061,14231794100,1,-1,357750
cu2203,20220218,20220218,112943500,11:29:45,71550,39880,116059,14232867350,3,-2,1073250
cu2203,20220218,20220218,112944500,11:29:45,71550,39880,116059,14232867350,0,0,0
cu2203,20220218,20220218,112946500,11:29:47,71550,39880,116059,14232867350,0,0,0
cu2203,20220218,20220218,112948500,11:29:50,71560,39881,116058,14233225150,1,-1,357800
cu2203,20220218,20220218,112949000,11:29:50,71560,39881,116058,14233225150,0,0,0
cu2203,20220218,20220218,112950000,11:29:51,71560,39884,116057,14234298550,3,-1,1073400
cu2203,20220218,20220218,112950500,11:29:51,71560,39884,116057,14234298550,0,0,0
cu2203,20220218,20220218,112951000,11:29:52,71570,39885,116056,14234656400,1,-1,357850
cu2203,20220218,20220218,112952000,11:29:53,71570,39885,116056,14234656400,0,0,0
cu2203,20220218,20220218,112952500,11:29:53,71570,39885,116056,14234656400,0,0,0
cu2203,20220218,20220218,112953000,11:29:54,71570,39885,116056,14234656400,0,0,0
cu2203,20220218,20220218,112954000,11:29:54,71570,39885,116056,14234656400,0,0,0
cu2203,20220218,20220218,112954500,11:29:54,71560,39886,116056,14235014200,1,0,357800
cu2203,20220218,20220218,112955000,11:29:55,71560,39886,116056,14235014200,0,0,0
cu2203,20220218,20220218,112955500,11:29:56,71560,39886,116056,14235014200,0,0,0
cu2203,20220218,20220218,112956000,11:30:00,71560,39886,116056,14235014200,0,0,0
cu2203,20220218,20220218,112956500,11:30:00,71560,39886,116056,14235014200,0,0,0
cu2203,20220218,20220218,112957500,11:30:02,71560,39886,116056,14235014200,0,0,0
cu2203,20220218,20220218,112959500,11:30:02,71560,39886,116056,14235014200,0,0,0
cu2203,20220218,20220218,113000000,11:30:03,71570,39890,116055,14236445550,4,-1,1431350
cu2203,20220218,20220218,113000500,11:30:03,71570,39890,116055,14236445550,0,0,0
cu2203,20220218,20220218,113001500,11:30:03,71570,39890,116055,14236445550,0,0,0
cu2203,20220218,20220218,133002000,13:30:08,71500,39963,116086,14262556650,73,31,26111100
cu2203,20220218,20220218,133002500,13:30:10,71530,39976,116089,14267205600,13,3,4648950
cu2203,20220218,20220218,133008000,13:30:10,71530,40104,116081,14312987750,128,-8,45782150
cu2203,20220218,20220218,133009500,13:30:10,71540,40119,116088,14318352600,15,7,5364850
cu2203,20220218,20220218,133010000,13:30:11,71540,40119,116088,14318352600,0,0,0
cu2203,20220218,20220218,133010500,13:30:12,71540,40119,116088,14318352600,0,0,0
cu2203,20220218,20220218,133011000,13:30:13,71540,40119,116088,14318352600,0,0,0
cu2203,20220218,20220218,133011500,13:30:13,71540,40119,116088,14318352600,0,0,0
cu2203,20220218,20220218,133012500,13:30:13,71520,40121,116088,14319067800,2,0,715200
cu2203,20220218,20220218,133013000,13:30:14,71520,40121,116088,14319067800,0,0,0
cu2203,20220218,20220218,133013500,13:30:14,71520,40121,116088,14319067800,0,0,0
cu2203,20220218,20220218,133014000,13:30:16,71520,40121,116088,14319067800,0,0,0
cu2203,20220218,20220218,133014500,13:30:16,71530,40126,116088,14320856050,5,0,1788250
cu2203,20220218,20220218,133015000,13:30:18,71530,40136,116097,14324432550,10,9,3576500
cu2203,20220218,20220218,133016500,13:30:18,71530,40136,116097,14324432550,0,0,0
cu2203,20220218,20220218,133017500,13:30:19,71530,40136,116097,14324432550,0,0,0
cu2203,20220218,20220218,133018000,13:30:19,71530,40136,116097,14324432550,0,0,0
cu2203,20220218,20220218,133018500,13:30:20,71530,40136,116097,14324432550,0,0,0
cu2203,20220218,20220218,133019000,13:30:20,71530,40155,116096,14331227650,19,-1,6795100
cu2203,20220218,20220218,133019500,13:30:21,71530,40155,116096,14331227650,0,0,0
cu2203,20220218,20220218,133020000,13:30:21,71530,40155,116096,14331227650,0,0,0
cu2203,20220218,20220218,133020500,13:30:21,71530,40155,116096,14331227650,0,0,0
cu2203,20220218,20220218,133021000,13:30:21,71530,40155,116096,14331227650,0,0,0
cu2203,20220218,20220218,133022000,13:30:38,71530,40155,116096,14331227650,0,0,0
cu2203,20220218,20220218,133022500,13:30:38,71530,40156,116095,14331585300,1,-1,357650
cu2203,20220218,20220218,133023000,13:30:40,71530,40166,116091,14335161400,10,-4,3576100
cu2203,20220218,20220218,133038000,13:30:40,71530,40166,116091,14335161400,0,0,0
cu2203,20220218,20220218,133040500,13:30:42,71530,40166,116091,14335161400,0,0,0
cu2203,20220218,20220218,133041000,13:30:43,71530,40166,116091,14335161400,0,0,0
cu2203,20220218,20220218,133042000,13:30:44,71530,40250,116097,14365203850,84,6,30042450
cu2203,20220218,20220218,133042500,13:30:44,71530,40252,116098,14365919150,2,1,715300
cu2203,20220218,20220218,133043000,13:30:44,71530,40252,116098,14365919150,0,0,0
cu2203,20220218,20220218,133044500,13:30:46,71530,40252,116098,14365919150,0,0,0
cu2203,20220218,20220218,133045000,13:30:46,71530,40254,116099,14366634450,2,1,715300
cu2203,20220218,20220218,133045500,13:30:46,71530,40254,116099,14366634450,0,0,0
cu2203,20220218,20220218,133046000,13:30:47,71530,40254,116099,14366634450,0,0,0
cu2203,20220218,20220218,133046500,13:30:47,71530,40254,116099,14366634450,0,0,0
cu2203,20220218,20220218,133047000,13:30:48,71530,40254,116099,14366634450,0,0,0
cu2203,20220218,20220218,133047500,13:30:48,71530,40254,116099,14366634450,0,0,0
cu2203,20220218,20220218,133048000,13:30:49,71530,40254,116099,14366634450,0,0,0
cu2203,20220218,20220218,133050500,13:30:51,71530,40254,116099,14366634450,0,0,0
cu2203,20220218,20220218,133051000,13:30:52,71520,40257,116101,14367707250,3,2,1072800
cu2203,20220218,20220218,133051500,13:30:52,71520,40257,116101,14367707250,0,0,0
cu2203,20220218,20220218,133052000,13:30:53,71510,40267,116093,14371282750,10,-8,3575500
cu2203,20220218,20220218,133052500,13:30:54,71510,40267,116093,14371282750,0,0,0
cu2203,20220218,20220218,133053000,13:30:54,71510,40267,116093,14371282750,0,0,0
cu2203,20220218,20220218,133053500,13:30:54,71510,40267,116093,14371282750,0,0,0
cu2203,20220218,20220218,133054000,13:30:55,71510,40267,116093,14371282750,0,0,0
cu2203,20220218,20220218,133054500,13:30:55,71510,40267,116093,14371282750,0,0,0
cu2203,20220218,20220218,133055000,13:30:56,71510,40267,116093,14371282750,0,0,0
cu2203,20220218,20220218,133056500,13:30:57,71510,40267,116093,14371282750,0,0,0
cu2203,20220218,20220218,133057500,13:30:58,71510,40268,116093,14371640300,1,0,357550
cu2203,20220218,20220218,133058000,13:30:58,71510,40268,116093,14371640300,0,0,0
cu2203,20220218,20220218,133058500,13:30:59,71510,40274,116097,14373785600,6,4,2145300
cu2203,20220218,20220218,133059000,13:30:59,71510,40286,116108,14378076200,12,11,4290600
cu2203,20220218,20220218,133059500,13:31:00,71510,40286,116108,14378076200,0,0,0
cu2203,20220218,20220218,133100000,13:31:00,71510,40286,116108,14378076200,0,0,0
cu2203,20220218,20220218,133100500,13:31:00,71510,40286,116108,14378076200,0,0,0
cu2203,20220218,20220218,133101000,13:31:01,71520,40295,116115,14381294600,9,7,3218400
cu2203,20220218,20220218,133101500,13:31:01,71520,40296,116116,14381652200,1,1,357600
cu2203,20220218,20220218,133102000,13:31:02,71520,40306,116123,14385228200,10,7,3576000
cu2203,20220218,20220218,133102500,13:31:03,71520,40306,116123,14385228200,0,0,0
cu2203,20220218,20220218,133103000,13:31:03,71520,40306,116123,14385228200,0,0,0
cu2203,20220218,20220218,133103500,13:31:05,71520,40306,116123,14385228200,0,0,0
cu2203,20220218,20220218,133104000,13:31:06,71520,40306,116123,14385228200,0,0,0
cu2203,20220218,20220218,133104500,13:31:07,71520,40306,116123,14385228200,0,0,0
cu2203,20220218,20220218,133105500,13:31:08,71520,40309,116121,14386301050,3,-2,1072850
cu2203,20220218,20220218,133107000,13:31:08,71520,40309,116121,14386301050,0,0,0
cu2203,20220218,20220218,133108500,13:31:09,71520,40309,116121,14386301050,0,0,0
cu2203,20220218,20220218,133109000,13:31:09,71520,40309,116121,14386301050,0,0,0
cu2203,20220218,20220218,133109500,13:31:10,71540,40321,116126,14390593400,12,5,4292350
cu2203,20220218,20220218,133110000,13:31:11,71540,40378,116152,14410982300,57,26,20388900
cu2203,20220218,20220218,133110500,13:31:11,71540,40378,116152,14410982300,0,0,0
cu2203,20220218,20220218,133111000,13:31:11,71540,40378,116152,14410982300,0,0,0
cu2203,20220218,20220218,133111500,13:31:12,71540,40380,116153,14411697650,2,1,715350
cu2203,20220218,20220218,133112000,13:31:13,71540,40380,116153,14411697650,0,0,0
cu2203,20220218,20220218,133112500,13:31:13,71540,40380,116153,14411697650,0,0,0
cu2203,20220218,20220218,133113000,13:31:13,71540,40380,116153,14411697650,0,0,0
cu2203,20220218,20220218,133113500,13:31:14,71540,40380,116153,14411697650,0,0,0
cu2203,20220218,20220218,133114000,13:31:15,71540,40380,116153,14411697650,0,0,0
cu2203,20220218,20220218,133114500,13:31:15,71540,40380,116153,14411697650,0,0,0
cu2203,20220218,20220218,133115000,13:31:15,71540,40380,116153,14411697650,0,0,0
cu2203,20220218,20220218,133118000,13:31:19,71540,40380,116153,14411697650,0,0,0
cu2203,20220218,20220218,133118500,13:31:19,71540,40381,116153,14412055350,1,0,357700
cu2203,20220218,20220218,133119000,13:31:19,71540,40381,116153,14412055350,0,0,0
cu2203,20220218,20220218,133119500,13:31:20,71540,40381,116153,14412055350,0,0,0
cu2203,20220218,20220218,133120000,13:31:20,71540,40381,116153,14412055350,0,0,0
cu2203,20220218,20220218,133121000,13:31:21,71540,40383,116153,14412770750,2,0,715400
cu2203,20220218,20220218,133121500,13:31:22,71540,40383,116153,14412770750,0,0,0
cu2203,20220218,20220218,133122500,13:31:25,71540,40386,116153,14413843850,3,0,1073100
cu2203,20220218,20220218,133123000,13:31:25,71540,40387,116152,14414201550,1,-1,357700
cu2203,20220218,20220218,133123500,13:31:25,71540,40387,116152,14414201550,0,0,0
cu2203,20220218,20220218,133124000,13:31:25,71540,40387,116152,14414201550,0,0,0
cu2203,20220218,20220218,133124500,13:31:25,71540,40387,116152,14414201550,0,0,0
cu2203,20220218,20220218,133156000,13:31:56,71540,40387,116152,14414201550,0,0,0
cu2203,20220218,20220218,133158000,13:31:58,71530,40398,116157,14418135800,11,5,3934250
cu2203,20220218,20220218,133158500,13:31:58,71520,40408,116162,14421711850,10,5,3576050
cu2203,20220218,20220218,133159000,13:31:59,71520,40411,116164,14422784700,3,2,1072850
cu2203,20220218,20220218,133159500,13:32:00,71520,40415,116166,14424215100,4,2,1430400
cu2203,20220218,20220218,133200000,13:32:01,71460,40633,116096,14502143450,218,-70,77928350
cu2203,20220218,20220218,133200500,13:32:01,71460,40639,116097,14504287400,6,1,2143950
cu2203,20220218,20220218,133201000,13:32:01,71480,40657,116097,14510720450,18,0,6433050
cu2203,20220218,20220218,133201500,13:32:01,71470,40659,116095,14511435150,2,-2,714700
cu2203,20220218,20220218,133202000,13:32:03,71470,40659,116095,14511435150,0,0,0
cu2203,20220218,20220218,133202500,13:32:04,71480,40673,116087,14516438700,14,-8,5003550
cu2203,20220218,20220218,133203000,13:32:05,71480,40678,116087,14518225700,5,0,1787000
cu2203,20220218,20220218,133203500,13:32:05,71480,40678,116087,14518225700,0,0,0
cu2203,20220218,20220218,133204000,13:32:05,71480,40681,116087,14519297850,3,0,1072150
cu2203,20220218,20220218,133205000,13:32:06,71480,40699,116089,14525731050,18,2,6433200
cu2203,20220218,20220218,133205500,13:32:06,71480,40700,116089,14526088450,1,0,357400
cu2203,20220218,20220218,133206000,13:32:07,71480,40700,116089,14526088450,0,0,0
cu2203,20220218,20220218,133206500,13:32:07,71480,40703,116089,14527160750,3,0,1072300
cu2203,20220218,20220218,133207000,13:32:07,71480,40703,116089,14527160750,0,0,0
cu2203,20220218,20220218,133207500,13:32:07,71470,40732,116112,14537525100,29,23,10364350
cu2203,20220218,20220218,133208000,13:32:09,71470,40734,116111,14538239800,2,-1,714700
cu2203,20220218,20220218,133208500,13:32:10,71460,40745,116116,14542170100,11,5,3930300
cu2203,20220218,20220218,133209000,13:32:10,71460,40756,116125,14546100250,11,9,3930150
cu2203,20220218,20220218,133209500,13:32:10,71450,40758,116126,14546814800,2,1,714550
cu2203,20220218,20220218,133210000,13:32:11,71450,40765,116126,14549315550,7,0,2500750
cu2203,20220218,20220218,133210500,13:32:14,71450,40767,116125,14550030050,2,-1,714500
cu2203,20220218,20220218,133211000,13:32:14,71450,40768,116125,14550387300,1,0,357250
cu2203,20220218,20220218,133213000,13:32:15,71450,40778,116123,14553959800,10,-2,3572500
cu2203,20220218,20220218,133214000,13:32:15,71460,40785,116127,14556460700,7,4,2500900
cu2203,20220218,20220218,133215000,13:32:16,71460,40785,116127,14556460700,0,0,0
cu2203,20220218,20220218,133215500,13:32:16,71460,40789,116126,14557889900,4,-1,1429200
cu2203,20220218,20220218,133216000,13:32:17,71470,40795,116125,14560034000,6,-1,2144100
cu2203,20220218,20220218,133216500,13:32:17,71470,40795,116125,14560034000,0,0,0
cu2203,20220218,20220218,133217000,13:32:17,71470,40795,116125,14560034000,0,0,0
cu2203,20220218,20220218,133217500,13:32:18,71470,40795,116125,14560034000,0,0,0
cu2203,20220218,20220218,133218000,13:32:18,71470,40795,116125,14560034000,0,0,0
cu2203,20220218,20220218,133218500,13:32:19,71470,40795,116125,14560034000,0,0,0
cu2203,20220218,20220218,133219000,13:32:20,71480,40798,116122,14561106200,3,-3,1072200
cu2203,20220218,20220218,133219500,13:32:20,71480,40804,116116,14563250600,6,-6,2144400
cu2203,20220218,20220218,133220000,13:32:21,71470,40805,116116,14563607950,1,0,357350
cu2203,20220218,20220218,133220500,13:32:21,71470,40805,116116,14563607950,0,0,0
cu2203,20220218,20220218,133221000,13:32:22,71470,40815,116113,14567181450,10,-3,3573500
cu2203,20220218,20220218,133221500,13:32:22,71470,40830,116117,14572541700,15,4,5360250
cu2203,20220218,20220218,133222000,13:32:23,71480,40844,116131,14577544650,14,14,5002950
cu2203,20220218,20220218,133222500,13:32:24,71470,40850,116133,14579688750,6,2,2144100
cu2203,20220218,20220218,133223000,13:32:24,71470,40850,116133,14579688750,0,0,0
cu2203,20220218,20220218,133223500,13:32:24,71470,40861,116133,14583619600,11,0,3930850
cu2203,20220218,20220218,133224000,13:32:24,71470,40861,116133,14583619600,0,0,0
cu2203,20220218,20220218,133224500,13:32:25,71470,40862,116133,14583976950,1,0,357350
cu2203,20220218,20220218,133225500,13:32:26,71470,40862,116133,14583976950,0,0,0
cu2203,20220218,20220218,133226000,13:32:27,71470,40862,116133,14583976950,0,0,0
cu2203,20220218,20220218,133227000,13:32:27,71470,40862,116133,14583976950,0,0,0
cu2203,20220218,20220218,133231000,13:32:35,71480,40863,116133,14584334350,1,0,357400
cu2203,20220218,20220218,133234500,13:32:35,71480,40863,116133,14584334350,0,0,0
cu2203,20220218,20220218,133235000,13:32:36,71480,40863,116133,14584334350,0,0,0
cu2203,20220218,20220218,133236000,13:32:37,71480,40863,116133,14584334350,0,0,0
cu2203,20220218,20220218,133236500,13:32:37,71470,40864,116133,14584691700,1,0,357350
cu2203,20220218,20220218,133238000,13:32:38,71470,40864,116133,14584691700,0,0,0
cu2203,20220218,20220218,133239000,13:32:39,71470,40864,116133,14584691700,0,0,0
cu2203,20220218,20220218,133240500,13:32:41,71470,40864,116133,14584691700,0,0,0
cu2203,20220218,20220218,133242500,13:32:42,71470,40864,116133,14584691700,0,0,0
cu2203,20220218,20220218,133243000,13:32:43,71470,40864,116133,14584691700,0,0,0
cu2203,20220218,20220218,133243500,13:32:44,71470,40864,116133,14584691700,0,0,0
cu2203,20220218,20220218,133244000,13:32:44,71480,40866,116133,14585406500,2,0,714800
cu2203,20220218,20220218,133244500,13:32:45,71480,40866,116133,14585406500,0,0,0
cu2203,20220218,20220218,133245500,13:32:45,71470,40874,116125,14588265300,8,-8,2858800
cu2203,20220218,20220218,133246000,13:32:47,71470,40883,116118,14591481450,9,-7,3216150
cu2203,20220218,20220218,133246500,13:32:47,71470,40883,116118,14591481450,0,0,0
cu2203,20220218,20220218,133247000,13:32:47,71460,40889,116118,14593625250,6,0,2143800
cu2203,20220218,20220218,133247500,13:32:48,71460,40889,116118,14593625250,0,0,0
cu2203,20220218,20220218,133248000,13:32:49,71460,40889,116118,14593625250,0,0,0
cu2203,20220218,20220218,133248500,13:32:49,71460,40890,116119,14593982550,1,1,357300
cu2203,20220218,20220218,133249500,13:32:50,71460,40890,116119,14593982550,0,0,0
cu2203,20220218,20220218,133250000,13:32:50,71460,40890,116119,14593982550,0,0,0
cu2203,20220218,20220218,133250500,13:32:52,71460,40890,116119,14593982550,0,0,0
cu2203,20220218,20220218,133251000,13:32:52,71460,40890,116119,14593982550,0,0,0
cu2203,20220218,20220218,133251500,13:32:53,71460,40890,116119,14593982550,0,0,0
cu2203,20220218,20220218,133252500,13:32:53,71460,40890,116119,14593982550,0,0,0
cu2203,20220218,20220218,133253500,13:32:54,71470,40894,116118,14595411850,4,-1,1429300
cu2203,20220218,20220218,133254000,13:32:54,71470,40894,116118,14595411850,0,0,0
cu2203,20220218,20220218,133254500,13:32:55,71470,40894,116118,14595411850,0,0,0
cu2203,20220218,20220218,133255000,13:32:55,71460,40919,116106,14604344700,25,-12,8932850
cu2203,20220218,20220218,133255500,13:32:55,71460,40919,116106,14604344700,0,0,0
cu2203,20220218,20220218,133256000,13:32:56,71450,40921,116108,14605059200,2,2,714500
cu2203,20220218,20220218,133256500,13:32:56,71450,40921,116108,14605059200,0,0,0
cu2203,20220218,20220218,133257000,13:32:59,71450,40921,116108,14605059200,0,0,0
cu2203,20220218,20220218,133258000,13:33:00,71460,40922,116108,14605416500,1,0,357300
cu2203,20220218,20220218,133258500,13:33:00,71460,40922,116108,14605416500,0,0,0
cu2203,20220218,20220218,133259500,13:33:01,71460,40922,116108,14605416500,0,0,0
cu2203,20220218,20220218,133300000,13:33:01,71460,40922,116108,14605416500,0,0,0
cu2203,20220218,20220218,133300500,13:33:01,71450,40926,116105,14606845500,4,-3,1429000
cu2203,20220218,20220218,133301000,13:33:02,71460,40928,116105,14607560100,2,0,714600
cu2203,20220218,20220218,133301500,13:33:02,71460,40928,116105,14607560100,0,0,0
cu2203,20220218,20220218,133302000,13:33:03,71460,40928,116105,14607560100,0,0,0
cu2203,20220218,20220218,133302500,13:33:03,71460,40928,116105,14607560100,0,0,0
cu2203,20220218,20220218,133303000,13:33:04,71460,40948,116101,14614706000,20,-4,7145900
cu2203,20220218,20220218,133303500,13:33:04,71450,40950,116099,14615420500,2,-2,714500
cu2203,20220218,20220218,133304000,13:33:04,71450,40950,116099,14615420500,0,0,0
cu2203,20220218,20220218,133304500,13:33:05,71450,40950,116099,14615420500,0,0,0
cu2203,20220218,20220218,133305500,13:33:06,71450,40964,116085,14620422650,14,-14,5002150
cu2203,20220218,20220218,133306000,13:33:06,71450,40964,116085,14620422650,0,0,0
cu2203,20220218,20220218,133306500,13:33:06,71450,40964,116085,14620422650,0,0,0
cu2203,20220218,20220218,133307000,13:33:07,71450,40964,116085,14620422650,0,0,0
cu2203,20220218,20220218,133307500,13:33:08,71450,40964,116085,14620422650,0,0,0
cu2203,20220218,20220218,133308000,13:33:08,71460,40968,116081,14621851850,4,-4,1429200
cu2203,20220218,20220218,133308500,13:33:09,71460,40970,116080,14622566450,2,-1,714600
cu2203,20220218,20220218,133309000,13:33:09,71460,40970,116080,14622566450,0,0,0
cu2203,20220218,20220218,133309500,13:33:10,71460,40971,116081,14622923750,1,1,357300
cu2203,20220218,20220218,133310000,13:33:11,71460,40971,116081,14622923750,0,0,0
cu2203,20220218,20220218,133310500,13:33:12,71460,40971,116081,14622923750,0,0,0
cu2203,20220218,20220218,133311000,13:33:13,71460,40971,116081,14622923750,0,0,0
cu2203,20220218,20220218,133313500,13:33:15,71470,40980,116086,14626139900,9,5,3216150
cu2203,20220218,20220218,133314000,13:33:17,71470,40980,116086,14626139900,0,0,0
cu2203,20220218,20220218,133314500,13:33:17,71470,40980,116086,14626139900,0,0,0
cu2203,20220218,20220218,133315000,13:33:18,71470,40980,116086,14626139900,0,0,0
cu2203,20220218,20220218,133317000,13:33:18,71480,40984,116085,14627569500,4,-1,1429600
cu2203,20220218,20220218,133318000,13:33:19,71480,40984,116085,14627569500,0,0,0
cu2203,20220218,20220218,133319000,13:33:20,71480,40984,116085,14627569500,0,0,0
cu2203,20220218,20220218,133319500,13:33:20,71480,40984,116085,14627569500,0,0,0
cu2203,20220218,20220218,133320500,13:33:21,71480,40984,116085,14627569500,0,0,0
cu2203,20220218,20220218,133321000,13:33:22,71480,40984,116085,14627569500,0,0,0
cu2203,20220218,20220218,133321500,13:33:22,71480,40996,116075,14631858300,12,-10,4288800
cu2203,20220218,20220218,133322500,13:33:22,71470,40998,116075,14632573000,2,0,714700
cu2203,20220218,20220218,133323000,13:33:23,71470,41005,116074,14635074450,7,-1,2501450
cu2203,20220218,20220218,133323500,13:33:24,71470,41005,116074,14635074450,0,0,0
cu2203,20220218,20220218,133324500,13:33:25,71470,41005,116074,14635074450,0,0,0
cu2203,20220218,20220218,133325000,13:33:26,71470,41005,116074,14635074450,0,0,0
cu2203,20220218,20220218,133326000,13:33:28,71460,41008,116072,14636146400,3,-2,1071950
cu2203,20220218,20220218,133326500,13:33:29,71460,41009,116072,14636503700,1,0,357300
cu2203,20220218,20220218,133327000,13:33:29,71460,41009,116072,14636503700,0,0,0
cu2203,20220218,20220218,133328500,13:33:30,71460,41009,116072,14636503700,0,0,0
cu2203,20220218,20220218,133329000,13:33:30,71460,41009,116072,14636503700,0,0,0
cu2203,20220218,20220218,133329500,13:33:30,71460,41009,116072,14636503700,0,0,0
cu2203,20220218,20220218,133330000,13:33:30,71460,41009,116072,14636503700,0,0,0
cu2203,20220218,20220218,133330500,13:33:31,71460,41009,116072,14636503700,0,0,0
cu2203,20220218,20220218,133331000,13:33:32,71460,41010,116072,14636861000,1,0,357300
cu2203,20220218,20220218,133331500,13:33:32,71460,41012,116073,14637575600,2,1,714600
cu2203,20220218,20220218,133332000,13:33:32,71460,41012,116073,14637575600,0,0,0
cu2203,20220218,20220218,133332500,13:33:33,71460,41012,116073,14637575600,0,0,0
cu2203,20220218,20220218,133335000,13:33:35,71470,41017,116074,14639362350,5,1,1786750
cu2203,20220218,20220218,133335500,13:33:35,71470,41017,116074,14639362350,0,0,0
cu2203,20220218,20220218,133336000,13:33:36,71470,41017,116074,14639362350,0,0,0
cu2203,20220218,20220218,133337000,13:33:37,71480,41023,116077,14641506750,6,3,2144400
cu2203,20220218,20220218,133338000,13:33:38,71480,41023,116077,14641506750,0,0,0
cu2203,20220218,20220218,133338500,13:33:39,71480,41023,116077,14641506750,0,0,0
cu2203,20220218,20220218,133339000,13:33:39,71480,41026,116077,14642578950,3,0,1072200
cu2203,20220218,20220218,133339500,13:33:40,71480,41026,116077,14642578950,0,0,0
cu2203,20220218,20220218,133340000,13:33:40,71480,41026,116077,14642578950,0,0,0
cu2203,20220218,20220218,133340500,13:33:41,71480,41026,116077,14642578950,0,0,0
cu2203,20220218,20220218,133341000,13:33:41,71480,41026,116077,14642578950,0,0,0
cu2203,20220218,20220218,133342000,13:33:42,71480,41026,116077,14642578950,0,0,0
cu2203,20220218,20220218,133342500,13:33:42,71480,41026,116077,14642578950,0,0,0
cu2203,20220218,20220218,133344000,13:33:45,71480,41026,116077,14642578950,0,0,0
cu2203,20220218,20220218,133344500,13:33:45,71480,41027,116077,14642936350,1,0,357400
cu2203,20220218,20220218,133345000,13:33:45,71480,41027,116077,14642936350,0,0,0
cu2203,20220218,20220218,133345500,13:33:47,71480,41027,116077,14642936350,0,0,0
cu2203,20220218,20220218,133348000,13:33:49,71490,41031,116076,14644366150,4,-1,1429800
cu2203,20220218,20220218,133348500,13:33:50,71490,41031,116076,14644366150,0,0,0
cu2203,20220218,20220218,133349000,13:33:50,71490,41031,116076,14644366150,0,0,0
cu2203,20220218,20220218,133351000,13:33:51,71480,41032,116077,14644723550,1,1,357400
cu2203,20220218,20220218,133351500,13:33:52,71480,41032,116077,14644723550,0,0,0
cu2203,20220218,20220218,133352000,13:33:52,71480,41032,116077,14644723550,0,0,0
cu2203,20220218,20220218,133354500,13:33:55,71490,41033,116078,14645081000,1,1,357450
cu2203,20220218,20220218,133355000,13:33:56,71480,41041,116077,14647940200,8,-1,2859200
cu2203,20220218,20220218,133355500,13:33:56,71480,41041,116077,14647940200,0,0,0
cu2203,20220218,20220218,133356000,13:33:57,71470,41047,116077,14650084300,6,0,2144100
cu2203,20220218,20220218,133356500,13:33:57,71470,41048,116078,14650441650,1,1,357350
cu2203,20220218,20220218,133357000,13:33:57,71480,41050,116077,14651156450,2,-1,714800
cu2203,20220218,20220218,133400500,13:34:01,71480,41051,116078,14651513850,1,1,357400
cu2203,20220218,20220218,133401000,13:34:02,71480,41051,116078,14651513850,0,0,0
cu2203,20220218,20220218,133401500,13:34:02,71470,41063,116082,14655802050,12,4,4288200
cu2203,20220218,20220218,133402000,13:34:10,71460,41064,116083,14656159350,1,1,357300
cu2203,20220218,20220218,133402500,13:34:10,71460,41064,116083,14656159350,0,0,0
cu2203,20220218,20220218,133403000,13:34:10,71470,41065,116084,14656516700,1,1,357350
cu2203,20220218,20220218,133410000,13:34:12,71470,41065,116084,14656516700,0,0,0
cu2203,20220218,20220218,133410500,13:34:12,71470,41065,116084,14656516700,0,0,0
cu2203,20220218,20220218,133411500,13:34:12,71470,41065,116084,14656516700,0,0,0
cu2203,20220218,20220218,133412000,13:34:12,71460,41117,116089,14675096300,52,5,18579600
cu2203,20220218,20220218,133412500,13:34:13,71460,41117,116089,14675096300,0,0,0
cu2203,20220218,20220218,133413000,13:34:13,71460,41117,116089,14675096300,0,0,0
cu2203,20220218,20220218,133413500,13:34:14,71460,41117,116089,14675096300,0,0,0
cu2203,20220218,20220218,133414000,13:34:14,71460,41117,116089,14675096300,0,0,0
cu2203,20220218,20220218,133414500,13:34:15,71460,41119,116087,14675810900,2,-2,714600
cu2203,20220218,20220218,133415000,13:34:15,71460,41123,116083,14677240100,4,-4,1429200
cu2203,20220218,20220218,133415500,13:34:16,71460,41123,116083,14677240100,0,0,0
cu2203,20220218,20220218,133416000,13:34:16,71460,41123,116083,14677240100,0,0,0
cu2203,20220218,20220218,133417000,13:34:17,71460,41137,116074,14682242300,14,-9,5002200
cu2203,20220218,20220218,133417500,13:34:17,71460,41144,116074,14684743400,7,0,2501100
cu2203,20220218,20220218,133418000,13:34:18,71460,41144,116074,14684743400,0,0,0
cu2203,20220218,20220218,133418500,13:34:19,71460,41151,116074,14687244650,7,0,2501250
cu2203,20220218,20220218,133419000,13:34:19,71460,41164,116069,14691889550,13,-5,4644900
cu2203,20220218,20220218,133419500,13:34:20,71460,41164,116069,14691889550,0,0,0
cu2203,20220218,20220218,133420500,13:34:23,71460,41164,116069,14691889550,0,0,0
cu2203,20220218,20220218,133421000,13:34:23,71460,41164,116069,14691889550,0,0,0
cu2203,20220218,20220218,133423000,13:34:24,71460,41164,116069,14691889550,0,0,0
cu2203,20220218,20220218,133423500,13:34:24,71460,41171,116073,14694390350,7,4,2500800
cu2203,20220218,20220218,133424000,13:34:24,71460,41171,116073,14694390350,0,0,0
cu2203,20220218,20220218,133424500,13:34:24,71460,41178,116080,14696891450,7,7,2501100
cu2203,20220218,20220218,133425000,13:34:25,71460,41178,116080,14696891450,0,0,0
cu2203,20220218,20220218,133425500,13:34:25,71460,41178,116080,14696891450,0,0,0
cu2203,20220218,20220218,133426000,13:34:26,71460,41178,116080,14696891450,0,0,0
cu2203,20220218,20220218,133427500,13:34:28,71460,41178,116080,14696891450,0,0,0
cu2203,20220218,20220218,133429000,13:34:29,71450,41195,116082,14702964700,17,2,6073250
cu2203,20220218,20220218,133429500,13:34:29,71460,41200,116077,14704751200,5,-5,1786500
cu2203,20220218,20220218,133430500,13:34:30,71450,41208,116077,14707609200,8,0,2858000
cu2203,20220218,20220218,133431000,13:34:31,71450,41211,116077,14708680950,3,0,1071750
cu2203,20220218,20220218,133432000,13:34:32,71460,41213,116076,14709395550,2,-1,714600
cu2203,20220218,20220218,133432500,13:34:32,71450,41214,116077,14709752800,1,1,357250
cu2203,20220218,20220218,133433000,13:34:34,71450,41214,116077,14709752800,0,0,0
cu2203,20220218,20220218,133434000,13:34:34,71450,41215,116077,14710110050,1,0,357250
cu2203,20220218,20220218,133434500,13:34:35,71440,41258,116079,14725470300,43,2,15360250
cu2203,20220218,20220218,133435000,13:34:35,71430,41311,116074,14744401400,53,-5,18931100
cu2203,20220218,20220218,133435500,13:34:36,71430,41327,116086,14750115800,16,12,5714400
cu2203,20220218,20220218,133436000,13:34:36,71430,41331,116087,14751544400,4,1,1428600
cu2203,20220218,20220218,133436500,13:34:36,71430,41336,116086,14753330150,5,-1,1785750
cu2203,20220218,20220218,133437000,13:34:37,71430,41336,116086,14753330150,0,0,0
cu2203,20220218,20220218,133437500,13:34:38,71430,41337,116086,14753687300,1,0,357150
cu2203,20220218,20220218,133438000,13:34:38,71420,41341,116085,14755115800,4,-1,1428500
cu2203,20220218,20220218,133438500,13:34:39,71420,41341,116085,14755115800,0,0,0
cu2203,20220218,20220218,133439000,13:34:39,71430,41344,116084,14756187300,3,-1,1071500
cu2203,20220218,20220218,133439500,13:34:39,71430,41344,116084,14756187300,0,0,0
cu2203,20220218,20220218,133440000,13:34:40,71430,41348,116080,14757615900,4,-4,1428600
cu2203,20220218,20220218,133440500,13:34:41,71430,41348,116080,14757615900,0,0,0
cu2203,20220218,20220218,133441000,13:34:41,71420,41350,116079,14758330100,2,-1,714200
cu2203,20220218,20220218,133441500,13:34:43,71420,41352,116079,14759044350,2,0,714250
cu2203,20220218,20220218,133442000,13:34:44,71430,41354,116078,14759758650,2,-1,714300
cu2203,20220218,20220218,133442500,13:34:44,71430,41355,116077,14760115800,1,-1,357150
cu2203,20220218,20220218,133443500,13:34:45,71430,41363,116072,14762973350,8,-5,2857550
cu2203,20220218,20220218,133444000,13:34:45,71430,41363,116072,14762973350,0,0,0
cu2203,20220218,20220218,133444500,13:34:46,71430,41363,116072,14762973350,0,0,0
cu2203,20220218,20220218,133445000,13:34:46,71420,41373,116064,14766544500,10,-8,3571150
cu2203,20220218,20220218,133445500,13:34:46,71420,41373,116064,14766544500,0,0,0
cu2203,20220218,20220218,133446000,13:34:46,71420,41373,116064,14766544500,0,0,0
cu2203,20220218,20220218,133447000,13:34:47,71420,41373,116064,14766544500,0,0,0
cu2203,20220218,20220218,133447500,13:34:48,71420,41373,116064,14766544500,0,0,0
cu2203,20220218,20220218,133448000,13:34:48,71420,41373,116064,14766544500,0,0,0
cu2203,20220218,20220218,133448500,13:34:49,71420,41373,116064,14766544500,0,0,0
cu2203,20220218,20220218,133449000,13:34:49,71420,41373,116064,14766544500,0,0,0
cu2203,20220218,20220218,133450500,13:34:51,71420,41373,116064,14766544500,0,0,0
cu2203,20220218,20220218,133451500,13:34:52,71420,41373,116064,14766544500,0,0,0
cu2203,20220218,20220218,133452000,13:34:52,71420,41373,116064,14766544500,0,0,0
cu2203,20220218,20220218,133452500,13:34:53,71430,41383,116064,14770116000,10,0,3571500
cu2203,20220218,20220218,133453000,13:34:53,71430,41383,116064,14770116000,0,0,0
cu2203,20220218,20220218,133453500,13:34:55,71430,41383,116064,14770116000,0,0,0
cu2203,20220218,20220218,133454000,13:34:56,71430,41383,116064,14770116000,0,0,0
cu2203,20220218,20220218,133455500,13:34:56,71430,41383,116064,14770116000,0,0,0
cu2203,20220218,20220218,133456000,13:34:57,71430,41383,116064,14770116000,0,0,0
cu2203,20220218,20220218,133457000,13:34:57,71430,41383,116064,14770116000,0,0,0
cu2203,20220218,20220218,133459500,13:35:00,71430,41383,116064,14770116000,0,0,0
cu2203,20220218,20220218,133500000,13:35:00,71430,41383,116064,14770116000,0,0,0
cu2203,20220218,20220218,133500500,13:35:00,71440,41387,116065,14771544800,4,1,1428800
cu2203,20220218,20220218,133501000,13:35:04,71440,41388,116066,14771902000,1,1,357200
cu2203,20220218,20220218,133501500,13:35:05,71440,41388,116066,14771902000,0,0,0
cu2203,20220218,20220218,133502000,13:35:10,71440,41404,116069,14777617200,16,3,5715200
cu2203,20220218,20220218,133504500,13:35:10,71440,41410,116067,14779760400,6,-2,2143200
cu2203,20220218,20220218,133510000,13:35:10,71440,41462,116051,14798333550,52,-16,18573150
cu2203,20220218,20220218,133510500,13:35:11,71440,41462,116051,14798333550,0,0,0
cu2203,20220218,20220218,133511000,13:35:11,71440,41471,116058,14801548350,9,7,3214800
cu2203,20220218,20220218,133511500,13:35:12,71440,41480,116058,14804763150,9,0,3214800
cu2203,20220218,20220218,133512000,13:35:13,71440,41480,116058,14804763150,0,0,0
cu2203,20220218,20220218,133512500,13:35:13,71440,41480,116058,14804763150,0,0,0
cu2203,20220218,20220218,133513000,13:35:13,71440,41480,116058,14804763150,0,0,0
cu2203,20220218,20220218,133513500,13:35:14,71440,41480,116058,14804763150,0,0,0
cu2203,20220218,20220218,133514000,13:35:14,71440,41480,116058,14804763150,0,0,0
cu2203,20220218,20220218,133515000,13:35:15,71440,41481,116058,14805120350,1,0,357200
cu2203,20220218,20220218,133516500,13:35:17,71450,41487,116052,14807263850,6,-6,2143500
cu2203,20220218,20220218,133517000,13:35:17,71450,41487,116052,14807263850,0,0,0
cu2203,20220218,20220218,133517500,13:35:18,71450,41487,116052,14807263850,0,0,0
cu2203,20220218,20220218,133518000,13:35:19,71450,41497,116045,14810836350,10,-7,3572500
cu2203,20220218,20220218,133518500,13:35:19,71450,41497,116045,14810836350,0,0,0
cu2203,20220218,20220218,133519000,13:35:19,71450,41497,116045,14810836350,0,0,0
cu2203,20220218,20220218,133519500,13:35:20,71450,41497,116045,14810836350,0,0,0
cu2203,20220218,20220218,133520000,13:35:20,71450,41497,116045,14810836350,0,0,0
cu2203,20220218,20220218,133520500,13:35:21,71450,41497,116045,14810836350,0,0,0
cu2203,20220218,20220218,133521000,13:35:21,71450,41498,116045,14811193600,1,0,357250
cu2203,20220218,20220218,133522000,13:35:22,71460,41525,116050,14820840700,27,5,9647100
cu2203,20220218,20220218,133522500,13:35:23,71460,41533,116057,14823699100,8,7,2858400
cu2203,20220218,20220218,133523000,13:35:23,71460,41533,116057,14823699100,0,0,0
cu2203,20220218,20220218,133523500,13:35:23,71460,41534,116056,14824056400,1,-1,357300
cu2203,20220218,20220218,133524000,13:35:25,71460,41535,116055,14824413700,1,-1,357300
cu2203,20220218,20220218,133524500,13:35:25,71460,41535,116055,14824413700,0,0,0
cu2203,20220218,20220218,133525000,13:35:25,71470,41565,116029,14835134200,30,-26,10720500
cu2203,20220218,20220218,133525500,13:35:26,71480,41567,116028,14835849000,2,-1,714800
cu2203,20220218,20220218,133526000,13:35:26,71480,41567,116028,14835849000,0,0,0
cu2203,20220218,20220218,133526500,13:35:27,71480,41568,116027,14836206400,1,-1,357400
cu2203,20220218,20220218,133527000,13:35:31,71480,41569,116028,14836563800,1,1,357400
cu2203,20220218,20220218,133527500,13:35:31,71480,41573,116028,14837993400,4,0,1429600
cu2203,20220218,20220218,133528000,13:35:32,71480,41582,116036,14841210400,9,8,3217000
cu2203,20220218,20220218,133531000,13:35:33,71480,41582,116036,14841210400,0,0,0
cu2203,20220218,20220218,133531500,13:35:41,71480,41582,116036,14841210400,0,0,0
cu2203,20220218,20220218,133532000,13:35:42,71480,41582,116036,14841210400,0,0,0
cu2203,20220218,20220218,133540500,13:35:43,71480,41582,116036,14841210400,0,0,0
cu2203,20220218,20220218,133542000,13:35:43,71480,41630,116000,14858366200,48,-36,17155800
cu2203,20220218,20220218,133543500,13:35:44,71480,41744,115993,14899109700,114,-7,40743500
cu2203,20220218,20220218,133544000,13:35:44,71480,41744,115993,14899109700,0,0,0
cu2203,20220218,20220218,133544500,13:35:45,71480,41744,115993,14899109700,0,0,0
cu2203,20220218,20220218,133545000,13:35:46,71480,41745,115992,14899467100,1,-1,357400
cu2203,20220218,20220218,133545500,13:35:46,71480,41745,115992,14899467100,0,0,0
cu2203,20220218,20220218,133546000,13:35:46,71480,41745,115992,14899467100,0,0,0
cu2203,20220218,20220218,133546500,13:35:46,71480,41745,115992,14899467100,0,0,0
cu2203,20220218,20220218,133547000,13:35:47,71480,41745,115992,14899467100,0,0,0
cu2203,20220218,20220218,133548500,13:35:48,71480,41751,115990,14901611500,6,-2,2144400
cu2203,20220218,20220218,133549000,13:35:49,71480,41751,115990,14901611500,0,0,0
cu2203,20220218,20220218,133549500,13:35:49,71480,41751,115990,14901611500,0,0,0
cu2203,20220218,20220218,133550000,13:35:50,71480,41751,115990,14901611500,0,0,0
cu2203,20220218,20220218,133550500,13:35:50,71480,41751,115990,14901611500,0,0,0
cu2203,20220218,20220218,133551000,13:35:51,71480,41751,115990,14901611500,0,0,0
cu2203,20220218,20220218,133551500,13:35:52,71480,41751,115990,14901611500,0,0,0
cu2203,20220218,20220218,133552000,13:35:52,71480,41751,115990,14901611500,0,0,0
cu2203,20220218,20220218,133552500,13:35:53,71490,41758,115985,14904113650,7,-5,2502150
cu2203,20220218,20220218,133553000,13:35:53,71490,41760,115985,14904828550,2,0,714900
cu2203,20220218,20220218,133555000,13:35:56,71490,41760,115985,14904828550,0,0,0
cu2203,20220218,20220218,133557500,13:36:01,71490,41760,115985,14904828550,0,0,0
cu2203,20220218,20220218,133558000,13:36:01,71490,41761,115986,14905186000,1,1,357450
cu2203,20220218,20220218,133559500,13:36:03,71490,41775,115981,14910190300,14,-5,5004300
cu2203,20220218,20220218,133601500,13:36:03,71490,41775,115981,14910190300,0,0,0
cu2203,20220218,20220218,133602500,13:36:03,71490,41775,115981,14910190300,0,0,0
cu2203,20220218,20220218,133603000,13:36:05,71500,41781,115977,14912335100,6,-4,2144800
cu2203,20220218,20220218,133603500,13:36:05,71500,41783,115978,14913050100,2,1,715000
cu2203,20220218,20220218,133605000,13:36:06,71500,41783,115978,14913050100,0,0,0
cu2203,20220218,20220218,133605500,13:36:07,71500,41785,115978,14913765100,2,0,715000
cu2203,20220218,20220218,133606500,13:36:07,71500,41785,115978,14913765100,0,0,0
cu2203,20220218,20220218,133607000,13:36:08,71500,41785,115978,14913765100,0,0,0
cu2203,20220218,20220218,133607500,13:36:08,71500,41785,115978,14913765100,0,0,0
cu2203,20220218,20220218,133608500,13:36:09,71490,41793,115984,14916624700,8,6,2859600
cu2203,20220218,20220218,133609000,13:36:09,71490,41793,115984,14916624700,0,0,0
cu2203,20220218,20220218,133609500,13:36:10,71490,41793,115984,14916624700,0,0,0
cu2203,20220218,20220218,133610000,13:36:11,71490,41793,115984,14916624700,0,0,0
cu2203,20220218,20220218,133610500,13:36:11,71490,41794,115983,14916982150,1,-1,357450
cu2203,20220218,20220218,133611500,13:36:12,71490,41794,115983,14916982150,0,0,0
cu2203,20220218,20220218,133612000,13:36:12,71490,41794,115983,14916982150,0,0,0
cu2203,20220218,20220218,133612500,13:36:12,71500,41796,115983,14917697150,2,0,715000
cu2203,20220218,20220218,133614500,13:36:14,71500,41796,115983,14917697150,0,0,0
cu2203,20220218,20220218,133615000,13:36:15,71500,41796,115983,14917697150,0,0,0
cu2203,20220218,20220218,133616500,13:36:17,71500,41796,115983,14917697150,0,0,0
cu2203,20220218,20220218,133617000,13:36:19,71490,41797,115984,14918054600,1,1,357450
cu2203,20220218,20220218,133617500,13:36:19,71490,41797,115984,14918054600,0,0,0
cu2203,20220218,20220218,133619000,13:36:19,71500,41798,115985,14918412100,1,1,357500
cu2203,20220218,20220218,133619500,13:36:20,71490,41801,115987,14919484450,3,2,1072350
cu2203,20220218,20220218,133620000,13:36:20,71490,41801,115987,14919484450,0,0,0
cu2203,20220218,20220218,133621000,13:36:21,71490,41801,115987,14919484450,0,0,0
cu2203,20220218,20220218,133621500,13:36:21,71490,41802,115988,14919841900,1,1,357450
cu2203,20220218,20220218,133623000,13:36:23,71490,41802,115988,14919841900,0,0,0
cu2203,20220218,20220218,133624500,13:36:24,71490,41802,115988,14919841900,0,0,0
cu2203,20220218,20220218,133626500,13:36:27,71490,41802,115988,14919841900,0,0,0
cu2203,20220218,20220218,133628000,13:36:28,71480,41815,115985,14924488100,13,-3,4646200
cu2203,20220218,20220218,133628500,13:36:29,71480,41853,115947,14938069300,38,-38,13581200
cu2203,20220218,20220218,133629000,13:36:30,71480,41853,115947,14938069300,0,0,0
cu2203,20220218,20220218,133629500,13:36:30,71480,41853,115947,14938069300,0,0,0
cu2203,20220218,20220218,133630000,13:36:30,71480,41853,115947,14938069300,0,0,0
cu2203,20220218,20220218,133630500,13:36:31,71480,41853,115947,14938069300,0,0,0
cu2203,20220218,20220218,133631000,13:36:31,71480,41853,115947,14938069300,0,0,0
cu2203,20220218,20220218,133631500,13:36:31,71480,41853,115947,14938069300,0,0,0
cu2203,20220218,20220218,133632000,13:36:32,71480,41853,115947,14938069300,0,0,0
cu2203,20220218,20220218,133633500,13:36:34,71480,41854,115947,14938426700,1,0,357400
cu2203,20220218,20220218,133634000,13:36:34,71480,41854,115947,14938426700,0,0,0
cu2203,20220218,20220218,133634500,13:36:35,71480,41854,115947,14938426700,0,0,0
cu2203,20220218,20220218,133635000,13:36:36,71480,41854,115947,14938426700,0,0,0
cu2203,20220218,20220218,133635500,13:36:36,71490,41855,115948,14938784150,1,1,357450
cu2203,20220218,20220218,133636500,13:36:36,71490,41855,115948,14938784150,0,0,0
cu2203,20220218,20220218,133637000,13:36:38,71490,41873,115966,14945218250,18,18,6434100
cu2203,20220218,20220218,133637500,13:36:38,71480,41884,115959,14949149900,11,-7,3931650
cu2203,20220218,20220218,133638000,13:36:39,71490,41886,115959,14949864800,2,0,714900
cu2203,20220218,20220218,133638500,13:36:39,71490,41886,115959,14949864800,0,0,0
cu2203,20220218,20220218,133639000,13:36:39,71490,41886,115959,14949864800,0,0,0
cu2203,20220218,20220218,133639500,13:36:39,71490,41886,115959,14949864800,0,0,0
cu2203,20220218,20220218,133640000,13:36:40,71490,41886,115959,14949864800,0,0,0
cu2203,20220218,20220218,133641000,13:36:41,71490,41886,115959,14949864800,0,0,0
cu2203,20220218,20220218,133643000,13:36:43,71490,41886,115959,14949864800,0,0,0
cu2203,20220218,20220218,133645000,13:36:45,71490,41886,115959,14949864800,0,0,0
cu2203,20220218,20220218,133645500,13:36:46,71490,41886,115959,14949864800,0,0,0
cu2203,20220218,20220218,133646000,13:36:46,71490,41886,115959,14949864800,0,0,0
cu2203,20220218,20220218,133646500,13:36:46,71490,41886,115959,14949864800,0,0,0
cu2203,20220218,20220218,133648000,13:36:48,71490,41886,115959,14949864800,0,0,0
cu2203,20220218,20220218,133649000,13:36:49,71490,41888,115961,14950579700,2,2,714900
cu2203,20220218,20220218,133649500,13:36:49,71490,41888,115961,14950579700,0,0,0
cu2203,20220218,20220218,133650500,13:36:50,71490,41888,115961,14950579700,0,0,0
cu2203,20220218,20220218,133651000,13:36:51,71490,41893,115966,14952366950,5,5,1787250
cu2203,20220218,20220218,133651500,13:36:52,71490,41895,115968,14953081850,2,2,714900
cu2203,20220218,20220218,133652000,13:36:52,71490,41895,115968,14953081850,0,0,0
cu2203,20220218,20220218,133652500,13:36:53,71490,41905,115978,14956656350,10,10,3574500
cu2203,20220218,20220218,133653500,13:36:54,71490,41907,115980,14957371250,2,2,714900
cu2203,20220218,20220218,133654500,13:36:54,71490,41907,115980,14957371250,0,0,0
cu2203,20220218,20220218,133655500,13:36:56,71490,41907,115980,14957371250,0,0,0
cu2203,20220218,20220218,133658500,13:36:59,71490,41909,115982,14958086150,2,2,714900
cu2203,20220218,20220218,133659500,13:37:00,71490,41909,115982,14958086150,0,0,0
cu2203,20220218,20220218,133700000,13:37:00,71480,41927,115974,14964520200,18,-8,6434050
cu2203,20220218,20220218,133700500,13:37:00,71480,41927,115974,14964520200,0,0,0
cu2203,20220218,20220218,133701000,13:37:01,71480,41927,115974,14964520200,0,0,0
cu2203,20220218,20220218,133701500,13:37:02,71490,41928,115973,14964877650,1,-1,357450
cu2203,20220218,20220218,133702000,13:37:02,71490,41928,115973,14964877650,0,0,0
cu2203,20220218,20220218,133703000,13:37:03,71490,41928,115973,14964877650,0,0,0
cu2203,20220218,20220218,133703500,13:37:03,71490,41928,115973,14964877650,0,0,0
cu2203,20220218,20220218,133706000,13:37:08,71500,41929,115974,14965235150,1,1,357500
cu2203,20220218,20220218,133706500,13:37:08,71500,41929,115974,14965235150,0,0,0
cu2203,20220218,20220218,133710000,13:37:11,71500,41929,115974,14965235150,0,0,0
cu2203,20220218,20220218,133710500,13:37:11,71500,41929,115974,14965235150,0,0,0
cu2203,20220218,20220218,133711000,13:37:12,71490,41932,115975,14966307550,3,1,1072400
cu2203,20220218,20220218,133711500,13:37:13,71490,41941,115966,14969524600,9,-9,3217050
cu2203,20220218,20220218,133712000,13:37:13,71500,41943,115968,14970239600,2,2,715000
cu2203,20220218,20220218,133712500,13:37:13,71500,41943,115968,14970239600,0,0,0
cu2203,20220218,20220218,133714500,13:37:15,71500,41943,115968,14970239600,0,0,0
cu2203,20220218,20220218,133715000,13:37:15,71500,41943,115968,14970239600,0,0,0
cu2203,20220218,20220218,133715500,13:37:16,71490,41944,115969,14970597050,1,1,357450
cu2203,20220218,20220218,133716000,13:37:16,71490,41944,115969,14970597050,0,0,0
cu2203,20220218,20220218,133716500,13:37:17,71490,41944,115969,14970597050,0,0,0
cu2203,20220218,20220218,133717500,13:37:18,71490,41944,115969,14970597050,0,0,0
cu2203,20220218,20220218,133718500,13:37:19,71490,41944,115969,14970597050,0,0,0
cu2203,20220218,20220218,133720500,13:37:21,71490,41944,115969,14970597050,0,0,0
cu2203,20220218,20220218,133721000,13:37:21,71490,41944,115969,14970597050,0,0,0
cu2203,20220218,20220218,133722000,13:37:22,71490,41944,115969,14970597050,0,0,0
cu2203,20220218,20220218,133722500,13:37:22,71490,41944,115969,14970597050,0,0,0
cu2203,20220218,20220218,133723000,13:37:23,71490,41944,115969,14970597050,0,0,0
cu2203,20220218,20220218,133724500,13:37:25,71490,41946,115970,14971311950,2,1,714900
cu2203,20220218,20220218,133725000,13:37:25,71500,41948,115971,14972026900,2,1,714950
cu2203,20220218,20220218,133725500,13:37:26,71500,41948,115971,14972026900,0,0,0
cu2203,20220218,20220218,133726000,13:37:26,71500,41948,115971,14972026900,0,0,0
cu2203,20220218,20220218,133726500,13:37:27,71490,41949,115970,14972384350,1,-1,357450
cu2203,20220218,20220218,133729500,13:37:30,71490,41949,115970,14972384350,0,0,0
cu2203,20220218,20220218,133730000,13:37:30,71490,41949,115970,14972384350,0,0,0
cu2203,20220218,20220218,133730500,13:37:31,71490,41949,115970,14972384350,0,0,0
cu2203,20220218,20220218,133734500,13:37:34,71490,41949,115970,14972384350,0,0,0
cu2203,20220218,20220218,133738500,13:37:39,71490,41949,115970,14972384350,0,0,0
cu2203,20220218,20220218,133739000,13:37:39,71490,41954,115969,14974171600,5,-1,1787250
cu2203,20220218,20220218,133739500,13:37:39,71490,41954,115969,14974171600,0,0,0
cu2203,20220218,20220218,133740000,13:37:40,71490,41954,115969,14974171600,0,0,0
cu2203,20220218,20220218,133741500,13:37:41,71490,41954,115969,14974171600,0,0,0
cu2203,20220218,20220218,133742000,13:37:42,71490,41954,115969,14974171600,0,0,0
cu2203,20220218,20220218,133744000,13:37:45,71480,41964,115964,14977745600,10,-5,3574000
cu2203,20220218,20220218,133744500,13:37:45,71480,41964,115964,14977745600,0,0,0
cu2203,20220218,20220218,133746500,13:37:47,71490,41986,115976,14985609500,22,12,7863900
cu2203,20220218,20220218,133747000,13:37:47,71490,41986,115976,14985609500,0,0,0
cu2203,20220218,20220218,133747500,13:37:48,71490,41987,115976,14985966950,1,0,357450
cu2203,20220218,20220218,133748000,13:37:48,71490,41987,115976,14985966950,0,0,0
cu2203,20220218,20220218,133752500,13:37:54,71490,41987,115976,14985966950,0,0,0
cu2203,20220218,20220218,133753000,13:37:54,71490,41987,115976,14985966950,0,0,0
cu2203,20220218,20220218,133758000,13:37:58,71490,41987,115976,14985966950,0,0,0
cu2203,20220218,20220218,133759000,13:38:00,71490,41987,115976,14985966950,0,0,0
cu2203,20220218,20220218,133800500,13:38:02,71490,41987,115976,14985966950,0,0,0
cu2203,20220218,20220218,133801000,13:38:03,71490,41987,115976,14985966950,0,0,0
cu2203,20220218,20220218,133802000,13:38:03,71490,41987,115976,14985966950,0,0,0
cu2203,20220218,20220218,133802500,13:38:06,71490,41987,115976,14985966950,0,0,0
cu2203,20220218,20220218,133803000,13:38:06,71490,41987,115976,14985966950,0,0,0
cu2203,20220218,20220218,133804500,13:38:06,71490,41987,115976,14985966950,0,0,0
cu2203,20220218,20220218,133806000,13:38:08,71490,41987,115976,14985966950,0,0,0
cu2203,20220218,20220218,133809000,13:38:09,71490,41987,115976,14985966950,0,0,0
cu2203,20220218,20220218,133809500,13:38:10,71490,41987,115976,14985966950,0,0,0
cu2203,20220218,20220218,133810500,13:38:11,71490,41999,115977,14990256300,12,1,4289350
cu2203,20220218,20220218,133812000,13:38:14,71490,41999,115977,14990256300,0,0,0
cu2203,20220218,20220218,133812500,13:38:14,71490,42011,115966,14994545700,12,-11,4289400
cu2203,20220218,20220218,133813000,13:38:15,71490,42011,115966,14994545700,0,0,0
cu2203,20220218,20220218,133814500,13:38:17,71490,42011,115966,14994545700,0,0,0
cu2203,20220218,20220218,133817000,13:38:18,71490,42011,115966,14994545700,0,0,0
cu2203,20220218,20220218,133821500,13:38:23,71490,42011,115966,14994545700,0,0,0
cu2203,20220218,20220218,133836500,13:38:43,71490,42011,115966,14994545700,0,0,0
cu2203,20220218,20220218,133844000,13:38:44,71490,42011,115966,14994545700,0,0,0
cu2203,20220218,20220218,133845500,13:38:45,71490,42011,115966,14994545700,0,0,0
cu2203,20220218,20220218,133846000,13:38:46,71490,42011,115966,14994545700,0,0,0
cu2203,20220218,20220218,133847000,13:38:47,71490,42046,115962,15007058150,35,-4,12512450
cu2203,20220218,20220218,133912000,13:39:12,71490,42046,115962,15007058150,0,0,0
cu2203,20220218,20220218,133913500,13:39:13,71500,42047,115961,15007415650,1,-1,357500
cu2203,20220218,20220218,133914000,13:39:15,71500,42064,115946,15013493150,17,-15,6077500
cu2203,20220218,20220218,133914500,13:39:18,71500,42066,115945,15014208150,2,-1,715000
cu2203,20220218,20220218,133915000,13:39:18,71490,42069,115944,15015280600,3,-1,1072450
cu2203,20220218,20220218,133916500,13:39:19,71490,42069,115944,15015280600,0,0,0
cu2203,20220218,20220218,133919000,13:39:19,71490,42069,115944,15015280600,0,0,0
cu2203,20220218,20220218,133920000,13:39:20,71490,42096,115949,15024931750,27,5,9651150
cu2203,20220218,20220218,133922000,13:39:22,71490,42098,115947,15025646650,2,-2,714900
cu2203,20220218,20220218,133923000,13:39:23,71500,42102,115946,15027076650,4,-1,1430000
cu2203,20220218,20220218,133924000,13:39:24,71500,42102,115946,15027076650,0,0,0
cu2203,20220218,20220218,133931500,13:39:31,71500,42102,115946,15027076650,0,0,0
cu2203,20220218,20220218,133933500,13:39:33,71500,42102,115946,15027076650,0,0,0
cu2203,20220218,20220218,133935000,13:39:35,71500,42102,115946,15027076650,0,0,0
cu2203,20220218,20220218,133936000,13:39:36,71480,42106,115949,15028506250,4,3,1429600
cu2203,20220218,20220218,133939000,13:39:39,71480,42108,115950,15029221050,2,1,714800
cu2203,20220218,20220218,133940000,13:39:40,71470,42126,115963,15035654200,18,13,6433150
cu2203,20220218,20220218,133940500,13:39:41,71470,42127,115963,15036011550,1,0,357350
cu2203,20220218,20220218,133941500,13:39:41,71470,42127,115963,15036011550,0,0,0
cu2203,20220218,20220218,133944000,13:39:44,71470,42127,115963,15036011550,0,0,0
cu2203,20220218,20220218,133945000,13:39:45,71470,42129,115963,15036726250,2,0,714700
cu2203,20220218,20220218,133945500,13:39:46,71460,42148,115976,15043515000,19,13,6788750
cu2203,20220218,20220218,133946000,13:39:47,71480,42154,115981,15045659200,6,5,2144200
cu2203,20220218,20220218,133950000,13:39:50,71480,42154,115981,15045659200,0,0,0
cu2203,20220218,20220218,133950500,13:39:50,71480,42154,115981,15045659200,0,0,0
cu2203,20220218,20220218,133952000,13:39:53,71480,42154,115981,15045659200,0,0,0
cu2203,20220218,20220218,133952500,13:39:53,71480,42154,115981,15045659200,0,0,0
cu2203,20220218,20220218,133953000,13:39:54,71480,42154,115981,15045659200,0,0,0
cu2203,20220218,20220218,133954000,13:39:55,71480,42154,115981,15045659200,0,0,0
cu2203,20220218,20220218,133955500,13:39:55,71480,42176,115960,15053522000,22,-21,7862800
cu2203,20220218,20220218,133956000,13:39:56,71480,42176,115960,15053522000,0,0,0
cu2203,20220218,20220218,133956500,13:39:57,71480,42176,115960,15053522000,0,0,0
cu2203,20220218,20220218,133957000,13:39:59,71480,42176,115960,15053522000,0,0,0
cu2203,20220218,20220218,133957500,13:40:13,71480,42176,115960,15053522000,0,0,0
cu2203,20220218,20220218,133958000,13:40:13,71480,42176,115960,15053522000,0,0,0
cu2203,20220218,20220218,134008500,13:40:13,71490,42181,115963,15055309050,5,3,1787050
cu2203,20220218,20220218,134018000,13:40:19,71490,42181,115963,15055309050,0,0,0
cu2203,20220218,20220218,134018500,13:40:19,71490,42181,115963,15055309050,0,0,0
cu2203,20220218,20220218,134019000,13:40:19,71490,42181,115963,15055309050,0,0,0
cu2203,20220218,20220218,134019500,13:40:20,71490,42181,115963,15055309050,0,0,0
cu2203,20220218,20220218,134020000,13:40:20,71490,42181,115963,15055309050,0,0,0
cu2203,20220218,20220218,134020500,13:40:21,71490,42181,115963,15055309050,0,0,0
cu2203,20220218,20220218,134021000,13:40:22,71490,42183,115965,15056023950,2,2,714900
cu2203,20220218,20220218,134021500,13:40:22,71490,42183,115965,15056023950,0,0,0
cu2203,20220218,20220218,134022000,13:40:22,71500,42189,115965,15058168800,6,0,2144850
cu2203,20220218,20220218,134022500,13:40:22,71490,42199,115960,15061743350,10,-5,3574550
cu2203,20220218,20220218,134023000,13:40:23,71500,42201,115960,15062458350,2,0,715000
cu2203,20220218,20220218,134023500,13:40:24,71500,42201,115960,15062458350,0,0,0
cu2203,20220218,20220218,134024000,13:40:25,71500,42201,115960,15062458350,0,0,0
cu2203,20220218,20220218,134024500,13:40:25,71500,42201,115960,15062458350,0,0,0
cu2203,20220218,20220218,134025000,13:40:25,71500,42201,115960,15062458350,0,0,0
cu2203,20220218,20220218,134025500,13:40:26,71500,42201,115960,15062458350,0,0,0
cu2203,20220218,20220218,134026000,13:40:26,71500,42201,115960,15062458350,0,0,0
cu2203,20220218,20220218,134026500,13:40:27,71500,42201,115960,15062458350,0,0,0
cu2203,20220218,20220218,134027000,13:40:27,71500,42201,115960,15062458350,0,0,0
cu2203,20220218,20220218,134027500,13:40:28,71500,42203,115961,15063173350,2,1,715000
cu2203,20220218,20220218,134028000,13:40:28,71500,42206,115963,15064245850,3,2,1072500
cu2203,20220218,20220218,134028500,13:40:30,71500,42206,115963,15064245850,0,0,0
cu2203,20220218,20220218,134030000,13:40:30,71500,42206,115963,15064245850,0,0,0
cu2203,20220218,20220218,134031000,13:40:31,71500,42206,115963,15064245850,0,0,0
cu2203,20220218,20220218,134031500,13:40:32,71500,42206,115963,15064245850,0,0,0
cu2203,20220218,20220218,134032000,13:40:32,71500,42206,115963,15064245850,0,0,0
cu2203,20220218,20220218,134032500,13:40:32,71500,42206,115963,15064245850,0,0,0
cu2203,20220218,20220218,134033000,13:40:34,71500,42208,115963,15064960850,2,0,715000
cu2203,20220218,20220218,134034000,13:40:34,71500,42208,115963,15064960850,0,0,0
cu2203,20220218,20220218,134034500,13:40:35,71500,42225,115980,15071038350,17,17,6077500
cu2203,20220218,20220218,134036000,13:40:36,71500,42226,115979,15071395850,1,-1,357500
cu2203,20220218,20220218,134040500,13:40:42,71500,42226,115979,15071395850,0,0,0
cu2203,20220218,20220218,134041000,13:40:42,71500,42245,115980,15078188350,19,1,6792500
cu2203,20220218,20220218,134041500,13:40:42,71500,42262,115996,15084265800,17,16,6077450
cu2203,20220218,20220218,134042000,13:40:42,71500,42262,115996,15084265800,0,0,0
cu2203,20220218,20220218,134042500,13:40:42,71500,42262,115996,15084265800,0,0,0
cu2203,20220218,20220218,134043000,13:40:43,71500,42262,115996,15084265800,0,0,0
cu2203,20220218,20220218,134043500,13:40:44,71500,42262,115996,15084265800,0,0,0
cu2203,20220218,20220218,134045000,13:40:45,71500,42268,115996,15086410800,6,0,2145000
cu2203,20220218,20220218,134045500,13:40:45,71500,42269,115996,15086768300,1,0,357500
cu2203,20220218,20220218,134047000,13:40:47,71500,42269,115996,15086768300,0,0,0
cu2203,20220218,20220218,134047500,13:40:47,71500,42269,115996,15086768300,0,0,0
cu2203,20220218,20220218,134048000,13:40:48,71500,42269,115996,15086768300,0,0,0
cu2203,20220218,20220218,134048500,13:40:48,71500,42269,115996,15086768300,0,0,0
cu2203,20220218,20220218,134052500,13:40:55,71500,42270,115997,15087125800,1,1,357500
cu2203,20220218,20220218,134055000,13:40:55,71500,42270,115997,15087125800,0,0,0
cu2203,20220218,20220218,134056000,13:40:58,71500,42270,115997,15087125800,0,0,0
cu2203,20220218,20220218,134056500,13:40:58,71500,42285,115989,15092488300,15,-8,5362500
cu2203,20220218,20220218,134057000,13:40:58,71500,42285,115989,15092488300,0,0,0
cu2203,20220218,20220218,134057500,13:40:58,71500,42287,115988,15093203300,2,-1,715000
cu2203,20220218,20220218,134058000,13:40:58,71500,42287,115988,15093203300,0,0,0
cu2203,20220218,20220218,134059500,13:41:00,71500,42287,115988,15093203300,0,0,0
cu2203,20220218,20220218,134103500,13:41:05,71500,42287,115988,15093203300,0,0,0
cu2203,20220218,20220218,134105000,13:41:06,71500,42287,115988,15093203300,0,0,0
cu2203,20220218,20220218,134105500,13:41:06,71500,42287,115988,15093203300,0,0,0
cu2203,20220218,20220218,134106000,13:41:07,71500,42287,115988,15093203300,0,0,0
cu2203,20220218,20220218,134106500,13:41:07,71510,42295,115985,15096063700,8,-3,2860400
cu2203,20220218,20220218,134107000,13:41:09,71510,42295,115985,15096063700,0,0,0
cu2203,20220218,20220218,134107500,13:41:09,71510,42295,115985,15096063700,0,0,0
cu2203,20220218,20220218,134108000,13:41:09,71510,42295,115985,15096063700,0,0,0
cu2203,20220218,20220218,134109000,13:41:10,71510,42301,115987,15098209000,6,2,2145300
cu2203,20220218,20220218,134109500,13:41:10,71510,42302,115987,15098566550,1,0,357550
cu2203,20220218,20220218,134110500,13:41:10,71510,42302,115987,15098566550,0,0,0
cu2203,20220218,20220218,134111000,13:41:11,71510,42307,115992,15100354300,5,5,1787750
cu2203,20220218,20220218,134111500,13:41:12,71510,42318,115992,15104287350,11,0,3933050
cu2203,20220218,20220218,134113000,13:41:13,71510,42318,115992,15104287350,0,0,0
cu2203,20220218,20220218,134115000,13:41:16,71520,42319,115992,15104644950,1,0,357600
cu2203,20220218,20220218,134116500,13:41:17,71520,42319,115992,15104644950,0,0,0
cu2203,20220218,20220218,134117000,13:41:17,71520,42328,115988,15107863350,9,-4,3218400
cu2203,20220218,20220218,134117500,13:41:19,71520,42328,115988,15107863350,0,0,0
cu2203,20220218,20220218,134118000,13:41:19,71520,42328,115988,15107863350,0,0,0
cu2203,20220218,20220218,134119500,13:41:20,71520,42328,115988,15107863350,0,0,0
cu2203,20220218,20220218,134120000,13:41:20,71520,42328,115988,15107863350,0,0,0
cu2203,20220218,20220218,134120500,13:41:23,71520,42328,115988,15107863350,0,0,0
cu2203,20220218,20220218,134121500,13:41:24,71520,42328,115988,15107863350,0,0,0
cu2203,20220218,20220218,134123000,13:41:24,71520,42329,115987,15108220950,1,-1,357600
cu2203,20220218,20220218,134123500,13:41:24,71520,42329,115987,15108220950,0,0,0
cu2203,20220218,20220218,134124000,13:41:24,71530,42360,115974,15119308100,31,-13,11087150
cu2203,20220218,20220218,134124500,13:41:26,71530,42367,115968,15121811650,7,-6,2503550
cu2203,20220218,20220218,134125000,13:41:27,71520,42369,115968,15122526850,2,0,715200
cu2203,20220218,20220218,134125500,13:41:27,71510,42410,115993,15137189600,41,25,14662750
cu2203,20220218,20220218,134126000,13:41:27,71510,42417,115993,15139692650,7,0,2503050
cu2203,20220218,20220218,134126500,13:41:27,71510,42417,115993,15139692650,0,0,0
cu2203,20220218,20220218,134127000,13:41:27,71510,42417,115993,15139692650,0,0,0
cu2203,20220218,20220218,134127500,13:41:27,71510,42417,115993,15139692650,0,0,0
cu2203,20220218,20220218,134128500,13:41:28,71510,42417,115993,15139692650,0,0,0
cu2203,20220218,20220218,134129000,13:41:29,71510,42417,115993,15139692650,0,0,0
