cu2207,20220218,20220218,111956500,11:20:09,71440,1990,11756,708230550,1990,1377,708230550
cu2207,20220218,20220218,112004500,11:20:09,71440,1990,11756,708230550,0,0,0
cu2207,20220218,20220218,112006000,11:20:10,71440,1990,11756,708230550,0,0,0
cu2207,20220218,20220218,112007500,11:20:10,71440,1990,11756,708230550,0,0,0
cu2207,20220218,20220218,112008000,11:20:10,71440,1990,11756,708230550,0,0,0
cu2207,20220218,20220218,112009500,11:20:10,71440,1990,11756,708230550,0,0,0
cu2207,20220218,20220218,112014500,11:20:14,71440,1990,11756,708230550,0,0,0
cu2207,20220218,20220218,112017500,11:20:17,71440,1990,11756,708230550,0,0,0
cu2207,20220218,20220218,112018000,11:20:18,71440,1990,11756,708230550,0,0,0
cu2207,20220218,20220218,112020500,11:20:21,71440,1990,11756,708230550,0,0,0
cu2207,20220218,20220218,112023000,11:20:23,71440,1990,11756,708230550,0,0,0
cu2207,20220218,20220218,112026500,11:20:26,71440,1990,11756,708230550,0,0,0
cu2207,20220218,20220218,112028000,11:20:28,71440,1990,11756,708230550,0,0,0
cu2207,20220218,20220218,112028500,11:20:28,71440,1990,11756,708230550,0,0,0
cu2207,20220218,20220218,112030000,11:20:31,71440,1990,11756,708230550,0,0,0
cu2207,20220218,20220218,112030500,11:20:31,71440,1990,11756,708230550,0,0,0
cu2207,20220218,20220218,112031000,11:20:32,71440,1990,11756,708230550,0,0,0
cu2207,20220218,20220218,112035000,11:20:35,71440,1990,11756,708230550,0,0,0
cu2207,20220218,20220218,112037500,11:20:38,71440,1990,11756,708230550,0,0,0
cu2207,20220218,20220218,112038000,11:20:38,71440,1990,11756,708230550,0,0,0
cu2207,20220218,20220218,112038500,11:20:38,71440,1990,11756,708230550,0,0,0
cu2207,20220218,20220218,112042500,11:20:42,71440,1990,11756,708230550,0,0,0
cu2207,20220218,20220218,112043000,11:20:43,71440,1990,11756,708230550,0,0,0
cu2207,20220218,20220218,112043500,11:20:44,71440,1990,11756,708230550,0,0,0
cu2207,20220218,20220218,112044000,11:20:44,71440,1990,11756,708230550,0,0,0
cu2207,20220218,20220218,112048000,11:20:49,71440,1990,11756,708230550,0,0,0
cu2207,20220218,20220218,112048500,11:20:50,71440,1990,11756,708230550,0,0,0
cu2207,20220218,20220218,112049000,11:20:50,71440,1990,11756,708230550,0,0,0
cu2207,20220218,20220218,112049500,11:20:50,71440,1990,11756,708230550,0,0,0
cu2207,20220218,20220218,112050000,11:20:51,71440,1990,11756,708230550,0,0,0
cu2207,20220218,20220218,112053000,11:20:53,71440,1990,11756,708230550,0,0,0
cu2207,20220218,20220218,112056000,11:20:56,71440,1990,11756,708230550,0,0,0
cu2207,20220218,20220218,112056500,11:20:57,71440,1990,11756,708230550,0,0,0
cu2207,20220218,20220218,112057000,11:20:58,71440,1990,11756,708230550,0,0,0
cu2207,20220218,20220218,112057500,11:20:58,71440,1990,11756,708230550,0,0,0
cu2207,20220218,20220218,112102000,11:21:03,71440,1990,11756,708230550,0,0,0
cu2207,20220218,20220218,112102500,11:21:03,71440,1990,11756,708230550,0,0,0
cu2207,20220218,20220218,112117000,11:21:17,71470,1991,11756,708587900,1,0,357350
cu2207,20220218,20220218,112117500,11:21:18,71470,1991,11756,708587900,0,0,0
cu2207,20220218,20220218,112118000,11:21:18,71470,1991,11756,708587900,0,0,0
cu2207,20220218,20220218,112118500,11:21:18,71470,1991,11756,708587900,0,0,0
cu2207,20220218,20220218,112119000,11:21:19,71470,1991,11756,708587900,0,0,0
cu2207,20220218,20220218,112119500,11:21:20,71470,1991,11756,708587900,0,0,0
cu2207,20220218,20220218,112120000,11:21:21,71470,1991,11756,708587900,0,0,0
cu2207,20220218,20220218,112120500,11:21:22,71470,1991,11756,708587900,0,0,0
cu2207,20220218,20220218,112121000,11:21:22,71470,1991,11756,708587900,0,0,0
cu2207,20220218,20220218,112121500,11:21:22,71470,1991,11756,708587900,0,0,0
cu2207,20220218,20220218,112122000,11:21:22,71470,1991,11756,708587900,0,0,0
cu2207,20220218,20220218,112124000,11:21:24,71470,1991,11756,708587900,0,0,0
cu2207,20220218,20220218,112124500,11:21:25,71470,1991,11756,708587900,0,0,0
cu2207,20220218,20220218,112125000,11:23:32,71470,1991,11756,708587900,0,0,0
cu2207,20220218,20220218,112125500,11:23:32,71470,1991,11756,708587900,0,0,0
cu2207,20220218,20220218,112126000,11:23:33,71470,1991,11756,708587900,0,0,0
cu2207,20220218,20220218,112326000,11:23:33,71470,1991,11756,708587900,0,0,0
cu2207,20220218,20220218,112337000,11:23:38,71470,1991,11756,708587900,0,0,0
cu2207,20220218,20220218,112342500,11:23:42,71470,1991,11756,708587900,0,0,0
cu2207,20220218,20220218,112343500,11:23:43,71470,1991,11756,708587900,0,0,0
cu2207,20220218,20220218,112344000,11:23:46,71470,1991,11756,708587900,0,0,0
cu2207,20220218,20220218,112344500,11:23:48,71470,1991,11756,708587900,0,0,0
cu2207,20220218,20220218,112345000,11:23:48,71470,1991,11756,708587900,0,0,0
cu2207,20220218,20220218,112347000,11:23:48,71470,1991,11756,708587900,0,0,0
cu2207,20220218,20220218,112355000,11:23:55,71470,1991,11756,708587900,0,0,0
cu2207,20220218,20220218,112356500,11:23:56,71470,1991,11756,708587900,0,0,0
cu2207,20220218,20220218,112357000,11:23:57,71470,1991,11756,708587900,0,0,0
cu2207,20220218,20220218,112357500,11:23:57,71470,2035,11770,724315400,44,14,15727500
cu2207,20220218,20220218,112358000,11:23:58,71480,2037,11772,725030200,2,2,714800
cu2207,20220218,20220218,112400000,11:24:00,71480,2037,11772,725030200,0,0,0
cu2207,20220218,20220218,112400500,11:24:00,71480,2037,11772,725030200,0,0,0
cu2207,20220218,20220218,112401000,11:24:01,71480,2037,11772,725030200,0,0,0
cu2207,20220218,20220218,112404000,11:24:04,71480,2037,11772,725030200,0,0,0
cu2207,20220218,20220218,112404500,11:24:04,71480,2037,11772,725030200,0,0,0
cu2207,20220218,20220218,112406000,11:24:06,71480,2037,11772,725030200,0,0,0
cu2207,20220218,20220218,112409000,11:24:11,71480,2037,11772,725030200,0,0,0
cu2207,20220218,20220218,112409500,11:24:12,71480,2037,11772,725030200,0,0,0
cu2207,20220218,20220218,112411000,11:24:12,71480,2037,11772,725030200,0,0,0
cu2207,20220218,20220218,112414000,11:24:14,71480,2037,11772,725030200,0,0,0
cu2207,20220218,20220218,112415000,11:24:15,71480,2037,11772,725030200,0,0,0
cu2207,20220218,20220218,112416000,11:24:16,71480,2037,11772,725030200,0,0,0
cu2207,20220218,20220218,112417500,11:24:18,71480,2037,11772,725030200,0,0,0
cu2207,20220218,20220218,112418000,11:24:18,71480,2037,11772,725030200,0,0,0
cu2207,20220218,20220218,112418500,11:24:19,71480,2037,11772,725030200,0,0,0
cu2207,20220218,20220218,112424000,11:24:24,71480,2037,11772,725030200,0,0,0
cu2207,20220218,20220218,112426000,11:24:26,71480,2037,11772,725030200,0,0,0
cu2207,20220218,20220218,112428500,11:24:28,71480,2037,11772,725030200,0,0,0
cu2207,20220218,20220218,112429000,11:24:29,71480,2037,11772,725030200,0,0,0
cu2207,20220218,20220218,112429500,11:24:29,71480,2037,11772,725030200,0,0,0
cu2207,20220218,20220218,112434500,11:24:34,71470,2039,11772,725744900,2,0,714700
cu2207,20220218,20220218,112435000,11:24:35,71480,2040,11773,726102300,1,1,357400
cu2207,20220218,20220218,112435500,11:24:35,71480,2041,11774,726459700,1,1,357400
cu2207,20220218,20220218,112436000,11:24:36,71480,2041,11774,726459700,0,0,0
cu2207,20220218,20220218,112440000,11:24:40,71480,2041,11774,726459700,0,0,0
cu2207,20220218,20220218,112440500,11:24:40,71480,2041,11774,726459700,0,0,0
cu2207,20220218,20220218,112441000,11:24:41,71480,2041,11774,726459700,0,0,0
cu2207,20220218,20220218,112442000,11:24:42,71480,2041,11774,726459700,0,0,0
cu2207,20220218,20220218,112443000,11:24:43,71480,2041,11774,726459700,0,0,0
cu2207,20220218,20220218,112445000,11:24:45,71480,2041,11774,726459700,0,0,0
cu2207,20220218,20220218,112451000,11:24:51,71480,2041,11774,726459700,0,0,0
cu2207,20220218,20220218,112451500,11:24:52,71480,2041,11774,726459700,0,0,0
cu2207,20220218,20220218,112452000,11:24:52,71480,2041,11774,726459700,0,0,0
cu2207,20220218,20220218,112453000,11:24:53,71480,2041,11774,726459700,0,0,0
cu2207,20220218,20220218,112454000,11:24:54,71480,2041,11774,726459700,0,0,0
cu2207,20220218,20220218,112454500,11:24:54,71480,2041,11774,726459700,0,0,0
cu2207,20220218,20220218,112456500,11:24:56,71480,2041,11774,726459700,0,0,0
cu2207,20220218,20220218,112457000,11:24:57,71480,2041,11774,726459700,0,0,0
cu2207,20220218,20220218,112501000,11:25:02,71480,2041,11774,726459700,0,0,0
cu2207,20220218,20220218,112502000,11:25:05,71480,2041,11774,726459700,0,0,0
cu2207,20220218,20220218,112502500,11:25:06,71480,2041,11774,726459700,0,0,0
cu2207,20220218,20220218,112504000,11:25:06,71480,2041,11774,726459700,0,0,0
cu2207,20220218,20220218,112505000,11:25:06,71480,2041,11774,726459700,0,0,0
cu2207,20220218,20220218,112507000,11:25:07,71480,2041,11774,726459700,0,0,0
cu2207,20220218,20220218,112508000,11:25:08,71480,2041,11774,726459700,0,0,0
cu2207,20220218,20220218,112508500,11:25:08,71480,2041,11774,726459700,0,0,0
cu2207,20220218,20220218,112509500,11:25:09,71480,2041,11774,726459700,0,0,0
cu2207,20220218,20220218,112513000,11:25:13,71480,2041,11774,726459700,0,0,0
cu2207,20220218,20220218,112515000,11:25:16,71480,2041,11774,726459700,0,0,0
cu2207,20220218,20220218,112515500,11:25:16,71480,2041,11774,726459700,0,0,0
cu2207,20220218,20220218,112516000,11:25:16,71480,2041,11774,726459700,0,0,0
cu2207,20220218,20220218,112517500,11:25:18,71480,2041,11774,726459700,0,0,0
cu2207,20220218,20220218,112518000,11:25:18,71480,2041,11774,726459700,0,0,0
cu2207,20220218,20220218,112521000,11:25:22,71480,2041,11774,726459700,0,0,0
cu2207,20220218,20220218,112524500,11:25:25,71480,2041,11774,726459700,0,0,0
cu2207,20220218,20220218,112525000,11:25:25,71480,2041,11774,726459700,0,0,0
cu2207,20220218,20220218,112527000,11:25:28,71480,2041,11774,726459700,0,0,0
cu2207,20220218,20220218,112529500,11:25:30,71480,2041,11774,726459700,0,0,0
cu2207,20220218,20220218,112530000,11:25:31,71480,2041,11774,726459700,0,0,0
cu2207,20220218,20220218,112530500,11:25:31,71480,2041,11774,726459700,0,0,0
cu2207,20220218,20220218,112532000,11:25:32,71480,2041,11774,726459700,0,0,0
cu2207,20220218,20220218,112536500,11:25:37,71480,2041,11774,726459700,0,0,0
cu2207,20220218,20220218,112537000,11:25:38,71480,2041,11774,726459700,0,0,0
cu2207,20220218,20220218,112542000,11:25:42,71480,2041,11774,726459700,0,0,0
cu2207,20220218,20220218,112545000,11:25:45,71480,2041,11774,726459700,0,0,0
cu2207,20220218,20220218,112549000,11:25:49,71480,2041,11774,726459700,0,0,0
cu2207,20220218,20220218,112550500,11:25:51,71480,2041,11774,726459700,0,0,0
cu2207,20220218,20220218,112552000,11:25:52,71480,2041,11774,726459700,0,0,0
cu2207,20220218,20220218,112625500,11:26:26,71480,2041,11774,726459700,0,0,0
cu2207,20220218,20220218,112633000,11:26:33,71480,2041,11774,726459700,0,0,0
cu2207,20220218,20220218,112633500,11:26:34,71480,2041,11774,726459700,0,0,0
cu2207,20220218,20220218,112637000,11:26:39,71480,2041,11774,726459700,0,0,0
cu2207,20220218,20220218,112651000,11:27:10,71480,2041,11774,726459700,0,0,0
cu2207,20220218,20220218,112710000,11:27:12,71480,2041,11774,726459700,0,0,0
cu2207,20220218,20220218,112711500,11:27:12,71480,2041,11774,726459700,0,0,0
cu2207,20220218,20220218,112713500,11:27:14,71480,2041,11774,726459700,0,0,0
cu2207,20220218,20220218,112716500,11:27:17,71480,2041,11774,726459700,0,0,0
cu2207,20220218,20220218,112724000,11:27:27,71480,2041,11774,726459700,0,0,0
cu2207,20220218,20220218,112726500,11:27:27,71480,2041,11774,726459700,0,0,0
cu2207,20220218,20220218,112728000,11:27:28,71480,2041,11774,726459700,0,0,0
cu2207,20220218,20220218,112729000,11:27:29,71480,2041,11774,726459700,0,0,0
cu2207,20220218,20220218,112743000,11:27:43,71480,2041,11774,726459700,0,0,0
cu2207,20220218,20220218,112743500,11:27:43,71480,2041,11774,726459700,0,0,0
cu2207,20220218,20220218,112744000,11:27:44,71480,2041,11774,726459700,0,0,0
cu2207,20220218,20220218,112744500,11:27:45,71480,2041,11774,726459700,0,0,0
cu2207,20220218,20220218,112749500,11:27:54,71480,2041,11774,726459700,0,0,0
cu2207,20220218,20220218,112750000,11:27:54,71480,2041,11774,726459700,0,0,0
cu2207,20220218,20220218,112754500,11:27:55,71480,2041,11774,726459700,0,0,0
cu2207,20220218,20220218,112755000,11:27:55,71480,2041,11774,726459700,0,0,0
cu2207,20220218,20220218,112757000,11:27:57,71480,2041,11774,726459700,0,0,0
cu2207,20220218,20220218,112758000,11:27:58,71480,2041,11774,726459700,0,0,0
cu2207,20220218,20220218,112759500,11:27:59,71480,2041,11774,726459700,0,0,0
cu2207,20220218,20220218,112800500,11:28:01,71480,2041,11774,726459700,0,0,0
cu2207,20220218,20220218,112802500,11:28:03,71480,2041,11774,726459700,0,0,0
cu2207,20220218,20220218,112806000,11:28:10,71480,2041,11774,726459700,0,0,0
cu2207,20220218,20220218,112809500,11:28:11,71480,2041,11774,726459700,0,0,0
cu2207,20220218,20220218,112822000,11:28:22,71480,2041,11774,726459700,0,0,0
cu2207,20220218,20220218,112830500,11:28:31,71480,2041,11774,726459700,0,0,0
cu2207,20220218,20220218,112831000,11:28:31,71480,2041,11774,726459700,0,0,0
cu2207,20220218,20220218,112831500,11:28:31,71480,2041,11774,726459700,0,0,0
cu2207,20220218,20220218,112832000,11:28:32,71480,2041,11774,726459700,0,0,0
cu2207,20220218,20220218,112832500,11:28:33,71480,2041,11774,726459700,0,0,0
cu2207,20220218,20220218,112833500,11:28:34,71480,2041,11774,726459700,0,0,0
cu2207,20220218,20220218,112834000,11:28:34,71480,2041,11774,726459700,0,0,0
cu2207,20220218,20220218,112834500,11:28:34,71480,2041,11774,726459700,0,0,0
cu2207,20220218,20220218,112835000,11:28:35,71480,2041,11774,726459700,0,0,0
cu2207,20220218,20220218,112835500,11:28:37,71480,2041,11774,726459700,0,0,0
cu2207,20220218,20220218,112841000,11:28:41,71480,2041,11774,726459700,0,0,0
cu2207,20220218,20220218,112841500,11:28:41,71480,2041,11774,726459700,0,0,0
cu2207,20220218,20220218,112901000,11:29:01,71480,2041,11774,726459700,0,0,0
cu2207,20220218,20220218,112903000,11:29:03,71480,2041,11774,726459700,0,0,0
cu2207,20220218,20220218,112908000,11:29:08,71480,2041,11774,726459700,0,0,0
cu2207,20220218,20220218,112909000,11:29:09,71480,2041,11774,726459700,0,0,0
cu2207,20220218,20220218,112918000,11:29:21,71480,2041,11774,726459700,0,0,0
cu2207,20220218,20220218,112918500,11:29:21,71480,2041,11774,726459700,0,0,0
cu2207,20220218,20220218,112922500,11:29:24,71480,2041,11774,726459700,0,0,0
cu2207,20220218,20220218,112928500,11:29:29,71480,2041,11774,726459700,0,0,0
cu2207,20220218,20220218,112931000,11:29:32,71480,2041,11774,726459700,0,0,0
cu2207,20220218,20220218,112932000,11:29:36,71480,2041,11774,726459700,0,0,0
cu2207,20220218,20220218,112933000,11:29:37,71480,2041,11774,726459700,0,0,0
cu2207,20220218,20220218,112935500,11:29:38,71480,2041,11774,726459700,0,0,0
cu2207,20220218,20220218,112938500,11:29:39,71480,2041,11774,726459700,0,0,0
cu2207,20220218,20220218,112941000,11:29:41,71480,2041,11774,726459700,0,0,0
cu2207,20220218,20220218,112942500,11:29:44,71480,2041,11774,726459700,0,0,0
cu2207,20220218,20220218,112946500,11:29:47,71480,2041,11774,726459700,0,0,0
cu2207,20220218,20220218,112947000,11:29:47,71480,2041,11774,726459700,0,0,0
cu2207,20220218,20220218,112947500,11:29:48,71480,2041,11774,726459700,0,0,0
cu2207,20220218,20220218,112948000,11:29:49,71480,2041,11774,726459700,0,0,0
cu2207,20220218,20220218,112948500,11:29:50,71480,2041,11774,726459700,0,0,0
cu2207,20220218,20220218,112950000,11:29:51,71480,2041,11774,726459700,0,0,0
cu2207,20220218,20220218,112950500,11:29:51,71480,2041,11774,726459700,0,0,0
cu2207,20220218,20220218,112959500,11:30:02,71480,2041,11774,726459700,0,0,0
cu2207,20220218,20220218,113001500,11:30:03,71480,2041,11774,726459700,0,0,0
cu2207,20220218,20220218,133002000,13:30:08,71480,2041,11774,726459700,0,0,0
cu2207,20220218,20220218,133002500,13:30:10,71430,2046,11774,728245450,5,0,1785750
cu2207,20220218,20220218,133008000,13:30:10,71430,2046,11774,728245450,0,0,0
cu2207,20220218,20220218,133009000,13:30:10,71430,2046,11774,728245450,0,0,0
cu2207,20220218,20220218,133010000,13:30:11,71430,2046,11774,728245450,0,0,0
cu2207,20220218,20220218,133011000,13:30:13,71430,2046,11774,728245450,0,0,0
cu2207,20220218,20220218,133013000,13:30:14,71430,2046,11774,728245450,0,0,0
cu2207,20220218,20220218,133014500,13:30:17,71430,2046,11774,728245450,0,0,0
cu2207,20220218,20220218,133015000,13:30:18,71430,2046,11774,728245450,0,0,0
cu2207,20220218,20220218,133018500,13:30:20,71430,2046,11774,728245450,0,0,0
cu2207,20220218,20220218,133019000,13:30:20,71430,2046,11774,728245450,0,0,0
cu2207,20220218,20220218,133023000,13:30:40,71430,2046,11774,728245450,0,0,0
cu2207,20220218,20220218,133035000,13:30:40,71430,2046,11774,728245450,0,0,0
cu2207,20220218,20220218,133042500,13:30:44,71430,2046,11774,728245450,0,0,0
cu2207,20220218,20220218,133043000,13:30:44,71430,2046,11774,728245450,0,0,0
cu2207,20220218,20220218,133044000,13:30:46,71430,2046,11774,728245450,0,0,0
cu2207,20220218,20220218,133051000,13:30:52,71430,2046,11774,728245450,0,0,0
cu2207,20220218,20220218,133051500,13:30:52,71430,2046,11774,728245450,0,0,0
cu2207,20220218,20220218,133052000,13:30:53,71430,2046,11774,728245450,0,0,0
cu2207,20220218,20220218,133059000,13:30:59,71430,2046,11774,728245450,0,0,0
cu2207,20220218,20220218,133059500,13:31:00,71430,2046,11774,728245450,0,0,0
cu2207,20220218,20220218,133100000,13:31:00,71430,2046,11774,728245450,0,0,0
cu2207,20220218,20220218,133100500,13:31:00,71430,2046,11774,728245450,0,0,0
cu2207,20220218,20220218,133101000,13:31:01,71430,2046,11774,728245450,0,0,0
cu2207,20220218,20220218,133101500,13:31:01,71430,2046,11774,728245450,0,0,0
cu2207,20220218,20220218,133102500,13:31:03,71430,2046,11774,728245450,0,0,0
cu2207,20220218,20220218,133103000,13:31:03,71430,2046,11774,728245450,0,0,0
cu2207,20220218,20220218,133103500,13:31:05,71430,2046,11774,728245450,0,0,0
cu2207,20220218,20220218,133104000,13:31:06,71430,2046,11774,728245450,0,0,0
cu2207,20220218,20220218,133105500,13:31:08,71430,2046,11774,728245450,0,0,0
cu2207,20220218,20220218,133107000,13:31:08,71430,2046,11774,728245450,0,0,0
cu2207,20220218,20220218,133108500,13:31:09,71430,2046,11774,728245450,0,0,0
cu2207,20220218,20220218,133110000,13:31:11,71430,2046,11774,728245450,0,0,0
cu2207,20220218,20220218,133110500,13:31:11,71430,2046,11774,728245450,0,0,0
cu2207,20220218,20220218,133113500,13:31:14,71430,2046,11774,728245450,0,0,0
cu2207,20220218,20220218,133115000,13:31:15,71430,2046,11774,728245450,0,0,0
cu2207,20220218,20220218,133117500,13:31:18,71430,2046,11774,728245450,0,0,0
cu2207,20220218,20220218,133118000,13:31:19,71430,2046,11774,728245450,0,0,0
cu2207,20220218,20220218,133119500,13:31:20,71430,2046,11774,728245450,0,0,0
cu2207,20220218,20220218,133123000,13:31:25,71430,2046,11774,728245450,0,0,0
cu2207,20220218,20220218,133123500,13:31:25,71430,2046,11774,728245450,0,0,0
cu2207,20220218,20220218,133124500,13:31:25,71430,2046,11774,728245450,0,0,0
cu2207,20220218,20220218,133158500,13:31:58,71430,2046,11774,728245450,0,0,0
cu2207,20220218,20220218,133159000,13:31:59,71430,2046,11774,728245450,0,0,0
cu2207,20220218,20220218,133159500,13:32:00,71430,2046,11774,728245450,0,0,0
cu2207,20220218,20220218,133200500,13:32:01,71430,2046,11774,728245450,0,0,0
cu2207,20220218,20220218,133201000,13:32:01,71430,2046,11774,728245450,0,0,0
cu2207,20220218,20220218,133201500,13:32:01,71430,2046,11774,728245450,0,0,0
cu2207,20220218,20220218,133202000,13:32:03,71430,2046,11774,728245450,0,0,0
cu2207,20220218,20220218,133202500,13:32:04,71430,2046,11774,728245450,0,0,0
cu2207,20220218,20220218,133203000,13:32:05,71360,2048,11774,728959050,2,0,713600
cu2207,20220218,20220218,133203500,13:32:05,71360,2048,11774,728959050,0,0,0
cu2207,20220218,20220218,133204000,13:32:06,71360,2048,11774,728959050,0,0,0
cu2207,20220218,20220218,133205500,13:32:06,71360,2048,11774,728959050,0,0,0
cu2207,20220218,20220218,133206000,13:32:07,71360,2048,11774,728959050,0,0,0
cu2207,20220218,20220218,133206500,13:32:07,71360,2048,11774,728959050,0,0,0
cu2207,20220218,20220218,133207000,13:32:07,71360,2048,11774,728959050,0,0,0
cu2207,20220218,20220218,133207500,13:32:07,71360,2048,11774,728959050,0,0,0
cu2207,20220218,20220218,133208000,13:32:09,71360,2048,11774,728959050,0,0,0
cu2207,20220218,20220218,133208500,13:32:10,71360,2048,11774,728959050,0,0,0
cu2207,20220218,20220218,133209000,13:32:10,71350,2053,11774,730742800,5,0,1783750
cu2207,20220218,20220218,133209500,13:32:10,71350,2053,11774,730742800,0,0,0
cu2207,20220218,20220218,133210000,13:32:12,71350,2053,11774,730742800,0,0,0
cu2207,20220218,20220218,133210500,13:32:14,71350,2053,11774,730742800,0,0,0
cu2207,20220218,20220218,133211000,13:32:14,71350,2053,11774,730742800,0,0,0
cu2207,20220218,20220218,133213000,13:32:15,71350,2053,11774,730742800,0,0,0
cu2207,20220218,20220218,133214000,13:32:15,71350,2053,11774,730742800,0,0,0
cu2207,20220218,20220218,133215000,13:32:16,71350,2053,11774,730742800,0,0,0
cu2207,20220218,20220218,133215500,13:32:16,71350,2053,11774,730742800,0,0,0
cu2207,20220218,20220218,133216000,13:32:17,71350,2053,11774,730742800,0,0,0
cu2207,20220218,20220218,133216500,13:32:17,71350,2053,11774,730742800,0,0,0
cu2207,20220218,20220218,133217000,13:32:17,71350,2053,11774,730742800,0,0,0
cu2207,20220218,20220218,133217500,13:32:18,71350,2053,11774,730742800,0,0,0
cu2207,20220218,20220218,133218000,13:32:18,71350,2053,11774,730742800,0,0,0
cu2207,20220218,20220218,133219500,13:32:20,71350,2053,11774,730742800,0,0,0
cu2207,20220218,20220218,133220000,13:32:21,71350,2053,11774,730742800,0,0,0
cu2207,20220218,20220218,133220500,13:32:21,71350,2053,11774,730742800,0,0,0
cu2207,20220218,20220218,133221000,13:32:22,71350,2053,11774,730742800,0,0,0
cu2207,20220218,20220218,133221500,13:32:22,71350,2053,11774,730742800,0,0,0
cu2207,20220218,20220218,133222000,13:32:23,71350,2053,11774,730742800,0,0,0
cu2207,20220218,20220218,133222500,13:32:24,71350,2053,11774,730742800,0,0,0
cu2207,20220218,20220218,133223000,13:32:24,71350,2053,11774,730742800,0,0,0
cu2207,20220218,20220218,133223500,13:32:24,71350,2053,11774,730742800,0,0,0
cu2207,20220218,20220218,133224000,13:32:24,71350,2053,11774,730742800,0,0,0
cu2207,20220218,20220218,133230500,13:32:35,71350,2053,11774,730742800,0,0,0
cu2207,20220218,20220218,133232500,13:32:35,71350,2053,11774,730742800,0,0,0
cu2207,20220218,20220218,133241000,13:32:41,71350,2053,11774,730742800,0,0,0
cu2207,20220218,20220218,133246000,13:32:47,71350,2053,11774,730742800,0,0,0
cu2207,20220218,20220218,133246500,13:32:47,71350,2053,11774,730742800,0,0,0
cu2207,20220218,20220218,133247000,13:32:47,71350,2053,11774,730742800,0,0,0
cu2207,20220218,20220218,133247500,13:32:48,71350,2053,11774,730742800,0,0,0
cu2207,20220218,20220218,133248000,13:32:49,71350,2053,11774,730742800,0,0,0
cu2207,20220218,20220218,133248500,13:32:49,71350,2053,11774,730742800,0,0,0
cu2207,20220218,20220218,133250000,13:32:50,71350,2053,11774,730742800,0,0,0
cu2207,20220218,20220218,133252500,13:32:53,71350,2053,11774,730742800,0,0,0
cu2207,20220218,20220218,133255000,13:32:55,71350,2053,11774,730742800,0,0,0
cu2207,20220218,20220218,133255500,13:32:55,71350,2053,11774,730742800,0,0,0
cu2207,20220218,20220218,133256000,13:32:56,71350,2053,11774,730742800,0,0,0
cu2207,20220218,20220218,133302000,13:33:03,71350,2053,11774,730742800,0,0,0
cu2207,20220218,20220218,133302500,13:33:03,71350,2053,11774,730742800,0,0,0
cu2207,20220218,20220218,133306000,13:33:06,71350,2053,11774,730742800,0,0,0
cu2207,20220218,20220218,133306500,13:33:06,71350,2053,11774,730742800,0,0,0
cu2207,20220218,20220218,133308000,13:33:08,71350,2053,11774,730742800,0,0,0
cu2207,20220218,20220218,133309000,13:33:10,71350,2053,11774,730742800,0,0,0
cu2207,20220218,20220218,133312500,13:33:15,71350,2053,11774,730742800,0,0,0
cu2207,20220218,20220218,133314000,13:33:17,71350,2053,11774,730742800,0,0,0
cu2207,20220218,20220218,133314500,13:33:17,71350,2053,11774,730742800,0,0,0
cu2207,20220218,20220218,133315000,13:33:18,71350,2053,11774,730742800,0,0,0
cu2207,20220218,20220218,133317000,13:33:18,71350,2053,11774,730742800,0,0,0
cu2207,20220218,20220218,133318000,13:33:19,71350,2053,11774,730742800,0,0,0
cu2207,20220218,20220218,133318500,13:33:19,71350,2053,11774,730742800,0,0,0
cu2207,20220218,20220218,133319000,13:33:20,71350,2053,11774,730742800,0,0,0
cu2207,20220218,20220218,133323000,13:33:23,71350,2053,11774,730742800,0,0,0
cu2207,20220218,20220218,133323500,13:33:24,71350,2053,11774,730742800,0,0,0
cu2207,20220218,20220218,133324000,13:33:24,71350,2053,11774,730742800,0,0,0
cu2207,20220218,20220218,133328500,13:33:30,71350,2053,11774,730742800,0,0,0
cu2207,20220218,20220218,133334500,13:33:34,71350,2053,11774,730742800,0,0,0
cu2207,20220218,20220218,133335500,13:33:35,71350,2053,11774,730742800,0,0,0
cu2207,20220218,20220218,133338000,13:33:38,71350,2053,11774,730742800,0,0,0
cu2207,20220218,20220218,133338500,13:33:39,71350,2053,11774,730742800,0,0,0
cu2207,20220218,20220218,133339000,13:33:39,71350,2053,11774,730742800,0,0,0
cu2207,20220218,20220218,133339500,13:33:40,71350,2053,11774,730742800,0,0,0
cu2207,20220218,20220218,133340000,13:33:40,71350,2053,11774,730742800,0,0,0
cu2207,20220218,20220218,133345000,13:33:45,71350,2053,11774,730742800,0,0,0
cu2207,20220218,20220218,133345500,13:33:47,71350,2053,11774,730742800,0,0,0
cu2207,20220218,20220218,133346000,13:33:47,71350,2053,11774,730742800,0,0,0
cu2207,20220218,20220218,133346500,13:33:48,71350,2053,11774,730742800,0,0,0
cu2207,20220218,20220218,133347000,13:33:48,71350,2053,11774,730742800,0,0,0
cu2207,20220218,20220218,133348000,13:33:49,71350,2053,11774,730742800,0,0,0
cu2207,20220218,20220218,133348500,13:33:50,71350,2053,11774,730742800,0,0,0
cu2207,20220218,20220218,133349000,13:33:50,71350,2053,11774,730742800,0,0,0
cu2207,20220218,20220218,133352500,13:33:52,71350,2053,11774,730742800,0,0,0
cu2207,20220218,20220218,133354000,13:33:54,71350,2053,11774,730742800,0,0,0
cu2207,20220218,20220218,133355500,13:33:56,71350,2053,11774,730742800,0,0,0
cu2207,20220218,20220218,133356000,13:33:57,71350,2053,11774,730742800,0,0,0
cu2207,20220218,20220218,133356500,13:33:57,71350,2053,11774,730742800,0,0,0
cu2207,20220218,20220218,133401000,13:34:02,71350,2053,11774,730742800,0,0,0
cu2207,20220218,20220218,133402000,13:34:10,71350,2053,11774,730742800,0,0,0
cu2207,20220218,20220218,133402500,13:34:10,71350,2053,11774,730742800,0,0,0
cu2207,20220218,20220218,133409500,13:34:12,71350,2053,11774,730742800,0,0,0
cu2207,20220218,20220218,133410500,13:34:12,71350,2053,11774,730742800,0,0,0
cu2207,20220218,20220218,133413500,13:34:14,71350,2053,11774,730742800,0,0,0
cu2207,20220218,20220218,133414500,13:34:15,71350,2053,11774,730742800,0,0,0
cu2207,20220218,20220218,133415000,13:34:15,71350,2053,11774,730742800,0,0,0
cu2207,20220218,20220218,133417500,13:34:17,71350,2053,11774,730742800,0,0,0
cu2207,20220218,20220218,133418000,13:34:18,71350,2053,11774,730742800,0,0,0
cu2207,20220218,20220218,133418500,13:34:19,71350,2053,11774,730742800,0,0,0
cu2207,20220218,20220218,133419000,13:34:19,71350,2053,11774,730742800,0,0,0
cu2207,20220218,20220218,133419500,13:34:20,71350,2053,11774,730742800,0,0,0
cu2207,20220218,20220218,133420000,13:34:20,71350,2053,11774,730742800,0,0,0
cu2207,20220218,20220218,133420500,13:34:23,71350,2053,11774,730742800,0,0,0
cu2207,20220218,20220218,133423500,13:34:24,71350,2053,11774,730742800,0,0,0
cu2207,20220218,20220218,133428000,13:34:28,71350,2053,11774,730742800,0,0,0
cu2207,20220218,20220218,133430500,13:34:30,71350,2053,11774,730742800,0,0,0
cu2207,20220218,20220218,133431000,13:34:31,71350,2053,11774,730742800,0,0,0
cu2207,20220218,20220218,133433000,13:34:34,71350,2053,11774,730742800,0,0,0
cu2207,20220218,20220218,133433500,13:34:34,71350,2053,11774,730742800,0,0,0
cu2207,20220218,20220218,133434500,13:34:35,71350,2053,11774,730742800,0,0,0
cu2207,20220218,20220218,133435000,13:34:35,71350,2053,11774,730742800,0,0,0
cu2207,20220218,20220218,133435500,13:34:36,71350,2053,11774,730742800,0,0,0
cu2207,20220218,20220218,133436000,13:34:36,71350,2053,11774,730742800,0,0,0
cu2207,20220218,20220218,133436500,13:34:36,71350,2053,11774,730742800,0,0,0
cu2207,20220218,20220218,133437000,13:34:37,71350,2053,11774,730742800,0,0,0
cu2207,20220218,20220218,133437500,13:34:38,71350,2053,11774,730742800,0,0,0
cu2207,20220218,20220218,133438000,13:34:38,71350,2053,11774,730742800,0,0,0
cu2207,20220218,20220218,133438500,13:34:39,71350,2053,11774,730742800,0,0,0
cu2207,20220218,20220218,133439000,13:34:39,71350,2053,11774,730742800,0,0,0
cu2207,20220218,20220218,133439500,13:34:39,71350,2053,11774,730742800,0,0,0
cu2207,20220218,20220218,133440000,13:34:40,71350,2053,11774,730742800,0,0,0
cu2207,20220218,20220218,133440500,13:34:41,71350,2053,11774,730742800,0,0,0
cu2207,20220218,20220218,133441500,13:34:43,71350,2053,11774,730742800,0,0,0
cu2207,20220218,20220218,133442000,13:34:44,71350,2053,11774,730742800,0,0,0
cu2207,20220218,20220218,133443000,13:34:45,71350,2053,11774,730742800,0,0,0
cu2207,20220218,20220218,133444000,13:34:45,71350,2053,11774,730742800,0,0,0
cu2207,20220218,20220218,133445000,13:34:46,71350,2053,11774,730742800,0,0,0
cu2207,20220218,20220218,133445500,13:34:46,71350,2053,11774,730742800,0,0,0
cu2207,20220218,20220218,133447000,13:34:47,71350,2053,11774,730742800,0,0,0
cu2207,20220218,20220218,133448000,13:34:48,71350,2053,11774,730742800,0,0,0
cu2207,20220218,20220218,133448500,13:34:49,71350,2053,11774,730742800,0,0,0
cu2207,20220218,20220218,133454500,13:34:56,71350,2053,11774,730742800,0,0,0
cu2207,20220218,20220218,133455500,13:34:56,71350,2053,11774,730742800,0,0,0
cu2207,20220218,20220218,133500500,13:35:00,71350,2053,11774,730742800,0,0,0
cu2207,20220218,20220218,133502500,13:35:10,71350,2053,11774,730742800,0,0,0
cu2207,20220218,20220218,133509000,13:35:10,71350,2053,11774,730742800,0,0,0
cu2207,20220218,20220218,133512000,13:35:13,71350,2053,11774,730742800,0,0,0
cu2207,20220218,20220218,133512500,13:35:13,71350,2053,11774,730742800,0,0,0
cu2207,20220218,20220218,133513000,13:35:13,71350,2053,11774,730742800,0,0,0
cu2207,20220218,20220218,133513500,13:35:14,71350,2053,11774,730742800,0,0,0
cu2207,20220218,20220218,133517000,13:35:17,71350,2053,11774,730742800,0,0,0
cu2207,20220218,20220218,133517500,13:35:18,71350,2053,11774,730742800,0,0,0
cu2207,20220218,20220218,133518000,13:35:19,71350,2053,11774,730742800,0,0,0
cu2207,20220218,20220218,133518500,13:35:19,71350,2053,11774,730742800,0,0,0
cu2207,20220218,20220218,133520500,13:35:21,71350,2053,11774,730742800,0,0,0
cu2207,20220218,20220218,133521500,13:35:22,71350,2053,11774,730742800,0,0,0
cu2207,20220218,20220218,133522500,13:35:23,71350,2053,11774,730742800,0,0,0
cu2207,20220218,20220218,133523000,13:35:23,71350,2053,11774,730742800,0,0,0
cu2207,20220218,20220218,133523500,13:35:23,71350,2053,11774,730742800,0,0,0
cu2207,20220218,20220218,133524000,13:35:25,71350,2053,11774,730742800,0,0,0
cu2207,20220218,20220218,133525500,13:35:26,71350,2053,11774,730742800,0,0,0
cu2207,20220218,20220218,133526000,13:35:26,71350,2053,11774,730742800,0,0,0
cu2207,20220218,20220218,133526500,13:35:27,71350,2053,11774,730742800,0,0,0
cu2207,20220218,20220218,133527000,13:35:31,71350,2053,11774,730742800,0,0,0
cu2207,20220218,20220218,133528000,13:35:32,71350,2053,11774,730742800,0,0,0
cu2207,20220218,20220218,133531000,13:35:33,71350,2053,11774,730742800,0,0,0
cu2207,20220218,20220218,133539500,13:35:43,71350,2053,11774,730742800,0,0,0
cu2207,20220218,20220218,133543500,13:35:44,71350,2053,11774,730742800,0,0,0
cu2207,20220218,20220218,133544000,13:35:44,71350,2053,11774,730742800,0,0,0
cu2207,20220218,20220218,133544500,13:35:45,71350,2053,11774,730742800,0,0,0
cu2207,20220218,20220218,133545500,13:35:46,71350,2053,11774,730742800,0,0,0
cu2207,20220218,20220218,133547000,13:35:47,71350,2053,11774,730742800,0,0,0
cu2207,20220218,20220218,133548500,13:35:48,71350,2053,11774,730742800,0,0,0
cu2207,20220218,20220218,133549000,13:35:49,71350,2053,11774,730742800,0,0,0
cu2207,20220218,20220218,133549500,13:35:49,71350,2053,11774,730742800,0,0,0
cu2207,20220218,20220218,133550000,13:35:50,71350,2053,11774,730742800,0,0,0
cu2207,20220218,20220218,133552000,13:35:52,71350,2053,11774,730742800,0,0,0
cu2207,20220218,20220218,133552500,13:35:53,71380,2054,11775,731099700,1,1,356900
cu2207,20220218,20220218,133553000,13:35:53,71380,2054,11775,731099700,0,0,0
cu2207,20220218,20220218,133553500,13:35:55,71380,2054,11775,731099700,0,0,0
cu2207,20220218,20220218,133554500,13:35:56,71380,2054,11775,731099700,0,0,0
cu2207,20220218,20220218,133559500,13:36:03,71380,2054,11775,731099700,0,0,0
cu2207,20220218,20220218,133601000,13:36:03,71380,2054,11775,731099700,0,0,0
cu2207,20220218,20220218,133602000,13:36:03,71380,2054,11775,731099700,0,0,0
cu2207,20220218,20220218,133609000,13:36:09,71380,2054,11775,731099700,0,0,0
cu2207,20220218,20220218,133613000,13:36:13,71380,2054,11775,731099700,0,0,0
cu2207,20220218,20220218,133613500,13:36:14,71380,2054,11775,731099700,0,0,0
cu2207,20220218,20220218,133614000,13:36:14,71380,2054,11775,731099700,0,0,0
cu2207,20220218,20220218,133620000,13:36:20,71380,2054,11775,731099700,0,0,0
cu2207,20220218,20220218,133620500,13:36:20,71380,2054,11775,731099700,0,0,0
cu2207,20220218,20220218,133621000,13:36:21,71380,2054,11775,731099700,0,0,0
cu2207,20220218,20220218,133628500,13:36:29,71380,2055,11776,731456600,1,1,356900
cu2207,20220218,20220218,133629000,13:36:30,71380,2055,11776,731456600,0,0,0
cu2207,20220218,20220218,133630000,13:36:30,71380,2055,11776,731456600,0,0,0
cu2207,20220218,20220218,133630500,13:36:31,71380,2055,11776,731456600,0,0,0
cu2207,20220218,20220218,133631000,13:36:31,71380,2055,11776,731456600,0,0,0
cu2207,20220218,20220218,133631500,13:36:31,71380,2055,11776,731456600,0,0,0
cu2207,20220218,20220218,133634000,13:36:34,71380,2055,11776,731456600,0,0,0
cu2207,20220218,20220218,133636500,13:36:36,71380,2055,11776,731456600,0,0,0
cu2207,20220218,20220218,133637000,13:36:38,71380,2055,11776,731456600,0,0,0
cu2207,20220218,20220218,133637500,13:36:38,71380,2055,11776,731456600,0,0,0
cu2207,20220218,20220218,133638000,13:36:39,71380,2055,11776,731456600,0,0,0
cu2207,20220218,20220218,133639000,13:36:39,71380,2055,11776,731456600,0,0,0
cu2207,20220218,20220218,133643500,13:36:44,71380,2055,11776,731456600,0,0,0
cu2207,20220218,20220218,133645000,13:36:45,71380,2055,11776,731456600,0,0,0
cu2207,20220218,20220218,133646000,13:36:46,71380,2055,11776,731456600,0,0,0
cu2207,20220218,20220218,133700500,13:37:00,71380,2055,11776,731456600,0,0,0
cu2207,20220218,20220218,133711500,13:37:13,71380,2055,11776,731456600,0,0,0
cu2207,20220218,20220218,133712000,13:37:13,71380,2055,11776,731456600,0,0,0
cu2207,20220218,20220218,133714500,13:37:15,71380,2055,11776,731456600,0,0,0
cu2207,20220218,20220218,133725000,13:37:25,71380,2055,11776,731456600,0,0,0
cu2207,20220218,20220218,133725500,13:37:26,71380,2055,11776,731456600,0,0,0
cu2207,20220218,20220218,133729000,13:37:29,71380,2055,11776,731456600,0,0,0
cu2207,20220218,20220218,133730000,13:37:30,71380,2055,11776,731456600,0,0,0
cu2207,20220218,20220218,133730500,13:37:31,71380,2055,11776,731456600,0,0,0
cu2207,20220218,20220218,133731000,13:37:31,71380,2055,11776,731456600,0,0,0
cu2207,20220218,20220218,133735500,13:37:36,71380,2055,11776,731456600,0,0,0
cu2207,20220218,20220218,133742000,13:37:42,71380,2055,11776,731456600,0,0,0
cu2207,20220218,20220218,133747000,13:37:47,71380,2055,11776,731456600,0,0,0
cu2207,20220218,20220218,133747500,13:37:48,71380,2055,11776,731456600,0,0,0
cu2207,20220218,20220218,133748000,13:37:48,71380,2055,11776,731456600,0,0,0
cu2207,20220218,20220218,133750500,13:37:51,71380,2055,11776,731456600,0,0,0
cu2207,20220218,20220218,133751000,13:37:51,71380,2055,11776,731456600,0,0,0
cu2207,20220218,20220218,133809500,13:38:10,71380,2055,11776,731456600,0,0,0
cu2207,20220218,20220218,133813500,13:38:15,71380,2055,11776,731456600,0,0,0
cu2207,20220218,20220218,133838000,13:38:43,71380,2055,11776,731456600,0,0,0
cu2207,20220218,20220218,133914000,13:39:15,71380,2055,11776,731456600,0,0,0
cu2207,20220218,20220218,133919000,13:39:19,71380,2055,11776,731456600,0,0,0
cu2207,20220218,20220218,133922000,13:39:22,71380,2055,11776,731456600,0,0,0
cu2207,20220218,20220218,133923000,13:39:23,71380,2055,11776,731456600,0,0,0
cu2207,20220218,20220218,133935000,13:39:35,71380,2055,11776,731456600,0,0,0
cu2207,20220218,20220218,133936000,13:39:36,71380,2055,11776,731456600,0,0,0
cu2207,20220218,20220218,133937500,13:39:37,71380,2056,11777,731813500,1,1,356900
cu2207,20220218,20220218,133938000,13:39:38,71380,2056,11777,731813500,0,0,0
cu2207,20220218,20220218,133940500,13:39:41,71380,2056,11777,731813500,0,0,0
cu2207,20220218,20220218,133941500,13:39:41,71380,2056,11777,731813500,0,0,0
cu2207,20220218,20220218,133945500,13:39:46,71380,2056,11777,731813500,0,0,0
cu2207,20220218,20220218,133946000,13:39:47,71380,2056,11777,731813500,0,0,0
cu2207,20220218,20220218,133956000,13:39:56,71380,2056,11777,731813500,0,0,0
cu2207,20220218,20220218,133956500,13:39:57,71380,2056,11777,731813500,0,0,0
cu2207,20220218,20220218,133957000,13:39:59,71380,2056,11777,731813500,0,0,0
cu2207,20220218,20220218,133957500,13:40:13,71380,2056,11777,731813500,0,0,0
cu2207,20220218,20220218,133958000,13:40:13,71380,2056,11777,731813500,0,0,0
cu2207,20220218,20220218,134004500,13:40:13,71380,2056,11777,731813500,0,0,0
cu2207,20220218,20220218,134018000,13:40:19,71380,2056,11777,731813500,0,0,0
cu2207,20220218,20220218,134021000,13:40:22,71380,2056,11777,731813500,0,0,0
cu2207,20220218,20220218,134021500,13:40:22,71380,2056,11777,731813500,0,0,0
cu2207,20220218,20220218,134022000,13:40:22,71380,2056,11777,731813500,0,0,0
cu2207,20220218,20220218,134022500,13:40:22,71380,2056,11777,731813500,0,0,0
cu2207,20220218,20220218,134023000,13:40:23,71380,2056,11777,731813500,0,0,0
cu2207,20220218,20220218,134023500,13:40:24,71380,2056,11777,731813500,0,0,0
cu2207,20220218,20220218,134024000,13:40:25,71380,2056,11777,731813500,0,0,0
cu2207,20220218,20220218,134026000,13:40:26,71380,2056,11777,731813500,0,0,0
cu2207,20220218,20220218,134026500,13:40:27,71380,2056,11777,731813500,0,0,0
cu2207,20220218,20220218,134028500,13:40:30,71380,2056,11777,731813500,0,0,0
cu2207,20220218,20220218,134029000,13:40:30,71380,2056,11777,731813500,0,0,0
cu2207,20220218,20220218,134030500,13:40:31,71380,2056,11777,731813500,0,0,0
cu2207,20220218,20220218,134031500,13:40:32,71380,2056,11777,731813500,0,0,0
cu2207,20220218,20220218,134032500,13:40:32,71380,2056,11777,731813500,0,0,0
cu2207,20220218,20220218,134033000,13:40:34,71380,2056,11777,731813500,0,0,0
cu2207,20220218,20220218,134033500,13:40:34,71380,2056,11777,731813500,0,0,0
cu2207,20220218,20220218,134034000,13:40:34,71380,2056,11777,731813500,0,0,0
cu2207,20220218,20220218,134035000,13:40:35,71380,2056,11777,731813500,0,0,0
cu2207,20220218,20220218,134035500,13:40:36,71380,2056,11777,731813500,0,0,0
cu2207,20220218,20220218,134036000,13:40:36,71380,2056,11777,731813500,0,0,0
cu2207,20220218,20220218,134036500,13:40:37,71380,2056,11777,731813500,0,0,0
cu2207,20220218,20220218,134041000,13:40:42,71380,2056,11777,731813500,0,0,0
cu2207,20220218,20220218,134041500,13:40:42,71380,2056,11777,731813500,0,0,0
cu2207,20220218,20220218,134042000,13:40:42,71380,2056,11777,731813500,0,0,0
cu2207,20220218,20220218,134042500,13:40:43,71380,2056,11777,731813500,0,0,0
cu2207,20220218,20220218,134045000,13:40:45,71380,2056,11777,731813500,0,0,0
cu2207,20220218,20220218,134045500,13:40:46,71380,2056,11777,731813500,0,0,0
cu2207,20220218,20220218,134053000,13:40:55,71380,2056,11777,731813500,0,0,0
cu2207,20220218,20220218,134056500,13:40:58,71380,2056,11777,731813500,0,0,0
cu2207,20220218,20220218,134057000,13:40:58,71380,2056,11777,731813500,0,0,0
cu2207,20220218,20220218,134057500,13:40:58,71380,2056,11777,731813500,0,0,0
cu2207,20220218,20220218,134100000,13:41:00,71380,2056,11777,731813500,0,0,0
cu2207,20220218,20220218,134102000,13:41:02,71380,2056,11777,731813500,0,0,0
cu2207,20220218,20220218,134105500,13:41:06,71380,2056,11777,731813500,0,0,0
cu2207,20220218,20220218,134107000,13:41:09,71420,2057,11777,732170600,1,0,357100
cu2207,20220218,20220218,134107500,13:41:09,71420,2057,11777,732170600,0,0,0
cu2207,20220218,20220218,134108000,13:41:09,71420,2057,11777,732170600,0,0,0
cu2207,20220218,20220218,134108500,13:41:10,71420,2057,11777,732170600,0,0,0
cu2207,20220218,20220218,134109500,13:41:10,71420,2057,11777,732170600,0,0,0
cu2207,20220218,20220218,134110000,13:41:10,71420,2057,11777,732170600,0,0,0
cu2207,20220218,20220218,134110500,13:41:10,71420,2057,11777,732170600,0,0,0
cu2207,20220218,20220218,134112000,13:41:12,71420,2057,11777,732170600,0,0,0
cu2207,20220218,20220218,134117500,13:41:19,71420,2057,11777,732170600,0,0,0
cu2207,20220218,20220218,134118000,13:41:19,71420,2057,11777,732170600,0,0,0
cu2207,20220218,20220218,134123000,13:41:24,71420,2057,11777,732170600,0,0,0
cu2207,20220218,20220218,134124500,13:41:26,71420,2057,11777,732170600,0,0,0
cu2207,20220218,20220218,134125000,13:41:27,71420,2057,11777,732170600,0,0,0
cu2207,20220218,20220218,134125500,13:41:27,71420,2057,11777,732170600,0,0,0
cu2207,20220218,20220218,134126000,13:41:27,71420,2057,11777,732170600,0,0,0
cu2207,20220218,20220218,134126500,13:41:27,71420,2057,11777,732170600,0,0,0
cu2207,20220218,20220218,134133500,13:41:34,71420,2057,11777,732170600,0,0,0
cu2207,20220218,20220218,134138500,13:41:42,71420,2057,11777,732170600,0,0,0
cu2207,20220218,20220218,134142000,13:41:42,71420,2057,11777,732170600,0,0,0
cu2207,20220218,20220218,134144500,13:41:45,71420,2057,11777,732170600,0,0,0
cu2207,20220218,20220218,134145500,13:41:45,71420,2057,11777,732170600,0,0,0
cu2207,20220218,20220218,134147000,13:41:47,71420,2057,11777,732170600,0,0,0
cu2207,20220218,20220218,134147500,13:41:48,71420,2057,11777,732170600,0,0,0
cu2207,20220218,20220218,134210000,13:42:12,71420,2057,11777,732170600,0,0,0
cu2207,20220218,20220218,134213500,13:42:14,71420,2057,11777,732170600,0,0,0
cu2207,20220218,20220218,134214000,13:42:14,71420,2057,11777,732170600,0,0,0
cu2207,20220218,20220218,134214500,13:42:15,71420,2057,11777,732170600,0,0,0
cu2207,20220218,20220218,134223500,13:42:24,71420,2057,11777,732170600,0,0,0
cu2207,20220218,20220218,134255500,13:42:55,71420,2057,11777,732170600,0,0,0
cu2207,20220218,20220218,134256000,13:42:56,71420,2057,11777,732170600,0,0,0
cu2207,20220218,20220218,134257000,13:42:59,71420,2057,11777,732170600,0,0,0
cu2207,20220218,20220218,134314000,13:43:14,71420,2057,11777,732170600,0,0,0
cu2207,20220218,20220218,134321500,13:43:21,71420,2057,11777,732170600,0,0,0
cu2207,20220218,20220218,134322000,13:43:22,71420,2057,11777,732170600,0,0,0
cu2207,20220218,20220218,134322500,13:43:23,71420,2057,11777,732170600,0,0,0
cu2207,20220218,20220218,134323000,13:43:23,71420,2057,11777,732170600,0,0,0
cu2207,20220218,20220218,134324500,13:43:25,71420,2057,11777,732170600,0,0,0
cu2207,20220218,20220218,134326000,13:43:26,71420,2057,11777,732170600,0,0,0
cu2207,20220218,20220218,134326500,13:43:27,71420,2057,11777,732170600,0,0,0
cu2207,20220218,20220218,134327000,13:43:27,71420,2057,11777,732170600,0,0,0
cu2207,20220218,20220218,134352000,13:44:04,71420,2057,11777,732170600,0,0,0
cu2207,20220218,20220218,134359500,13:44:04,71420,2057,11777,732170600,0,0,0
cu2207,20220218,20220218,134417000,13:44:17,71420,2057,11777,732170600,0,0,0
cu2207,20220218,20220218,134420500,13:44:23,71420,2057,11777,732170600,0,0,0
cu2207,20220218,20220218,134421000,13:44:23,71420,2057,11777,732170600,0,0,0
cu2207,20220218,20220218,134424500,13:44:25,71420,2057,11777,732170600,0,0,0
cu2207,20220218,20220218,134426000,13:44:26,71420,2057,11777,732170600,0,0,0
cu2207,20220218,20220218,134426500,13:44:26,71420,2057,11777,732170600,0,0,0
cu2207,20220218,20220218,134430000,13:44:37,71420,2057,11777,732170600,0,0,0
cu2207,20220218,20220218,134443500,13:44:44,71420,2057,11777,732170600,0,0,0
cu2207,20220218,20220218,134454000,13:44:54,71420,2057,11777,732170600,0,0,0
cu2207,20220218,20220218,134455500,13:44:56,71420,2057,11777,732170600,0,0,0
cu2207,20220218,20220218,134509000,13:45:10,71420,2057,11777,732170600,0,0,0
cu2207,20220218,20220218,134512500,13:45:13,71420,2057,11777,732170600,0,0,0
cu2207,20220218,20220218,134525000,13:45:27,71420,2058,11776,732527700,1,-1,357100
cu2207,20220218,20220218,134525500,13:45:27,71420,2058,11776,732527700,0,0,0
cu2207,20220218,20220218,134527000,13:45:30,71420,2058,11776,732527700,0,0,0
cu2207,20220218,20220218,134527500,13:45:30,71420,2058,11776,732527700,0,0,0
cu2207,20220218,20220218,134532500,13:45:33,71420,2058,11776,732527700,0,0,0
cu2207,20220218,20220218,134537000,13:45:37,71420,2058,11776,732527700,0,0,0
cu2207,20220218,20220218,134609000,13:46:09,71420,2058,11776,732527700,0,0,0
cu2207,20220218,20220218,134614500,13:46:15,71420,2058,11776,732527700,0,0,0
cu2207,20220218,20220218,134615000,13:46:16,71420,2058,11776,732527700,0,0,0
cu2207,20220218,20220218,134615500,13:46:17,71420,2058,11776,732527700,0,0,0
cu2207,20220218,20220218,134616000,13:46:18,71420,2058,11776,732527700,0,0,0
cu2207,20220218,20220218,134616500,13:46:18,71420,2058,11776,732527700,0,0,0
cu2207,20220218,20220218,134617500,13:46:18,71420,2058,11776,732527700,0,0,0
cu2207,20220218,20220218,134619000,13:46:19,71420,2058,11776,732527700,0,0,0
cu2207,20220218,20220218,134619500,13:46:19,71420,2058,11776,732527700,0,0,0
cu2207,20220218,20220218,134620000,13:46:20,71420,2058,11776,732527700,0,0,0
cu2207,20220218,20220218,134632000,13:46:32,71420,2058,11776,732527700,0,0,0
cu2207,20220218,20220218,134632500,13:46:33,71420,2058,11776,732527700,0,0,0
cu2207,20220218,20220218,134636500,13:46:37,71420,2058,11776,732527700,0,0,0
cu2207,20220218,20220218,134637000,13:46:37,71420,2058,11776,732527700,0,0,0
cu2207,20220218,20220218,134637500,13:46:38,71420,2058,11776,732527700,0,0,0
cu2207,20220218,20220218,134639000,13:46:39,71420,2058,11776,732527700,0,0,0
cu2207,20220218,20220218,134639500,13:46:40,71420,2058,11776,732527700,0,0,0
cu2207,20220218,20220218,134650000,13:46:50,71420,2058,11776,732527700,0,0,0
cu2207,20220218,20220218,134650500,13:46:51,71420,2058,11776,732527700,0,0,0
cu2207,20220218,20220218,134651000,13:46:51,71420,2058,11776,732527700,0,0,0
cu2207,20220218,20220218,134653000,13:46:54,71420,2058,11776,732527700,0,0,0
cu2207,20220218,20220218,134656000,13:46:56,71420,2058,11776,732527700,0,0,0
cu2207,20220218,20220218,134657500,13:46:57,71420,2058,11776,732527700,0,0,0
cu2207,20220218,20220218,134702000,13:47:02,71420,2058,11776,732527700,0,0,0
cu2207,20220218,20220218,134704500,13:47:05,71420,2058,11776,732527700,0,0,0
cu2207,20220218,20220218,134723000,13:47:26,71420,2058,11776,732527700,0,0,0
cu2207,20220218,20220218,134724000,13:47:27,71420,2058,11776,732527700,0,0,0
cu2207,20220218,20220218,134730000,13:47:30,71420,2058,11776,732527700,0,0,0
cu2207,20220218,20220218,134732500,13:47:33,71420,2058,11776,732527700,0,0,0
cu2207,20220218,20220218,134733000,13:47:34,71420,2058,11776,732527700,0,0,0
cu2207,20220218,20220218,134733500,13:47:34,71420,2058,11776,732527700,0,0,0
cu2207,20220218,20220218,134734500,13:47:36,71420,2058,11776,732527700,0,0,0
cu2207,20220218,20220218,134754000,13:47:54,71420,2058,11776,732527700,0,0,0
cu2207,20220218,20220218,134818000,13:48:19,71420,2058,11776,732527700,0,0,0
cu2207,20220218,20220218,134818500,13:48:20,71420,2063,11776,734313200,5,0,1785500
cu2207,20220218,20220218,134823500,13:48:24,71420,2063,11776,734313200,0,0,0
cu2207,20220218,20220218,134833000,13:48:33,71420,2063,11776,734313200,0,0,0
cu2207,20220218,20220218,134833500,13:48:34,71420,2063,11776,734313200,0,0,0
cu2207,20220218,20220218,134838500,13:48:38,71420,2063,11776,734313200,0,0,0
cu2207,20220218,20220218,134839000,13:48:39,71420,2063,11776,734313200,0,0,0
cu2207,20220218,20220218,134839500,13:48:39,71420,2063,11776,734313200,0,0,0
cu2207,20220218,20220218,134849500,13:48:49,71420,2063,11776,734313200,0,0,0
cu2207,20220218,20220218,134850000,13:48:50,71420,2063,11776,734313200,0,0,0
cu2207,20220218,20220218,134854000,13:48:56,71420,2063,11776,734313200,0,0,0
cu2207,20220218,20220218,134900500,13:49:01,71420,2063,11776,734313200,0,0,0
cu2207,20220218,20220218,134904000,13:49:04,71420,2063,11776,734313200,0,0,0
cu2207,20220218,20220218,134916500,13:49:17,71420,2063,11776,734313200,0,0,0
cu2207,20220218,20220218,134917000,13:49:17,71420,2063,11776,734313200,0,0,0
cu2207,20220218,20220218,134949500,13:49:50,71430,2064,11777,734670350,1,1,357150
cu2207,20220218,20220218,134951000,13:49:51,71430,2064,11777,734670350,0,0,0
cu2207,20220218,20220218,135006500,13:50:07,71430,2064,11777,734670350,0,0,0
cu2207,20220218,20220218,135007000,13:50:07,71430,2064,11777,734670350,0,0,0
cu2207,20220218,20220218,135007500,13:50:09,71430,2068,11777,736098950,4,0,1428600
cu2207,20220218,20220218,135008000,13:50:25,71430,2068,11777,736098950,0,0,0
cu2207,20220218,20220218,135009500,13:50:26,71430,2068,11777,736098950,0,0,0
cu2207,20220218,20220218,135019500,13:50:27,71430,2068,11777,736098950,0,0,0
cu2207,20220218,20220218,135026500,13:50:33,71430,2068,11777,736098950,0,0,0
cu2207,20220218,20220218,135027000,13:50:35,71430,2068,11777,736098950,0,0,0
cu2207,20220218,20220218,135034500,13:50:37,71430,2068,11777,736098950,0,0,0
cu2207,20220218,20220218,135035000,13:50:37,71430,2068,11777,736098950,0,0,0
cu2207,20220218,20220218,135035500,13:50:38,71430,2068,11777,736098950,0,0,0
cu2207,20220218,20220218,135041500,13:50:42,71430,2068,11777,736098950,0,0,0
cu2207,20220218,20220218,135042000,13:50:43,71430,2068,11777,736098950,0,0,0
cu2207,20220218,20220218,135042500,13:50:43,71430,2068,11777,736098950,0,0,0
cu2207,20220218,20220218,135049500,13:50:50,71430,2068,11777,736098950,0,0,0
cu2207,20220218,20220218,135107000,13:51:20,71430,2068,11777,736098950,0,0,0
cu2207,20220218,20220218,135107500,13:51:21,71430,2068,11777,736098950,0,0,0
cu2207,20220218,20220218,135119500,13:51:21,71430,2068,11777,736098950,0,0,0
cu2207,20220218,20220218,135121500,13:51:21,71430,2069,11778,736456100,1,1,357150
cu2207,20220218,20220218,135122500,13:51:23,71430,2069,11778,736456100,0,0,0
cu2207,20220218,20220218,135126000,13:51:27,71430,2069,11778,736456100,0,0,0
cu2207,20220218,20220218,135126500,13:51:27,71430,2069,11778,736456100,0,0,0
cu2207,20220218,20220218,135127000,13:51:27,71420,2070,11778,736813200,1,0,357100
cu2207,20220218,20220218,135201000,13:52:01,71430,2076,11778,738955900,6,0,2142700
cu2207,20220218,20220218,135201500,13:52:03,71430,2076,11778,738955900,0,0,0
cu2207,20220218,20220218,135202000,13:52:03,71430,2077,11779,739313050,1,1,357150
cu2207,20220218,20220218,135202500,13:52:03,71430,2077,11779,739313050,0,0,0
cu2207,20220218,20220218,135203500,13:52:04,71430,2077,11779,739313050,0,0,0
cu2207,20220218,20220218,135207500,13:52:10,71430,2077,11779,739313050,0,0,0
cu2207,20220218,20220218,135208000,13:52:11,71430,2077,11779,739313050,0,0,0
cu2207,20220218,20220218,135216500,13:52:17,71430,2077,11779,739313050,0,0,0
cu2207,20220218,20220218,135218000,13:52:19,71430,2077,11779,739313050,0,0,0
cu2207,20220218,20220218,135218500,13:52:20,71430,2077,11779,739313050,0,0,0
cu2207,20220218,20220218,135240000,13:52:45,71430,2077,11779,739313050,0,0,0
cu2207,20220218,20220218,135247500,13:52:48,71430,2077,11779,739313050,0,0,0
cu2207,20220218,20220218,135248000,13:52:48,71430,2077,11779,739313050,0,0,0
cu2207,20220218,20220218,135248500,13:52:49,71430,2077,11779,739313050,0,0,0
cu2207,20220218,20220218,135258500,13:52:59,71430,2077,11779,739313050,0,0,0
cu2207,20220218,20220218,135259000,13:53:00,71430,2077,11779,739313050,0,0,0
cu2207,20220218,20220218,135300000,13:53:00,71430,2077,11779,739313050,0,0,0
cu2207,20220218,20220218,135300500,13:53:01,71430,2077,11779,739313050,0,0,0
cu2207,20220218,20220218,135301000,13:53:01,71430,2077,11779,739313050,0,0,0
cu2207,20220218,20220218,135314000,13:53:14,71400,2080,11780,740384050,3,1,1071000
cu2207,20220218,20220218,135314500,13:53:15,71400,2080,11780,740384050,0,0,0
cu2207,20220218,20220218,135315500,13:53:16,71400,2080,11780,740384050,0,0,0
cu2207,20220218,20220218,135319500,13:53:20,71400,2080,11780,740384050,0,0,0
cu2207,20220218,20220218,135320000,13:53:20,71400,2080,11780,740384050,0,0,0
cu2207,20220218,20220218,135320500,13:53:21,71400,2080,11780,740384050,0,0,0
cu2207,20220218,20220218,135321000,13:53:21,71400,2080,11780,740384050,0,0,0
cu2207,20220218,20220218,135322500,13:53:23,71400,2080,11780,740384050,0,0,0
cu2207,20220218,20220218,135325000,13:53:26,71400,2080,11780,740384050,0,0,0
cu2207,20220218,20220218,135325500,13:53:26,71400,2080,11780,740384050,0,0,0
cu2207,20220218,20220218,135326500,13:53:26,71400,2080,11780,740384050,0,0,0
cu2207,20220218,20220218,135327000,13:53:27,71400,2080,11780,740384050,0,0,0
cu2207,20220218,20220218,135327500,13:53:28,71400,2080,11780,740384050,0,0,0
cu2207,20220218,20220218,135328000,13:53:29,71400,2080,11780,740384050,0,0,0
cu2207,20220218,20220218,135329000,13:53:29,71400,2080,11780,740384050,0,0,0
cu2207,20220218,20220218,135330000,13:53:30,71400,2080,11780,740384050,0,0,0
cu2207,20220218,20220218,135332000,13:53:32,71400,2080,11780,740384050,0,0,0
cu2207,20220218,20220218,135333500,13:53:33,71400,2080,11780,740384050,0,0,0
cu2207,20220218,20220218,135334000,13:53:35,71400,2080,11780,740384050,0,0,0
cu2207,20220218,20220218,135334500,13:53:35,71400,2080,11780,740384050,0,0,0
cu2207,20220218,20220218,135335000,13:53:36,71400,2080,11780,740384050,0,0,0
cu2207,20220218,20220218,135335500,13:53:36,71400,2080,11780,740384050,0,0,0
cu2207,20220218,20220218,135336500,13:53:44,71400,2080,11780,740384050,0,0,0
cu2207,20220218,20220218,135344000,13:53:45,71400,2080,11780,740384050,0,0,0
cu2207,20220218,20220218,135344500,13:53:46,71400,2080,11780,740384050,0,0,0
cu2207,20220218,20220218,135346500,13:53:47,71400,2080,11780,740384050,0,0,0
cu2207,20220218,20220218,135347000,13:53:47,71400,2080,11780,740384050,0,0,0
cu2207,20220218,20220218,135347500,13:53:47,71400,2080,11780,740384050,0,0,0
cu2207,20220218,20220218,135348000,13:53:48,71400,2080,11780,740384050,0,0,0
cu2207,20220218,20220218,135349000,13:53:49,71400,2080,11780,740384050,0,0,0
cu2207,20220218,20220218,135349500,13:53:50,71400,2080,11780,740384050,0,0,0
cu2207,20220218,20220218,135350500,13:53:51,71400,2080,11780,740384050,0,0,0
cu2207,20220218,20220218,135351000,13:53:53,71400,2080,11780,740384050,0,0,0
cu2207,20220218,20220218,135352500,13:53:53,71400,2080,11780,740384050,0,0,0
cu2207,20220218,20220218,135354500,13:53:55,71400,2080,11780,740384050,0,0,0
cu2207,20220218,20220218,135355000,13:53:55,71400,2080,11780,740384050,0,0,0
cu2207,20220218,20220218,135358000,13:53:59,71400,2080,11780,740384050,0,0,0
cu2207,20220218,20220218,135358500,13:54:00,71400,2080,11780,740384050,0,0,0
cu2207,20220218,20220218,135359000,13:54:02,71400,2080,11780,740384050,0,0,0
cu2207,20220218,20220218,135359500,13:54:08,71400,2080,11780,740384050,0,0,0
cu2207,20220218,20220218,135400000,13:54:08,71400,2080,11780,740384050,0,0,0
cu2207,20220218,20220218,135407500,13:54:09,71400,2080,11780,740384050,0,0,0
cu2207,20220218,20220218,135409000,13:54:10,71400,2080,11780,740384050,0,0,0
cu2207,20220218,20220218,135410000,13:54:10,71400,2080,11780,740384050,0,0,0
cu2207,20220218,20220218,135418500,13:54:18,71400,2080,11780,740384050,0,0,0
cu2207,20220218,20220218,135419000,13:54:19,71400,2080,11780,740384050,0,0,0
cu2207,20220218,20220218,135420500,13:54:21,71400,2082,11782,741098000,2,2,713950
cu2207,20220218,20220218,135421000,13:54:21,71400,2082,11782,741098000,0,0,0
cu2207,20220218,20220218,135421500,13:54:21,71400,2083,11783,741455000,1,1,357000
cu2207,20220218,20220218,135429000,13:54:31,71400,2083,11783,741455000,0,0,0
cu2207,20220218,20220218,135430000,13:54:31,71400,2083,11783,741455000,0,0,0
cu2207,20220218,20220218,135444500,13:54:44,71400,2083,11783,741455000,0,0,0
cu2207,20220218,20220218,135507500,13:55:11,71400,2083,11783,741455000,0,0,0
cu2207,20220218,20220218,135508000,13:55:12,71400,2084,11783,741812000,1,0,357000
cu2207,20220218,20220218,135511000,13:55:12,71400,2084,11783,741812000,0,0,0
cu2207,20220218,20220218,135512000,13:55:12,71400,2084,11783,741812000,0,0,0
cu2207,20220218,20220218,135531000,13:55:31,71400,2085,11783,742169000,1,0,357000
cu2207,20220218,20220218,135531500,13:55:32,71400,2086,11784,742526000,1,1,357000
cu2207,20220218,20220218,135532000,13:55:32,71400,2086,11784,742526000,0,0,0
cu2207,20220218,20220218,135532500,13:55:32,71400,2086,11784,742526000,0,0,0
cu2207,20220218,20220218,135534500,13:55:34,71400,2086,11784,742526000,0,0,0
cu2207,20220218,20220218,135537500,13:55:38,71400,2086,11784,742526000,0,0,0
cu2207,20220218,20220218,135538000,13:55:38,71400,2086,11784,742526000,0,0,0
cu2207,20220218,20220218,135543500,13:55:45,71400,2086,11784,742526000,0,0,0
cu2207,20220218,20220218,135544000,13:55:45,71400,2086,11784,742526000,0,0,0
cu2207,20220218,20220218,135546000,13:55:46,71400,2086,11784,742526000,0,0,0
cu2207,20220218,20220218,135552000,13:55:52,71410,2087,11785,742883050,1,1,357050
cu2207,20220218,20220218,135557500,13:55:58,71410,2087,11785,742883050,0,0,0
cu2207,20220218,20220218,135604500,13:56:23,71410,2087,11785,742883050,0,0,0
cu2207,20220218,20220218,135631500,13:56:35,71410,2087,11785,742883050,0,0,0
cu2207,20220218,20220218,135640500,13:56:41,71410,2087,11785,742883050,0,0,0
cu2207,20220218,20220218,135641000,13:56:41,71410,2087,11785,742883050,0,0,0
cu2207,20220218,20220218,135644500,13:56:45,71410,2087,11785,742883050,0,0,0
cu2207,20220218,20220218,135645000,13:56:47,71410,2087,11785,742883050,0,0,0
cu2207,20220218,20220218,135645500,13:56:47,71410,2088,11786,743240100,1,1,357050
cu2207,20220218,20220218,135646000,13:56:47,71410,2088,11786,743240100,0,0,0
cu2207,20220218,20220218,135646500,13:56:48,71410,2089,11787,743597150,1,1,357050
cu2207,20220218,20220218,135648500,13:56:50,71410,2089,11787,743597150,0,0,0
cu2207,20220218,20220218,135649500,13:56:50,71410,2089,11787,743597150,0,0,0
cu2207,20220218,20220218,135650000,13:56:51,71410,2089,11787,743597150,0,0,0
cu2207,20220218,20220218,135650500,13:56:51,71410,2089,11787,743597150,0,0,0
cu2207,20220218,20220218,135656500,13:56:56,71410,2089,11787,743597150,0,0,0
cu2207,20220218,20220218,135701500,13:57:02,71410,2089,11787,743597150,0,0,0
cu2207,20220218,20220218,135703500,13:57:04,71410,2089,11787,743597150,0,0,0
cu2207,20220218,20220218,135704000,13:57:04,71400,2090,11788,743954150,1,1,357000
cu2207,20220218,20220218,135706500,13:57:07,71400,2091,11789,744311150,1,1,357000
cu2207,20220218,20220218,135707500,13:57:08,71400,2091,11789,744311150,0,0,0
