fu2205,20220218,20220218,112003000,11:20:03,3154,316706,357854,10044825580,316706,-11854,10044825580
fu2205,20220218,20220218,112004500,11:20:09,3154,316706,357854,10044825580,0,0,0
fu2205,20220218,20220218,112005000,11:20:10,3154,316726,357870,10045456380,20,16,630800
fu2205,20220218,20220218,112006000,11:20:10,3154,316726,357870,10045456380,0,0,0
fu2205,20220218,20220218,112006500,11:20:10,3154,316726,357870,10045456380,0,0,0
fu2205,20220218,20220218,112008000,11:20:10,3154,316726,357870,10045456380,0,0,0
fu2205,20220218,20220218,112008500,11:20:10,3154,316726,357870,10045456380,0,0,0
fu2205,20220218,20220218,112009000,11:20:10,3154,316736,357879,10045771690,10,9,315310
fu2205,20220218,20220218,112009500,11:20:10,3154,316737,357880,10045803230,1,1,31540
fu2205,20220218,20220218,112010000,11:20:10,3154,316738,357881,10045834770,1,1,31540
fu2205,20220218,20220218,112010500,11:20:10,3154,316740,357883,10045897850,2,2,63080
fu2205,20220218,20220218,112011000,11:20:11,3153,316742,357883,10045960920,2,0,63070
fu2205,20220218,20220218,112011500,11:20:12,3154,316743,357884,10045992460,1,1,31540
fu2205,20220218,20220218,112012000,11:20:12,3154,316743,357884,10045992460,0,0,0
fu2205,20220218,20220218,112012500,11:20:12,3153,316745,357886,10046055520,2,2,63060
fu2205,20220218,20220218,112013000,11:20:13,3153,316745,357886,10046055520,0,0,0
fu2205,20220218,20220218,112013500,11:20:13,3153,316745,357886,10046055520,0,0,0
fu2205,20220218,20220218,112014000,11:20:14,3154,316747,357888,10046118600,2,2,63080
fu2205,20220218,20220218,112014500,11:20:14,3154,316747,357888,10046118600,0,0,0
fu2205,20220218,20220218,112015000,11:20:15,3154,316747,357888,10046118600,0,0,0
fu2205,20220218,20220218,112017000,11:20:17,3154,316747,357888,10046118600,0,0,0
fu2205,20220218,20220218,112017500,11:20:17,3154,316747,357888,10046118600,0,0,0
fu2205,20220218,20220218,112018500,11:20:18,3153,316748,357888,10046150130,1,0,31530
fu2205,20220218,20220218,112019000,11:20:19,3154,316754,357887,10046339370,6,-1,189240
fu2205,20220218,20220218,112019500,11:20:20,3154,316777,357884,10047064790,23,-3,725420
fu2205,20220218,20220218,112020000,11:20:20,3154,316777,357884,10047064790,0,0,0
fu2205,20220218,20220218,112020500,11:20:21,3154,316777,357884,10047064790,0,0,0
fu2205,20220218,20220218,112021000,11:20:21,3154,316777,357884,10047064790,0,0,0
fu2205,20220218,20220218,112021500,11:20:21,3154,316777,357884,10047064790,0,0,0
fu2205,20220218,20220218,112022000,11:20:22,3154,316777,357884,10047064790,0,0,0
fu2205,20220218,20220218,112025000,11:20:25,3154,316778,357883,10047096330,1,-1,31540
fu2205,20220218,20220218,112025500,11:20:25,3154,316778,357883,10047096330,0,0,0
fu2205,20220218,20220218,112026000,11:20:26,3154,316778,357883,10047096330,0,0,0
fu2205,20220218,20220218,112026500,11:20:26,3154,316778,357883,10047096330,0,0,0
fu2205,20220218,20220218,112027000,11:20:27,3155,316792,357870,10047537900,14,-13,441570
fu2205,20220218,20220218,112027500,11:20:28,3155,316792,357870,10047537900,0,0,0
fu2205,20220218,20220218,112028000,11:20:28,3154,316822,357870,10048484100,30,0,946200
fu2205,20220218,20220218,112029000,11:20:29,3155,316826,357874,10048610300,4,4,126200
fu2205,20220218,20220218,112029500,11:20:30,3154,316831,357874,10048768000,5,0,157700
fu2205,20220218,20220218,112030000,11:20:31,3154,316831,357874,10048768000,0,0,0
fu2205,20220218,20220218,112030500,11:20:31,3154,316831,357874,10048768000,0,0,0
fu2205,20220218,20220218,112031000,11:20:32,3154,316986,357723,10053656700,155,-151,4888700
fu2205,20220218,20220218,112031500,11:20:32,3154,316988,357723,10053719780,2,0,63080
fu2205,20220218,20220218,112032000,11:20:32,3154,316988,357723,10053719780,0,0,0
fu2205,20220218,20220218,112032500,11:20:32,3154,316988,357723,10053719780,0,0,0
fu2205,20220218,20220218,112033500,11:20:33,3154,316988,357723,10053719780,0,0,0
fu2205,20220218,20220218,112034000,11:20:34,3154,316988,357723,10053719780,0,0,0
fu2205,20220218,20220218,112034500,11:20:35,3154,316988,357723,10053719780,0,0,0
fu2205,20220218,20220218,112035000,11:20:35,3154,316998,357723,10054035180,10,0,315400
fu2205,20220218,20220218,112035500,11:20:35,3154,316998,357723,10054035180,0,0,0
fu2205,20220218,20220218,112036000,11:20:36,3154,316998,357723,10054035180,0,0,0
fu2205,20220218,20220218,112036500,11:20:37,3154,317007,357731,10054319040,9,8,283860
fu2205,20220218,20220218,112037000,11:20:37,3154,317008,357732,10054350580,1,1,31540
fu2205,20220218,20220218,112037500,11:20:38,3153,317009,357732,10054382110,1,0,31530
fu2205,20220218,20220218,112038500,11:20:38,3153,317009,357732,10054382110,0,0,0
fu2205,20220218,20220218,112039000,11:20:39,3153,317010,357731,10054413640,1,-1,31530
fu2205,20220218,20220218,112039500,11:20:40,3153,317010,357731,10054413640,0,0,0
fu2205,20220218,20220218,112040000,11:20:40,3153,317010,357731,10054413640,0,0,0
fu2205,20220218,20220218,112040500,11:20:41,3153,317014,357732,10054539770,4,1,126130
fu2205,20220218,20220218,112041000,11:20:41,3153,317014,357732,10054539770,0,0,0
fu2205,20220218,20220218,112042000,11:20:42,3153,317015,357732,10054571300,1,0,31530
fu2205,20220218,20220218,112042500,11:20:42,3153,317015,357732,10054571300,0,0,0
fu2205,20220218,20220218,112043000,11:20:43,3153,317015,357732,10054571300,0,0,0
fu2205,20220218,20220218,112044000,11:20:44,3153,317016,357732,10054602830,1,0,31530
fu2205,20220218,20220218,112045000,11:20:45,3153,317016,357732,10054602830,0,0,0
fu2205,20220218,20220218,112046000,11:20:46,3153,317018,357734,10054665890,2,2,63060
fu2205,20220218,20220218,112046500,11:20:46,3153,317026,357741,10054918130,8,7,252240
fu2205,20220218,20220218,112047000,11:20:47,3153,317026,357741,10054918130,0,0,0
fu2205,20220218,20220218,112047500,11:20:48,3153,317029,357744,10055012720,3,3,94590
fu2205,20220218,20220218,112048000,11:20:48,3153,317033,357742,10055138840,4,-2,126120
fu2205,20220218,20220218,112048500,11:20:50,3153,317034,357742,10055170370,1,0,31530
fu2205,20220218,20220218,112049000,11:20:50,3153,317036,357742,10055233430,2,0,63060
fu2205,20220218,20220218,112049500,11:20:50,3153,317036,357742,10055233430,0,0,0
fu2205,20220218,20220218,112050500,11:20:51,3154,317037,357743,10055264970,1,1,31540
fu2205,20220218,20220218,112051000,11:20:51,3154,317037,357743,10055264970,0,0,0
fu2205,20220218,20220218,112051500,11:20:52,3154,317037,357743,10055264970,0,0,0
fu2205,20220218,20220218,112052500,11:20:53,3154,317037,357743,10055264970,0,0,0
fu2205,20220218,20220218,112053000,11:20:53,3154,317037,357743,10055264970,0,0,0
fu2205,20220218,20220218,112055000,11:20:55,3154,317038,357743,10055296510,1,0,31540
fu2205,20220218,20220218,112056000,11:20:56,3153,317039,357744,10055328040,1,1,31530
fu2205,20220218,20220218,112056500,11:20:56,3153,317039,357744,10055328040,0,0,0
fu2205,20220218,20220218,112057000,11:20:58,3154,317053,357758,10055769600,14,14,441560
fu2205,20220218,20220218,112057500,11:20:58,3154,317074,357743,10056431940,21,-15,662340
fu2205,20220218,20220218,112058000,11:20:58,3154,317074,357743,10056431940,0,0,0
fu2205,20220218,20220218,112058500,11:20:59,3154,317074,357743,10056431940,0,0,0
fu2205,20220218,20220218,112100000,11:21:00,3154,317074,357743,10056431940,0,0,0
fu2205,20220218,20220218,112100500,11:21:01,3154,317074,357743,10056431940,0,0,0
fu2205,20220218,20220218,112101000,11:21:01,3155,317084,357743,10056747440,10,0,315500
fu2205,20220218,20220218,112101500,11:21:02,3154,317091,357744,10056968280,7,1,220840
fu2205,20220218,20220218,112102000,11:21:02,3154,317092,357744,10056999820,1,0,31540
fu2205,20220218,20220218,112102500,11:21:03,3154,317092,357744,10056999820,0,0,0
fu2205,20220218,20220218,112103000,11:21:03,3154,317092,357744,10056999820,0,0,0
fu2205,20220218,20220218,112103500,11:21:04,3154,317094,357744,10057062900,2,0,63080
fu2205,20220218,20220218,112104000,11:21:04,3155,317096,357746,10057126000,2,2,63100
fu2205,20220218,20220218,112104500,11:21:05,3155,317096,357746,10057126000,0,0,0
fu2205,20220218,20220218,112106500,11:21:08,3154,317097,357745,10057157540,1,-1,31540
fu2205,20220218,20220218,112107500,11:21:10,3155,317098,357745,10057189090,1,0,31550
fu2205,20220218,20220218,112108000,11:21:10,3155,317101,357748,10057283740,3,3,94650
fu2205,20220218,20220218,112108500,11:21:10,3155,317101,357748,10057283740,0,0,0
fu2205,20220218,20220218,112110000,11:21:10,3154,317102,357748,10057315280,1,0,31540
fu2205,20220218,20220218,112110500,11:21:11,3154,317102,357748,10057315280,0,0,0
fu2205,20220218,20220218,112111000,11:21:11,3154,317102,357748,10057315280,0,0,0
fu2205,20220218,20220218,112111500,11:21:12,3155,317103,357748,10057346830,1,0,31550
fu2205,20220218,20220218,112112000,11:21:12,3155,317103,357748,10057346830,0,0,0
fu2205,20220218,20220218,112113000,11:21:13,3155,317113,357748,10057662330,10,0,315500
fu2205,20220218,20220218,112113500,11:21:13,3155,317116,357751,10057756980,3,3,94650
fu2205,20220218,20220218,112114500,11:21:14,3155,317117,357750,10057788530,1,-1,31550
fu2205,20220218,20220218,112115000,11:21:15,3155,317150,357774,10058829680,33,24,1041150
fu2205,20220218,20220218,112115500,11:21:15,3156,317167,357783,10059366200,17,9,536520
fu2205,20220218,20220218,112116000,11:21:16,3156,317178,357794,10059713360,11,11,347160
fu2205,20220218,20220218,112116500,11:21:17,3156,317181,357797,10059808040,3,3,94680
fu2205,20220218,20220218,112117000,11:21:17,3157,317189,357797,10060060600,8,0,252560
fu2205,20220218,20220218,112117500,11:21:18,3157,317195,357797,10060250020,6,0,189420
fu2205,20220218,20220218,112118000,11:21:18,3157,317195,357797,10060250020,0,0,0
fu2205,20220218,20220218,112118500,11:21:18,3157,317195,357797,10060250020,0,0,0
fu2205,20220218,20220218,112119000,11:21:19,3157,317201,357791,10060439440,6,-6,189420
fu2205,20220218,20220218,112120000,11:21:20,3157,317201,357791,10060439440,0,0,0
fu2205,20220218,20220218,112121000,11:21:22,3157,317201,357791,10060439440,0,0,0
fu2205,20220218,20220218,112122000,11:21:22,3156,317202,357792,10060471000,1,1,31560
fu2205,20220218,20220218,112122500,11:21:22,3156,317202,357792,10060471000,0,0,0
fu2205,20220218,20220218,112123500,11:21:23,3156,317202,357792,10060471000,0,0,0
fu2205,20220218,20220218,112124000,11:21:24,3156,317202,357792,10060471000,0,0,0
fu2205,20220218,20220218,112125000,11:23:32,3156,317202,357792,10060471000,0,0,0
fu2205,20220218,20220218,112125500,11:23:32,3156,317203,357791,10060502560,1,-1,31560
fu2205,20220218,20220218,112126000,11:23:33,3157,317220,357806,10061039090,17,15,536530
fu2205,20220218,20220218,112126500,11:23:33,3157,317223,357806,10061133800,3,0,94710
fu2205,20220218,20220218,112332500,11:23:33,3157,317223,357806,10061133800,0,0,0
fu2205,20220218,20220218,112333000,11:23:33,3157,317223,357806,10061133800,0,0,0
fu2205,20220218,20220218,112333500,11:23:33,3159,318965,358073,10116135360,1742,267,55001560
fu2205,20220218,20220218,112334000,11:23:34,3158,318969,358073,10116261680,4,0,126320
fu2205,20220218,20220218,112334500,11:23:34,3158,318969,358073,10116261680,0,0,0
fu2205,20220218,20220218,112335000,11:23:35,3158,318969,358073,10116261680,0,0,0
fu2205,20220218,20220218,112335500,11:23:35,3158,318969,358073,10116261680,0,0,0
fu2205,20220218,20220218,112336000,11:23:36,3158,318972,358070,10116356420,3,-3,94740
fu2205,20220218,20220218,112336500,11:23:38,3157,318973,358071,10116387990,1,1,31570
fu2205,20220218,20220218,112337000,11:23:38,3157,318973,358071,10116387990,0,0,0
fu2205,20220218,20220218,112337500,11:23:38,3158,318975,358073,10116451140,2,2,63150
fu2205,20220218,20220218,112338000,11:23:38,3158,318975,358073,10116451140,0,0,0
fu2205,20220218,20220218,112338500,11:23:38,3158,318975,358073,10116451140,0,0,0
fu2205,20220218,20220218,112339500,11:23:39,3158,318975,358073,10116451140,0,0,0
fu2205,20220218,20220218,112341000,11:23:41,3158,318975,358073,10116451140,0,0,0
fu2205,20220218,20220218,112341500,11:23:42,3158,318975,358073,10116451140,0,0,0
fu2205,20220218,20220218,112342000,11:23:42,3158,318975,358073,10116451140,0,0,0
fu2205,20220218,20220218,112342500,11:23:42,3158,318975,358073,10116451140,0,0,0
fu2205,20220218,20220218,112343000,11:23:43,3158,318975,358073,10116451140,0,0,0
fu2205,20220218,20220218,112343500,11:23:43,3158,318975,358073,10116451140,0,0,0
fu2205,20220218,20220218,112344500,11:23:48,3158,318975,358073,10116451140,0,0,0
fu2205,20220218,20220218,112345000,11:23:48,3158,318975,358073,10116451140,0,0,0
fu2205,20220218,20220218,112345500,11:23:48,3158,318975,358073,10116451140,0,0,0
fu2205,20220218,20220218,112348000,11:23:48,3157,319031,358079,10118219060,56,6,1767920
fu2205,20220218,20220218,112348500,11:23:49,3157,319031,358079,10118219060,0,0,0
fu2205,20220218,20220218,112349000,11:23:49,3157,319032,358080,10118250630,1,1,31570
fu2205,20220218,20220218,112349500,11:23:50,3157,319032,358080,10118250630,0,0,0
fu2205,20220218,20220218,112350000,11:23:50,3157,319032,358080,10118250630,0,0,0
fu2205,20220218,20220218,112350500,11:23:50,3157,319032,358080,10118250630,0,0,0
fu2205,20220218,20220218,112351000,11:23:51,3157,319037,358085,10118408480,5,5,157850
fu2205,20220218,20220218,112351500,11:23:51,3157,319051,358077,10118850460,14,-8,441980
fu2205,20220218,20220218,112352000,11:23:52,3157,319055,358080,10118976740,4,3,126280
fu2205,20220218,20220218,112352500,11:23:52,3157,319055,358080,10118976740,0,0,0
fu2205,20220218,20220218,112353000,11:23:53,3157,319055,358080,10118976740,0,0,0
fu2205,20220218,20220218,112353500,11:23:53,3156,319057,358081,10119039870,2,1,63130
fu2205,20220218,20220218,112354000,11:23:54,3156,319060,358078,10119134550,3,-3,94680
fu2205,20220218,20220218,112354500,11:23:55,3157,319062,358079,10119197680,2,1,63130
fu2205,20220218,20220218,112355000,11:23:55,3157,319063,358079,10119229250,1,0,31570
fu2205,20220218,20220218,112355500,11:23:55,3157,319063,358079,10119229250,0,0,0
fu2205,20220218,20220218,112356000,11:23:56,3156,319064,358078,10119260810,1,-1,31560
fu2205,20220218,20220218,112356500,11:23:56,3156,319064,358078,10119260810,0,0,0
fu2205,20220218,20220218,112357000,11:23:57,3156,319064,358078,10119260810,0,0,0
fu2205,20220218,20220218,112357500,11:23:57,3157,319065,358079,10119292380,1,1,31570
fu2205,20220218,20220218,112358000,11:23:58,3156,319075,358079,10119607980,10,0,315600
fu2205,20220218,20220218,112359500,11:23:59,3156,319075,358079,10119607980,0,0,0
fu2205,20220218,20220218,112400000,11:24:00,3157,319076,358079,10119639550,1,0,31570
fu2205,20220218,20220218,112400500,11:24:00,3157,319076,358079,10119639550,0,0,0
fu2205,20220218,20220218,112401000,11:24:01,3157,319076,358079,10119639550,0,0,0
fu2205,20220218,20220218,112401500,11:24:01,3157,319076,358079,10119639550,0,0,0
fu2205,20220218,20220218,112402000,11:24:02,3157,319084,358077,10119892090,8,-2,252540
fu2205,20220218,20220218,112402500,11:24:02,3157,319084,358077,10119892090,0,0,0
fu2205,20220218,20220218,112403000,11:24:03,3157,319099,358077,10120365630,15,0,473540
fu2205,20220218,20220218,112403500,11:24:04,3157,319100,358078,10120397200,1,1,31570
fu2205,20220218,20220218,112404000,11:24:04,3157,319100,358078,10120397200,0,0,0
fu2205,20220218,20220218,112404500,11:24:04,3157,319100,358078,10120397200,0,0,0
fu2205,20220218,20220218,112405000,11:24:05,3157,319100,358078,10120397200,0,0,0
fu2205,20220218,20220218,112405500,11:24:05,3157,319100,358078,10120397200,0,0,0
fu2205,20220218,20220218,112406000,11:24:06,3157,319102,358078,10120460340,2,0,63140
fu2205,20220218,20220218,112407000,11:24:07,3156,319103,358077,10120491900,1,-1,31560
fu2205,20220218,20220218,112407500,11:24:08,3156,319103,358077,10120491900,0,0,0
fu2205,20220218,20220218,112408000,11:24:08,3156,319106,358074,10120586580,3,-3,94680
fu2205,20220218,20220218,112408500,11:24:08,3156,319107,358075,10120618140,1,1,31560
fu2205,20220218,20220218,112409000,11:24:11,3157,319110,358075,10120712850,3,0,94710
fu2205,20220218,20220218,112409500,11:24:11,3157,319110,358075,10120712850,0,0,0
fu2205,20220218,20220218,112410000,11:24:12,3157,319111,358076,10120744420,1,1,31570
fu2205,20220218,20220218,112410500,11:24:12,3157,319115,358076,10120870700,4,0,126280
fu2205,20220218,20220218,112411000,11:24:12,3156,319118,358076,10120965380,3,0,94680
fu2205,20220218,20220218,112411500,11:24:12,3156,319118,358076,10120965380,0,0,0
fu2205,20220218,20220218,112412000,11:24:12,3157,319119,358075,10120996950,1,-1,31570
fu2205,20220218,20220218,112412500,11:24:13,3157,319119,358075,10120996950,0,0,0
fu2205,20220218,20220218,112413000,11:24:13,3157,319119,358075,10120996950,0,0,0
fu2205,20220218,20220218,112413500,11:24:14,3156,319120,358075,10121028510,1,0,31560
fu2205,20220218,20220218,112414000,11:24:14,3156,319122,358075,10121091630,2,0,63120
fu2205,20220218,20220218,112414500,11:24:15,3156,319123,358074,10121123190,1,-1,31560
fu2205,20220218,20220218,112415000,11:24:15,3156,319123,358074,10121123190,0,0,0
fu2205,20220218,20220218,112415500,11:24:15,3156,319123,358074,10121123190,0,0,0
fu2205,20220218,20220218,112416000,11:24:16,3156,319124,358073,10121154750,1,-1,31560
fu2205,20220218,20220218,112416500,11:24:17,3156,319124,358073,10121154750,0,0,0
fu2205,20220218,20220218,112417000,11:24:17,3156,319125,358072,10121186310,1,-1,31560
fu2205,20220218,20220218,112417500,11:24:18,3156,319152,358092,10122038430,27,20,852120
fu2205,20220218,20220218,112418000,11:24:18,3156,319163,358102,10122385590,11,10,347160
fu2205,20220218,20220218,112418500,11:24:19,3156,319167,358106,10122511830,4,4,126240
fu2205,20220218,20220218,112419000,11:24:19,3156,319172,358108,10122669630,5,2,157800
fu2205,20220218,20220218,112419500,11:24:20,3156,319172,358108,10122669630,0,0,0
fu2205,20220218,20220218,112420000,11:24:20,3156,319172,358108,10122669630,0,0,0
fu2205,20220218,20220218,112420500,11:24:20,3156,319175,358108,10122764310,3,0,94680
fu2205,20220218,20220218,112421500,11:24:22,3156,319176,358108,10122795870,1,0,31560
fu2205,20220218,20220218,112422500,11:24:23,3157,319177,358108,10122827440,1,0,31570
fu2205,20220218,20220218,112423000,11:24:23,3157,319186,358115,10123111570,9,7,284130
fu2205,20220218,20220218,112423500,11:24:23,3156,319189,358117,10123206260,3,2,94690
fu2205,20220218,20220218,112424000,11:24:24,3156,319190,358118,10123237820,1,1,31560
fu2205,20220218,20220218,112424500,11:24:24,3156,319190,358118,10123237820,0,0,0
fu2205,20220218,20220218,112425000,11:24:25,3156,319191,358119,10123269380,1,1,31560
fu2205,20220218,20220218,112426000,11:24:26,3156,319191,358119,10123269380,0,0,0
fu2205,20220218,20220218,112426500,11:24:26,3156,319191,358119,10123269380,0,0,0
fu2205,20220218,20220218,112427000,11:24:27,3156,319191,358119,10123269380,0,0,0
fu2205,20220218,20220218,112428000,11:24:28,3156,319212,358119,10123932250,21,0,662870
fu2205,20220218,20220218,112428500,11:24:28,3156,319214,358120,10123995370,2,1,63120
fu2205,20220218,20220218,112429000,11:24:29,3156,319216,358122,10124058490,2,2,63120
fu2205,20220218,20220218,112431000,11:24:31,3156,319216,358122,10124058490,0,0,0
fu2205,20220218,20220218,112431500,11:24:31,3156,319216,358122,10124058490,0,0,0
fu2205,20220218,20220218,112432000,11:24:32,3157,319234,358120,10124626750,18,-2,568260
fu2205,20220218,20220218,112432500,11:24:32,3157,319239,358123,10124784600,5,3,157850
fu2205,20220218,20220218,112433000,11:24:33,3156,319259,358122,10125415800,20,-1,631200
fu2205,20220218,20220218,112433500,11:24:33,3156,319263,358122,10125542040,4,0,126240
fu2205,20220218,20220218,112434000,11:24:34,3156,319269,358121,10125731400,6,-1,189360
fu2205,20220218,20220218,112434500,11:24:34,3156,319269,358121,10125731400,0,0,0
fu2205,20220218,20220218,112435000,11:24:35,3156,319269,358121,10125731400,0,0,0
fu2205,20220218,20220218,112435500,11:24:35,3156,319271,358123,10125794520,2,2,63120
fu2205,20220218,20220218,112436000,11:24:36,3156,319276,358127,10125952320,5,4,157800
fu2205,20220218,20220218,112437000,11:24:37,3155,319277,358127,10125983870,1,0,31550
fu2205,20220218,20220218,112437500,11:24:37,3155,319277,358127,10125983870,0,0,0
fu2205,20220218,20220218,112438500,11:24:39,3155,319277,358127,10125983870,0,0,0
fu2205,20220218,20220218,112439000,11:24:40,3155,319277,358127,10125983870,0,0,0
fu2205,20220218,20220218,112439500,11:24:40,3155,319277,358127,10125983870,0,0,0
fu2205,20220218,20220218,112440000,11:24:40,3156,319282,358127,10126141660,5,0,157790
fu2205,20220218,20220218,112440500,11:24:40,3156,319283,358127,10126173220,1,0,31560
fu2205,20220218,20220218,112441000,11:24:41,3155,319285,358128,10126236320,2,1,63100
fu2205,20220218,20220218,112441500,11:24:41,3155,319285,358128,10126236320,0,0,0
fu2205,20220218,20220218,112442000,11:24:42,3155,319286,358128,10126267870,1,0,31550
fu2205,20220218,20220218,112442500,11:24:42,3156,319287,358129,10126299430,1,1,31560
fu2205,20220218,20220218,112443000,11:24:43,3156,319289,358129,10126362550,2,0,63120
fu2205,20220218,20220218,112443500,11:24:43,3155,319291,358128,10126425650,2,-1,63100
fu2205,20220218,20220218,112444000,11:24:44,3155,319291,358128,10126425650,0,0,0
fu2205,20220218,20220218,112444500,11:24:44,3155,319292,358128,10126457200,1,0,31550
fu2205,20220218,20220218,112445000,11:24:45,3156,319298,358134,10126646560,6,6,189360
fu2205,20220218,20220218,112445500,11:24:45,3156,319303,358139,10126804360,5,5,157800
fu2205,20220218,20220218,112446000,11:24:46,3156,319304,358140,10126835920,1,1,31560
fu2205,20220218,20220218,112446500,11:24:46,3156,319304,358140,10126835920,0,0,0
fu2205,20220218,20220218,112447000,11:24:47,3156,319307,358140,10126930600,3,0,94680
fu2205,20220218,20220218,112447500,11:24:47,3156,319307,358140,10126930600,0,0,0
fu2205,20220218,20220218,112448000,11:24:48,3156,319308,358141,10126962160,1,1,31560
fu2205,20220218,20220218,112448500,11:24:48,3156,319321,358135,10127372440,13,-6,410280
fu2205,20220218,20220218,112449000,11:24:49,3156,319330,358137,10127656480,9,2,284040
fu2205,20220218,20220218,112449500,11:24:49,3156,319330,358137,10127656480,0,0,0
fu2205,20220218,20220218,112450000,11:24:50,3156,319333,358139,10127751160,3,2,94680
fu2205,20220218,20220218,112450500,11:24:50,3156,319333,358139,10127751160,0,0,0
fu2205,20220218,20220218,112451500,11:24:51,3156,319333,358139,10127751160,0,0,0
fu2205,20220218,20220218,112452000,11:24:52,3156,319335,358139,10127814280,2,0,63120
fu2205,20220218,20220218,112453000,11:24:53,3156,319335,358139,10127814280,0,0,0
fu2205,20220218,20220218,112453500,11:24:53,3155,319336,358140,10127845830,1,1,31550
fu2205,20220218,20220218,112454000,11:24:54,3155,319336,358140,10127845830,0,0,0
fu2205,20220218,20220218,112454500,11:24:54,3155,319336,358140,10127845830,0,0,0
fu2205,20220218,20220218,112455500,11:24:56,3155,319337,358140,10127877380,1,0,31550
fu2205,20220218,20220218,112456000,11:24:56,3156,319340,358140,10127972060,3,0,94680
fu2205,20220218,20220218,112457500,11:24:57,3156,319340,358140,10127972060,0,0,0
fu2205,20220218,20220218,112458000,11:24:58,3156,319340,358140,10127972060,0,0,0
fu2205,20220218,20220218,112458500,11:24:58,3156,319346,358140,10128161420,6,0,189360
fu2205,20220218,20220218,112459000,11:24:59,3155,319362,358154,10128666340,16,14,504920
fu2205,20220218,20220218,112459500,11:24:59,3155,319362,358154,10128666340,0,0,0
fu2205,20220218,20220218,112500000,11:25:00,3156,319365,358156,10128761020,3,2,94680
fu2205,20220218,20220218,112500500,11:25:01,3156,319366,358157,10128792580,1,1,31560
fu2205,20220218,20220218,112501000,11:25:02,3156,319366,358157,10128792580,0,0,0
fu2205,20220218,20220218,112501500,11:25:04,3156,319378,358169,10129171300,12,12,378720
fu2205,20220218,20220218,112502000,11:25:05,3156,319390,358171,10129550020,12,2,378720
fu2205,20220218,20220218,112502500,11:25:06,3156,319390,358171,10129550020,0,0,0
fu2205,20220218,20220218,112505000,11:25:06,3157,319423,358175,10130591600,33,4,1041580
fu2205,20220218,20220218,112505500,11:25:06,3157,319423,358175,10130591600,0,0,0
fu2205,20220218,20220218,112506000,11:25:06,3156,319424,358175,10130623160,1,0,31560
fu2205,20220218,20220218,112506500,11:25:07,3156,319424,358175,10130623160,0,0,0
fu2205,20220218,20220218,112507000,11:25:07,3156,319469,358204,10132043360,45,29,1420200
fu2205,20220218,20220218,112507500,11:25:07,3156,319469,358204,10132043360,0,0,0
fu2205,20220218,20220218,112508000,11:25:08,3157,319472,358205,10132138060,3,1,94700
fu2205,20220218,20220218,112508500,11:25:08,3157,319476,358203,10132264340,4,-2,126280
fu2205,20220218,20220218,112509000,11:25:09,3156,319478,358203,10132327470,2,0,63130
fu2205,20220218,20220218,112509500,11:25:09,3156,319478,358203,10132327470,0,0,0
fu2205,20220218,20220218,112510000,11:25:10,3156,319490,358204,10132706300,12,1,378830
fu2205,20220218,20220218,112510500,11:25:10,3156,319490,358204,10132706300,0,0,0
fu2205,20220218,20220218,112511000,11:25:11,3156,319490,358204,10132706300,0,0,0
fu2205,20220218,20220218,112511500,11:25:11,3156,319490,358204,10132706300,0,0,0
fu2205,20220218,20220218,112512000,11:25:12,3156,319491,358204,10132737860,1,0,31560
fu2205,20220218,20220218,112512500,11:25:12,3156,319492,358204,10132769420,1,0,31560
fu2205,20220218,20220218,112513000,11:25:13,3156,319493,358204,10132800980,1,0,31560
fu2205,20220218,20220218,112513500,11:25:15,3156,319493,358204,10132800980,0,0,0
fu2205,20220218,20220218,112514000,11:25:15,3156,319504,358215,10133148140,11,11,347160
fu2205,20220218,20220218,112514500,11:25:15,3157,319514,358208,10133463840,10,-7,315700
fu2205,20220218,20220218,112515000,11:25:16,3157,319514,358208,10133463840,0,0,0
fu2205,20220218,20220218,112515500,11:25:16,3157,319514,358208,10133463840,0,0,0
fu2205,20220218,20220218,112516000,11:25:16,3157,319514,358208,10133463840,0,0,0
fu2205,20220218,20220218,112516500,11:25:16,3157,319514,358208,10133463840,0,0,0
fu2205,20220218,20220218,112517500,11:25:18,3157,319514,358208,10133463840,0,0,0
fu2205,20220218,20220218,112518000,11:25:18,3157,319514,358208,10133463840,0,0,0
fu2205,20220218,20220218,112519000,11:25:19,3157,319514,358208,10133463840,0,0,0
fu2205,20220218,20220218,112519500,11:25:19,3157,319514,358208,10133463840,0,0,0
fu2205,20220218,20220218,112520000,11:25:21,3156,319515,358208,10133495400,1,0,31560
fu2205,20220218,20220218,112520500,11:25:21,3156,319516,358208,10133526960,1,0,31560
fu2205,20220218,20220218,112521000,11:25:21,3157,319518,358208,10133590100,2,0,63140
fu2205,20220218,20220218,112521500,11:25:22,3157,319518,358208,10133590100,0,0,0
fu2205,20220218,20220218,112522000,11:25:22,3157,319529,358207,10133937370,11,-1,347270
fu2205,20220218,20220218,112522500,11:25:22,3157,319533,358206,10134063650,4,-1,126280
fu2205,20220218,20220218,112523000,11:25:23,3157,319540,358207,10134284640,7,1,220990
fu2205,20220218,20220218,112523500,11:25:24,3157,319540,358207,10134284640,0,0,0
fu2205,20220218,20220218,112524000,11:25:25,3157,319540,358207,10134284640,0,0,0
fu2205,20220218,20220218,112524500,11:25:25,3157,319541,358207,10134316210,1,0,31570
fu2205,20220218,20220218,112525000,11:25:25,3157,319541,358207,10134316210,0,0,0
fu2205,20220218,20220218,112525500,11:25:26,3157,319546,358207,10134474060,5,0,157850
fu2205,20220218,20220218,112526000,11:25:26,3157,319546,358207,10134474060,0,0,0
fu2205,20220218,20220218,112526500,11:25:27,3157,319546,358207,10134474060,0,0,0
fu2205,20220218,20220218,112527000,11:25:27,3157,319546,358207,10134474060,0,0,0
fu2205,20220218,20220218,112527500,11:25:28,3157,319546,358207,10134474060,0,0,0
fu2205,20220218,20220218,112528000,11:25:28,3157,319546,358207,10134474060,0,0,0
fu2205,20220218,20220218,112529000,11:25:29,3157,319552,358207,10134663480,6,0,189420
fu2205,20220218,20220218,112529500,11:25:30,3157,319552,358207,10134663480,0,0,0
fu2205,20220218,20220218,112530000,11:25:31,3157,319552,358207,10134663480,0,0,0
fu2205,20220218,20220218,112530500,11:25:31,3157,319554,358208,10134726610,2,1,63130
fu2205,20220218,20220218,112531000,11:25:31,3156,319595,358186,10136020570,41,-22,1293960
fu2205,20220218,20220218,112531500,11:25:32,3156,319601,358192,10136209930,6,6,189360
fu2205,20220218,20220218,112532000,11:25:32,3156,319601,358192,10136209930,0,0,0
fu2205,20220218,20220218,112532500,11:25:33,3156,319601,358192,10136209930,0,0,0
fu2205,20220218,20220218,112533000,11:25:33,3156,319605,358196,10136336170,4,4,126240
fu2205,20220218,20220218,112533500,11:25:33,3156,319605,358196,10136336170,0,0,0
fu2205,20220218,20220218,112534000,11:25:34,3156,319613,358203,10136588650,8,7,252480
fu2205,20220218,20220218,112534500,11:25:35,3155,319617,358203,10136714870,4,0,126220
fu2205,20220218,20220218,112535000,11:25:36,3155,319618,358203,10136746420,1,0,31550
fu2205,20220218,20220218,112536000,11:25:37,3156,319620,358203,10136809540,2,0,63120
fu2205,20220218,20220218,112536500,11:25:37,3156,319621,358203,10136841100,1,0,31560
fu2205,20220218,20220218,112537000,11:25:38,3156,319621,358203,10136841100,0,0,0
fu2205,20220218,20220218,112537500,11:25:38,3156,319621,358203,10136841100,0,0,0
fu2205,20220218,20220218,112538000,11:25:38,3156,319621,358203,10136841100,0,0,0
fu2205,20220218,20220218,112538500,11:25:39,3156,319621,358203,10136841100,0,0,0
fu2205,20220218,20220218,112539000,11:25:39,3156,319621,358203,10136841100,0,0,0
fu2205,20220218,20220218,112539500,11:25:40,3155,319624,358204,10136935770,3,1,94670
fu2205,20220218,20220218,112540000,11:25:40,3155,319625,358205,10136967320,1,1,31550
fu2205,20220218,20220218,112540500,11:25:40,3156,319628,358205,10137062000,3,0,94680
fu2205,20220218,20220218,112541000,11:25:41,3156,319631,358205,10137156680,3,0,94680
fu2205,20220218,20220218,112541500,11:25:41,3156,319631,358205,10137156680,0,0,0
fu2205,20220218,20220218,112542000,11:25:42,3156,319631,358205,10137156680,0,0,0
fu2205,20220218,20220218,112543000,11:25:43,3156,319632,358205,10137188240,1,0,31560
fu2205,20220218,20220218,112543500,11:25:43,3155,319634,358207,10137251350,2,2,63110
fu2205,20220218,20220218,112544000,11:25:44,3155,319634,358207,10137251350,0,0,0
fu2205,20220218,20220218,112544500,11:25:44,3156,319636,358209,10137314470,2,2,63120
fu2205,20220218,20220218,112545000,11:25:45,3155,319637,358209,10137346020,1,0,31550
fu2205,20220218,20220218,112545500,11:25:46,3155,319638,358210,10137377570,1,1,31550
fu2205,20220218,20220218,112546500,11:25:48,3156,319640,358212,10137440690,2,2,63120
fu2205,20220218,20220218,112547000,11:25:48,3156,319640,358212,10137440690,0,0,0
fu2205,20220218,20220218,112547500,11:25:48,3156,319640,358212,10137440690,0,0,0
fu2205,20220218,20220218,112548000,11:25:48,3155,319641,358212,10137472240,1,0,31550
fu2205,20220218,20220218,112548500,11:25:48,3155,319643,358214,10137535340,2,2,63100
fu2205,20220218,20220218,112549000,11:25:49,3155,319643,358214,10137535340,0,0,0
fu2205,20220218,20220218,112549500,11:25:49,3155,319643,358214,10137535340,0,0,0
fu2205,20220218,20220218,112550000,11:25:50,3155,319644,358215,10137566890,1,1,31550
fu2205,20220218,20220218,112550500,11:25:50,3155,319644,358215,10137566890,0,0,0
fu2205,20220218,20220218,112551000,11:25:51,3155,319644,358215,10137566890,0,0,0
fu2205,20220218,20220218,112552500,11:25:52,3155,319644,358215,10137566890,0,0,0
fu2205,20220218,20220218,112553000,11:25:53,3156,319645,358215,10137598450,1,0,31560
fu2205,20220218,20220218,112553500,11:25:54,3155,319646,358216,10137630000,1,1,31550
fu2205,20220218,20220218,112554000,11:25:54,3155,319646,358216,10137630000,0,0,0
fu2205,20220218,20220218,112554500,11:25:54,3155,319647,358216,10137661550,1,0,31550
fu2205,20220218,20220218,112555000,11:25:55,3155,319647,358216,10137661550,0,0,0
fu2205,20220218,20220218,112555500,11:25:56,3155,319647,358216,10137661550,0,0,0
fu2205,20220218,20220218,112556000,11:25:57,3155,319647,358216,10137661550,0,0,0
fu2205,20220218,20220218,112556500,11:25:57,3155,319650,358216,10137756210,3,0,94660
fu2205,20220218,20220218,112557000,11:25:57,3155,319650,358216,10137756210,0,0,0
fu2205,20220218,20220218,112557500,11:25:57,3155,319650,358216,10137756210,0,0,0
fu2205,20220218,20220218,112558000,11:25:59,3155,319650,358216,10137756210,0,0,0
fu2205,20220218,20220218,112558500,11:25:59,3155,319650,358216,10137756210,0,0,0
fu2205,20220218,20220218,112559000,11:26:00,3155,319654,358219,10137882410,4,3,126200
fu2205,20220218,20220218,112559500,11:26:00,3155,319654,358219,10137882410,0,0,0
fu2205,20220218,20220218,112600000,11:26:00,3155,319654,358219,10137882410,0,0,0
fu2205,20220218,20220218,112600500,11:26:01,3155,319654,358219,10137882410,0,0,0
fu2205,20220218,20220218,112601000,11:26:01,3155,319658,358220,10138008610,4,1,126200
fu2205,20220218,20220218,112601500,11:26:02,3155,319658,358220,10138008610,0,0,0
fu2205,20220218,20220218,112602500,11:26:03,3155,319658,358220,10138008610,0,0,0
fu2205,20220218,20220218,112603000,11:26:03,3155,319661,358218,10138103270,3,-2,94660
fu2205,20220218,20220218,112603500,11:26:04,3155,319661,358218,10138103270,0,0,0
fu2205,20220218,20220218,112604000,11:26:05,3156,319673,358226,10138481890,12,8,378620
fu2205,20220218,20220218,112604500,11:26:05,3156,319673,358226,10138481890,0,0,0
fu2205,20220218,20220218,112605000,11:26:05,3156,319673,358226,10138481890,0,0,0
fu2205,20220218,20220218,112605500,11:26:06,3156,319673,358226,10138481890,0,0,0
fu2205,20220218,20220218,112606000,11:26:06,3156,319673,358226,10138481890,0,0,0
fu2205,20220218,20220218,112606500,11:26:07,3156,319673,358226,10138481890,0,0,0
fu2205,20220218,20220218,112607000,11:26:09,3156,319676,358226,10138576560,3,0,94670
fu2205,20220218,20220218,112608000,11:26:09,3156,319676,358226,10138576560,0,0,0
fu2205,20220218,20220218,112609000,11:26:10,3155,319677,358226,10138608110,1,0,31550
fu2205,20220218,20220218,112610000,11:26:10,3155,319681,358227,10138734310,4,1,126200
fu2205,20220218,20220218,112610500,11:26:11,3156,319682,358226,10138765870,1,-1,31560
fu2205,20220218,20220218,112611000,11:26:11,3156,319682,358226,10138765870,0,0,0
fu2205,20220218,20220218,112612000,11:26:14,3155,319687,358221,10138923620,5,-5,157750
fu2205,20220218,20220218,112613500,11:26:15,3155,319687,358221,10138923620,0,0,0
fu2205,20220218,20220218,112614000,11:26:15,3155,319688,358220,10138955170,1,-1,31550
fu2205,20220218,20220218,112614500,11:26:15,3155,319698,358222,10139270760,10,2,315590
fu2205,20220218,20220218,112615000,11:26:16,3156,319710,358210,10139649470,12,-12,378710
fu2205,20220218,20220218,112615500,11:26:16,3156,319710,358210,10139649470,0,0,0
fu2205,20220218,20220218,112616000,11:26:16,3156,319711,358211,10139681030,1,1,31560
fu2205,20220218,20220218,112616500,11:26:17,3156,319716,358215,10139838830,5,4,157800
fu2205,20220218,20220218,112617000,11:26:17,3156,319720,358214,10139965070,4,-1,126240
fu2205,20220218,20220218,112617500,11:26:17,3156,319720,358214,10139965070,0,0,0
fu2205,20220218,20220218,112618000,11:26:18,3156,319723,358215,10140059750,3,1,94680
fu2205,20220218,20220218,112618500,11:26:19,3156,319724,358215,10140091310,1,0,31560
fu2205,20220218,20220218,112619000,11:26:19,3156,319724,358215,10140091310,0,0,0
fu2205,20220218,20220218,112619500,11:26:20,3156,319726,358217,10140154430,2,2,63120
fu2205,20220218,20220218,112620000,11:26:20,3155,319727,358217,10140185980,1,0,31550
fu2205,20220218,20220218,112620500,11:26:20,3155,319727,358217,10140185980,0,0,0
fu2205,20220218,20220218,112621000,11:26:21,3155,319727,358217,10140185980,0,0,0
fu2205,20220218,20220218,112622000,11:26:22,3155,319727,358217,10140185980,0,0,0
fu2205,20220218,20220218,112622500,11:26:22,3155,319727,358217,10140185980,0,0,0
fu2205,20220218,20220218,112623000,11:26:23,3155,319727,358217,10140185980,0,0,0
fu2205,20220218,20220218,112623500,11:26:23,3155,319785,358182,10142015880,58,-35,1829900
fu2205,20220218,20220218,112624000,11:26:24,3154,319791,358176,10142205120,6,-6,189240
fu2205,20220218,20220218,112624500,11:26:24,3154,319797,358178,10142394400,6,2,189280
fu2205,20220218,20220218,112625000,11:26:25,3155,319798,358179,10142425950,1,1,31550
fu2205,20220218,20220218,112625500,11:26:26,3155,319798,358179,10142425950,0,0,0
fu2205,20220218,20220218,112626000,11:26:26,3155,319803,358182,10142583700,5,3,157750
fu2205,20220218,20220218,112626500,11:26:26,3155,319803,358182,10142583700,0,0,0
fu2205,20220218,20220218,112627000,11:26:27,3155,319805,358183,10142646800,2,1,63100
fu2205,20220218,20220218,112627500,11:26:27,3155,319811,358188,10142836100,6,5,189300
fu2205,20220218,20220218,112628000,11:26:28,3155,319812,358189,10142867650,1,1,31550
fu2205,20220218,20220218,112628500,11:26:28,3155,319812,358189,10142867650,0,0,0
fu2205,20220218,20220218,112629000,11:26:29,3155,319812,358189,10142867650,0,0,0
fu2205,20220218,20220218,112630000,11:26:31,3155,319812,358189,10142867650,0,0,0
fu2205,20220218,20220218,112630500,11:26:31,3155,319812,358189,10142867650,0,0,0
fu2205,20220218,20220218,112631000,11:26:31,3154,319813,358188,10142899190,1,-1,31540
fu2205,20220218,20220218,112631500,11:26:32,3154,319813,358188,10142899190,0,0,0
fu2205,20220218,20220218,112632000,11:26:32,3155,319818,358187,10143056910,5,-1,157720
fu2205,20220218,20220218,112633000,11:26:33,3155,319819,358188,10143088460,1,1,31550
fu2205,20220218,20220218,112633500,11:26:34,3155,319819,358188,10143088460,0,0,0
fu2205,20220218,20220218,112634000,11:26:35,3154,319822,358185,10143183080,3,-3,94620
fu2205,20220218,20220218,112634500,11:26:37,3154,319822,358185,10143183080,0,0,0
fu2205,20220218,20220218,112635000,11:26:37,3154,319822,358185,10143183080,0,0,0
fu2205,20220218,20220218,112635500,11:26:37,3154,319822,358185,10143183080,0,0,0
fu2205,20220218,20220218,112636500,11:26:46,3154,319822,358185,10143183080,0,0,0
fu2205,20220218,20220218,112637500,11:27:10,3154,319822,358185,10143183080,0,0,0
fu2205,20220218,20220218,112638000,11:27:10,3154,319822,358185,10143183080,0,0,0
fu2205,20220218,20220218,112638500,11:27:10,3154,319842,358193,10143813880,20,8,630800
fu2205,20220218,20220218,112653500,11:27:11,3154,319905,358238,10145800770,63,45,1986890
fu2205,20220218,20220218,112710000,11:27:12,3154,319905,358238,10145800770,0,0,0
fu2205,20220218,20220218,112710500,11:27:12,3154,319905,358238,10145800770,0,0,0
fu2205,20220218,20220218,112712000,11:27:12,3155,319926,358251,10146463260,21,13,662490
fu2205,20220218,20220218,112712500,11:27:13,3155,319932,358255,10146652540,6,4,189280
fu2205,20220218,20220218,112713000,11:27:14,3155,319932,358255,10146652540,0,0,0
fu2205,20220218,20220218,112713500,11:27:14,3155,319932,358255,10146652540,0,0,0
fu2205,20220218,20220218,112714000,11:27:15,3155,319932,358255,10146652540,0,0,0
fu2205,20220218,20220218,112714500,11:27:15,3155,319938,358257,10146841810,6,2,189270
fu2205,20220218,20220218,112715000,11:27:16,3154,319942,358260,10146967980,4,3,126170
fu2205,20220218,20220218,112715500,11:27:16,3155,319958,358270,10147472720,16,10,504740
fu2205,20220218,20220218,112716000,11:27:17,3155,319960,358270,10147535820,2,0,63100
fu2205,20220218,20220218,112716500,11:27:17,3155,319960,358270,10147535820,0,0,0
fu2205,20220218,20220218,112717000,11:27:17,3155,319962,358272,10147598920,2,2,63100
fu2205,20220218,20220218,112717500,11:27:17,3155,319968,358272,10147788220,6,0,189300
fu2205,20220218,20220218,112718000,11:27:18,3155,319977,358271,10148072170,9,-1,283950
fu2205,20220218,20220218,112718500,11:27:19,3155,319977,358271,10148072170,0,0,0
fu2205,20220218,20220218,112719000,11:27:19,3155,319977,358271,10148072170,0,0,0
fu2205,20220218,20220218,112719500,11:27:20,3155,319977,358271,10148072170,0,0,0
fu2205,20220218,20220218,112720000,11:27:20,3155,319977,358271,10148072170,0,0,0
fu2205,20220218,20220218,112720500,11:27:21,3155,319977,358271,10148072170,0,0,0
fu2205,20220218,20220218,112721000,11:27:21,3156,319979,358273,10148135290,2,2,63120
fu2205,20220218,20220218,112721500,11:27:22,3155,319980,358272,10148166840,1,-1,31550
fu2205,20220218,20220218,112722000,11:27:22,3156,319983,358275,10148261520,3,3,94680
fu2205,20220218,20220218,112722500,11:27:22,3155,319984,358275,10148293070,1,0,31550
fu2205,20220218,20220218,112723000,11:27:26,3155,319984,358275,10148293070,0,0,0
fu2205,20220218,20220218,112723500,11:27:27,3155,319984,358275,10148293070,0,0,0
fu2205,20220218,20220218,112724000,11:27:27,3155,319985,358276,10148324620,1,1,31550
fu2205,20220218,20220218,112726500,11:27:27,3155,319985,358276,10148324620,0,0,0
fu2205,20220218,20220218,112727000,11:27:27,3155,319999,358286,10148766340,14,10,441720
fu2205,20220218,20220218,112727500,11:27:27,3155,319999,358286,10148766340,0,0,0
fu2205,20220218,20220218,112728000,11:27:28,3155,319999,358286,10148766340,0,0,0
fu2205,20220218,20220218,112728500,11:27:28,3156,320000,358287,10148797900,1,1,31560
fu2205,20220218,20220218,112729000,11:27:29,3156,320001,358288,10148829460,1,1,31560
fu2205,20220218,20220218,112729500,11:27:29,3155,320003,358288,10148892560,2,0,63100
fu2205,20220218,20220218,112730500,11:27:31,3155,320004,358288,10148924110,1,0,31550
fu2205,20220218,20220218,112731000,11:27:32,3156,320005,358289,10148955670,1,1,31560
fu2205,20220218,20220218,112731500,11:27:35,3156,320005,358289,10148955670,0,0,0
fu2205,20220218,20220218,112732500,11:27:36,3156,320006,358290,10148987230,1,1,31560
fu2205,20220218,20220218,112735500,11:27:36,3156,320006,358290,10148987230,0,0,0
fu2205,20220218,20220218,112736000,11:27:37,3155,320014,358295,10149239650,8,5,252420
fu2205,20220218,20220218,112736500,11:27:38,3155,320014,358295,10149239650,0,0,0
fu2205,20220218,20220218,112737000,11:27:38,3155,320014,358295,10149239650,0,0,0
fu2205,20220218,20220218,112737500,11:27:38,3155,320014,358295,10149239650,0,0,0
fu2205,20220218,20220218,112738000,11:27:38,3155,320015,358296,10149271200,1,1,31550
fu2205,20220218,20220218,112738500,11:27:39,3155,320015,358296,10149271200,0,0,0
fu2205,20220218,20220218,112739000,11:27:39,3155,320016,358297,10149302750,1,1,31550
fu2205,20220218,20220218,112739500,11:27:39,3155,320017,358298,10149334300,1,1,31550
fu2205,20220218,20220218,112740500,11:27:40,3156,320022,358298,10149492100,5,0,157800
fu2205,20220218,20220218,112741000,11:27:41,3156,320034,358307,10149870820,12,9,378720
fu2205,20220218,20220218,112741500,11:27:42,3155,320059,358315,10150659570,25,8,788750
fu2205,20220218,20220218,112742000,11:27:42,3155,320059,358315,10150659570,0,0,0
fu2205,20220218,20220218,112742500,11:27:43,3155,320059,358315,10150659570,0,0,0
fu2205,20220218,20220218,112743500,11:27:43,3155,320059,358315,10150659570,0,0,0
fu2205,20220218,20220218,112744000,11:27:44,3155,320069,358319,10150975070,10,4,315500
fu2205,20220218,20220218,112744500,11:27:45,3155,320075,358324,10151164370,6,5,189300
fu2205,20220218,20220218,112745000,11:27:45,3155,320083,358332,10151416770,8,8,252400
fu2205,20220218,20220218,112745500,11:27:46,3155,320083,358332,10151416770,0,0,0
fu2205,20220218,20220218,112746000,11:27:46,3155,320083,358332,10151416770,0,0,0
fu2205,20220218,20220218,112747000,11:27:47,3155,320083,358332,10151416770,0,0,0
fu2205,20220218,20220218,112747500,11:27:47,3155,320083,358332,10151416770,0,0,0
fu2205,20220218,20220218,112748000,11:27:53,3155,320083,358332,10151416770,0,0,0
fu2205,20220218,20220218,112749000,11:27:54,3156,320085,358334,10151479890,2,2,63120
fu2205,20220218,20220218,112749500,11:27:54,3156,320085,358334,10151479890,0,0,0
fu2205,20220218,20220218,112753000,11:27:54,3155,320089,358333,10151606100,4,-1,126210
fu2205,20220218,20220218,112754500,11:27:54,3155,320089,358333,10151606100,0,0,0
fu2205,20220218,20220218,112755000,11:27:55,3156,320090,358333,10151637660,1,0,31560
fu2205,20220218,20220218,112756000,11:27:56,3156,320093,358333,10151732340,3,0,94680
fu2205,20220218,20220218,112757000,11:27:57,3155,320094,358333,10151763890,1,0,31550
fu2205,20220218,20220218,112757500,11:27:57,3155,320100,358333,10151953190,6,0,189300
fu2205,20220218,20220218,112758000,11:27:58,3155,320100,358333,10151953190,0,0,0
fu2205,20220218,20220218,112758500,11:27:59,3155,320100,358333,10151953190,0,0,0
fu2205,20220218,20220218,112759500,11:27:59,3155,320100,358333,10151953190,0,0,0
fu2205,20220218,20220218,112800000,11:28:00,3156,320120,358318,10152584390,20,-15,631200
fu2205,20220218,20220218,112800500,11:28:01,3155,320121,358318,10152615940,1,0,31550
fu2205,20220218,20220218,112801000,11:28:01,3156,320124,358318,10152710600,3,0,94660
fu2205,20220218,20220218,112801500,11:28:02,3156,320124,358318,10152710600,0,0,0
fu2205,20220218,20220218,112802000,11:28:03,3155,320127,358317,10152805270,3,-1,94670
fu2205,20220218,20220218,112802500,11:28:03,3156,320128,358317,10152836830,1,0,31560
fu2205,20220218,20220218,112803000,11:28:04,3156,320129,358317,10152868390,1,0,31560
fu2205,20220218,20220218,112803500,11:28:04,3156,320150,358317,10153531150,21,0,662760
fu2205,20220218,20220218,112804000,11:28:04,3156,320180,358321,10154477950,30,4,946800
fu2205,20220218,20220218,112804500,11:28:05,3156,320180,358321,10154477950,0,0,0
fu2205,20220218,20220218,112805000,11:28:06,3156,320182,358322,10154541080,2,1,63130
fu2205,20220218,20220218,112805500,11:28:06,3156,320182,358322,10154541080,0,0,0
fu2205,20220218,20220218,112806000,11:28:10,3157,320184,358323,10154604210,2,1,63130
fu2205,20220218,20220218,112806500,11:28:10,3156,320186,358324,10154667330,2,1,63120
fu2205,20220218,20220218,112807000,11:28:10,3157,320189,358327,10154762040,3,3,94710
fu2205,20220218,20220218,112807500,11:28:11,3156,320191,358329,10154825160,2,2,63120
fu2205,20220218,20220218,112810000,11:28:11,3156,320191,358329,10154825160,0,0,0
fu2205,20220218,20220218,112810500,11:28:12,3156,320191,358329,10154825160,0,0,0
fu2205,20220218,20220218,112811000,11:28:12,3156,320191,358329,10154825160,0,0,0
fu2205,20220218,20220218,112811500,11:28:12,3156,320191,358329,10154825160,0,0,0
fu2205,20220218,20220218,112812000,11:28:13,3157,320196,358331,10154983010,5,2,157850
fu2205,20220218,20220218,112812500,11:28:13,3157,320197,358331,10155014580,1,0,31570
fu2205,20220218,20220218,112813500,11:28:14,3156,320200,358334,10155109260,3,3,94680
fu2205,20220218,20220218,112814000,11:28:14,3157,320201,358334,10155140830,1,0,31570
fu2205,20220218,20220218,112814500,11:28:14,3156,320203,358336,10155203950,2,2,63120
fu2205,20220218,20220218,112816000,11:28:16,3156,320209,358336,10155393310,6,0,189360
fu2205,20220218,20220218,112816500,11:28:16,3156,320209,358336,10155393310,0,0,0
fu2205,20220218,20220218,112817000,11:28:17,3157,320214,358336,10155551160,5,0,157850
fu2205,20220218,20220218,112817500,11:28:17,3157,320214,358336,10155551160,0,0,0
fu2205,20220218,20220218,112818500,11:28:18,3157,320223,358336,10155835250,9,0,284090
fu2205,20220218,20220218,112819000,11:28:19,3157,320223,358336,10155835250,0,0,0
fu2205,20220218,20220218,112819500,11:28:19,3157,320223,358336,10155835250,0,0,0
fu2205,20220218,20220218,112820500,11:28:20,3157,320225,358334,10155898390,2,-2,63140
fu2205,20220218,20220218,112821000,11:28:21,3157,320231,358338,10156087770,6,4,189380
fu2205,20220218,20220218,112821500,11:28:22,3157,320231,358338,10156087770,0,0,0
fu2205,20220218,20220218,112822000,11:28:22,3156,320232,358338,10156119330,1,0,31560
fu2205,20220218,20220218,112822500,11:28:22,3156,320232,358338,10156119330,0,0,0
fu2205,20220218,20220218,112823000,11:28:23,3156,320232,358338,10156119330,0,0,0
fu2205,20220218,20220218,112823500,11:28:23,3156,320232,358338,10156119330,0,0,0
fu2205,20220218,20220218,112824000,11:28:24,3157,320238,358332,10156308750,6,-6,189420
fu2205,20220218,20220218,112824500,11:28:24,3157,320238,358332,10156308750,0,0,0
fu2205,20220218,20220218,112825000,11:28:25,3157,320242,358331,10156435030,4,-1,126280
fu2205,20220218,20220218,112825500,11:28:25,3157,320242,358331,10156435030,0,0,0
fu2205,20220218,20220218,112826000,11:28:26,3157,320247,358331,10156592880,5,0,157850
fu2205,20220218,20220218,112826500,11:28:27,3157,320259,358343,10156971720,12,12,378840
fu2205,20220218,20220218,112827000,11:28:27,3157,320259,358343,10156971720,0,0,0
fu2205,20220218,20220218,112827500,11:28:27,3157,320260,358343,10157003290,1,0,31570
fu2205,20220218,20220218,112828000,11:28:28,3157,320260,358343,10157003290,0,0,0
fu2205,20220218,20220218,112828500,11:28:28,3157,320260,358343,10157003290,0,0,0
fu2205,20220218,20220218,112829000,11:28:29,3157,320260,358343,10157003290,0,0,0
fu2205,20220218,20220218,112829500,11:28:30,3157,320260,358343,10157003290,0,0,0
fu2205,20220218,20220218,112830000,11:28:30,3156,320261,358343,10157034850,1,0,31560
fu2205,20220218,20220218,112830500,11:28:31,3156,320261,358343,10157034850,0,0,0
fu2205,20220218,20220218,112831000,11:28:31,3156,320261,358343,10157034850,0,0,0
fu2205,20220218,20220218,112831500,11:28:31,3156,320331,358392,10159244050,70,49,2209200
fu2205,20220218,20220218,112832000,11:28:32,3156,320339,358400,10159496530,8,8,252480
fu2205,20220218,20220218,112832500,11:28:33,3156,320339,358400,10159496530,0,0,0
fu2205,20220218,20220218,112833000,11:28:33,3156,320344,358402,10159654330,5,2,157800
fu2205,20220218,20220218,112833500,11:28:34,3156,320345,358402,10159685890,1,0,31560
fu2205,20220218,20220218,112834000,11:28:34,3156,320346,358402,10159717450,1,0,31560
fu2205,20220218,20220218,112834500,11:28:34,3156,320356,358412,10160033050,10,10,315600
fu2205,20220218,20220218,112835000,11:28:35,3156,320357,358413,10160064610,1,1,31560
fu2205,20220218,20220218,112835500,11:28:37,3156,320357,358413,10160064610,0,0,0
fu2205,20220218,20220218,112836000,11:28:37,3156,320357,358413,10160064610,0,0,0
fu2205,20220218,20220218,112836500,11:28:37,3156,320371,358418,10160506450,14,5,441840
fu2205,20220218,20220218,112837000,11:28:37,3156,320373,358420,10160569570,2,2,63120
fu2205,20220218,20220218,112837500,11:28:37,3156,320376,358423,10160664250,3,3,94680
fu2205,20220218,20220218,112838000,11:28:38,3156,320376,358423,10160664250,0,0,0
fu2205,20220218,20220218,112838500,11:28:38,3156,320376,358423,10160664250,0,0,0
fu2205,20220218,20220218,112839000,11:28:40,3156,320376,358423,10160664250,0,0,0
fu2205,20220218,20220218,112839500,11:28:40,3156,320376,358423,10160664250,0,0,0
fu2205,20220218,20220218,112841000,11:28:41,3155,320377,358424,10160695800,1,1,31550
fu2205,20220218,20220218,112841500,11:28:41,3156,320378,358424,10160727360,1,0,31560
fu2205,20220218,20220218,112842000,11:28:42,3155,320379,358424,10160758910,1,0,31550
fu2205,20220218,20220218,112842500,11:28:42,3156,320382,358425,10160853590,3,1,94680
fu2205,20220218,20220218,112843000,11:28:43,3156,320382,358425,10160853590,0,0,0
fu2205,20220218,20220218,112843500,11:28:44,3156,320383,358426,10160885150,1,1,31560
fu2205,20220218,20220218,112844000,11:28:44,3156,320383,358426,10160885150,0,0,0
fu2205,20220218,20220218,112844500,11:28:44,3155,320384,358426,10160916700,1,0,31550
fu2205,20220218,20220218,112845000,11:28:45,3156,320394,358426,10161232300,10,0,315600
fu2205,20220218,20220218,112845500,11:28:46,3155,320397,358426,10161326970,3,0,94670
fu2205,20220218,20220218,112846000,11:28:46,3155,320399,358426,10161390080,2,0,63110
fu2205,20220218,20220218,112846500,11:28:46,3155,320400,358427,10161421630,1,1,31550
fu2205,20220218,20220218,112847000,11:28:47,3156,320402,358429,10161484750,2,2,63120
fu2205,20220218,20220218,112847500,11:28:48,3156,320407,358429,10161642550,5,0,157800
fu2205,20220218,20220218,112848000,11:28:48,3157,320412,358434,10161800360,5,5,157810
fu2205,20220218,20220218,112848500,11:28:48,3157,320412,358434,10161800360,0,0,0
fu2205,20220218,20220218,112849000,11:28:49,3157,320412,358434,10161800360,0,0,0
fu2205,20220218,20220218,112849500,11:28:50,3157,320412,358434,10161800360,0,0,0
fu2205,20220218,20220218,112850000,11:28:50,3157,320413,358435,10161831930,1,1,31570
fu2205,20220218,20220218,112850500,11:28:50,3156,320451,358428,10163030970,38,-7,1199040
fu2205,20220218,20220218,112851000,11:28:51,3156,320454,358428,10163125630,3,0,94660
fu2205,20220218,20220218,112851500,11:28:51,3156,320471,358439,10163662150,17,11,536520
fu2205,20220218,20220218,112852000,11:28:53,3157,320475,358443,10163788400,4,4,126250
fu2205,20220218,20220218,112852500,11:28:53,3156,320478,358442,10163883080,3,-1,94680
fu2205,20220218,20220218,112853000,11:28:54,3156,320479,358443,10163914640,1,1,31560
fu2205,20220218,20220218,112853500,11:28:54,3156,320479,358443,10163914640,0,0,0
fu2205,20220218,20220218,112854000,11:28:54,3156,320480,358444,10163946200,1,1,31560
fu2205,20220218,20220218,112854500,11:28:54,3156,320482,358444,10164009320,2,0,63120
fu2205,20220218,20220218,112855000,11:28:55,3157,320484,358445,10164072460,2,1,63140
fu2205,20220218,20220218,112855500,11:28:56,3156,320498,358451,10164514310,14,6,441850
fu2205,20220218,20220218,112856000,11:28:56,3156,320499,358452,10164545870,1,1,31560
fu2205,20220218,20220218,112856500,11:28:56,3156,320501,358452,10164608990,2,0,63120
fu2205,20220218,20220218,112857000,11:28:57,3156,320512,358462,10164956150,11,10,347160
fu2205,20220218,20220218,112857500,11:28:58,3156,320512,358462,10164956150,0,0,0
fu2205,20220218,20220218,112858000,11:28:59,3156,320512,358462,10164956150,0,0,0
fu2205,20220218,20220218,112858500,11:28:59,3156,320512,358462,10164956150,0,0,0
fu2205,20220218,20220218,112859000,11:28:59,3156,320514,358462,10165019280,2,0,63130
fu2205,20220218,20220218,112859500,11:29:00,3155,320515,358462,10165050830,1,0,31550
fu2205,20220218,20220218,112900000,11:29:00,3156,320519,358464,10165177070,4,2,126240
fu2205,20220218,20220218,112900500,11:29:01,3157,320520,358463,10165208640,1,-1,31570
fu2205,20220218,20220218,112901000,11:29:01,3157,320542,358480,10165903180,22,17,694540
fu2205,20220218,20220218,112901500,11:29:01,3157,320545,358483,10165997890,3,3,94710
fu2205,20220218,20220218,112902000,11:29:03,3157,320546,358483,10166029460,1,0,31570
fu2205,20220218,20220218,112902500,11:29:03,3157,320556,358483,10166345160,10,0,315700
fu2205,20220218,20220218,112903000,11:29:03,3156,320558,358482,10166408290,2,-1,63130
fu2205,20220218,20220218,112903500,11:29:04,3156,320558,358482,10166408290,0,0,0
fu2205,20220218,20220218,112904000,11:29:04,3156,320559,358481,10166439850,1,-1,31560
fu2205,20220218,20220218,112904500,11:29:04,3156,320561,358482,10166502980,2,1,63130
fu2205,20220218,20220218,112905000,11:29:05,3156,320562,358482,10166534540,1,0,31560
fu2205,20220218,20220218,112905500,11:29:06,3156,320569,358481,10166755460,7,-1,220920
fu2205,20220218,20220218,112906000,11:29:06,3156,320571,358481,10166818580,2,0,63120
fu2205,20220218,20220218,112906500,11:29:06,3156,320573,358481,10166881700,2,0,63120
fu2205,20220218,20220218,112907000,11:29:08,3156,320573,358481,10166881700,0,0,0
fu2205,20220218,20220218,112907500,11:29:08,3156,320574,358480,10166913260,1,-1,31560
fu2205,20220218,20220218,112908000,11:29:08,3156,320576,358478,10166976380,2,-2,63120
fu2205,20220218,20220218,112908500,11:29:08,3156,320577,358478,10167007940,1,0,31560
fu2205,20220218,20220218,112909000,11:29:09,3156,320603,358464,10167828500,26,-14,820560
fu2205,20220218,20220218,112909500,11:29:09,3156,320608,358464,10167986300,5,0,157800
fu2205,20220218,20220218,112910000,11:29:10,3156,320612,358466,10168112540,4,2,126240
fu2205,20220218,20220218,112910500,11:29:10,3156,320612,358466,10168112540,0,0,0
fu2205,20220218,20220218,112911000,11:29:11,3156,320612,358466,10168112540,0,0,0
fu2205,20220218,20220218,112911500,11:29:12,3156,320613,358466,10168144100,1,0,31560
fu2205,20220218,20220218,112912000,11:29:12,3157,320615,358466,10168207240,2,0,63140
fu2205,20220218,20220218,112912500,11:29:12,3156,320631,358466,10168712200,16,0,504960
fu2205,20220218,20220218,112913000,11:29:13,3156,320631,358466,10168712200,0,0,0
fu2205,20220218,20220218,112913500,11:29:14,3156,320631,358466,10168712200,0,0,0
fu2205,20220218,20220218,112914000,11:29:14,3156,320636,358470,10168870000,5,4,157800
fu2205,20220218,20220218,112914500,11:29:15,3157,320655,358489,10169469720,19,19,599720
fu2205,20220218,20220218,112915000,11:29:15,3157,320655,358489,10169469720,0,0,0
fu2205,20220218,20220218,112915500,11:29:16,3157,320655,358489,10169469720,0,0,0
fu2205,20220218,20220218,112916000,11:29:16,3156,320659,358493,10169595990,4,4,126270
fu2205,20220218,20220218,112916500,11:29:18,3156,320660,358493,10169627550,1,0,31560
fu2205,20220218,20220218,112917000,11:29:20,3156,320662,358494,10169690680,2,1,63130
fu2205,20220218,20220218,112917500,11:29:21,3157,320699,358527,10170858410,37,33,1167730
fu2205,20220218,20220218,112918000,11:29:21,3156,320702,358527,10170953090,3,0,94680
fu2205,20220218,20220218,112920500,11:29:21,3157,320835,358484,10175151580,133,-43,4198490
fu2205,20220218,20220218,112921000,11:29:22,3157,320836,358483,10175183150,1,-1,31570
fu2205,20220218,20220218,112921500,11:29:24,3156,320839,358483,10175277840,3,0,94690
fu2205,20220218,20220218,112922000,11:29:24,3156,320839,358483,10175277840,0,0,0
fu2205,20220218,20220218,112922500,11:29:24,3157,320842,358483,10175372550,3,0,94710
fu2205,20220218,20220218,112923000,11:29:24,3157,320845,358483,10175467260,3,0,94710
fu2205,20220218,20220218,112924000,11:29:24,3156,320864,358481,10176066990,19,-2,599730
fu2205,20220218,20220218,112924500,11:29:24,3157,320865,358480,10176098560,1,-1,31570
fu2205,20220218,20220218,112925000,11:29:25,3157,320866,358479,10176130130,1,-1,31570
fu2205,20220218,20220218,112925500,11:29:25,3156,320868,358478,10176193250,2,-1,63120
fu2205,20220218,20220218,112926000,11:29:26,3157,320874,358474,10176382650,6,-4,189400
fu2205,20220218,20220218,112926500,11:29:26,3156,320878,358476,10176508920,4,2,126270
fu2205,20220218,20220218,112927000,11:29:27,3156,320878,358476,10176508920,0,0,0
fu2205,20220218,20220218,112927500,11:29:27,3157,320890,358486,10176887740,12,10,378820
fu2205,20220218,20220218,112928000,11:29:28,3157,320894,358489,10177014020,4,3,126280
fu2205,20220218,20220218,112928500,11:29:28,3157,320897,358489,10177108730,3,0,94710
fu2205,20220218,20220218,112929000,11:29:29,3157,320897,358489,10177108730,0,0,0
fu2205,20220218,20220218,112929500,11:29:29,3157,320902,358489,10177266580,5,0,157850
fu2205,20220218,20220218,112930000,11:29:30,3157,320902,358489,10177266580,0,0,0
fu2205,20220218,20220218,112930500,11:29:30,3157,320907,358491,10177424430,5,2,157850
fu2205,20220218,20220218,112931000,11:29:32,3157,320908,358491,10177456000,1,0,31570
fu2205,20220218,20220218,112931500,11:29:32,3157,320908,358491,10177456000,0,0,0
fu2205,20220218,20220218,112932000,11:29:32,3159,320982,358531,10179793200,74,40,2337200
fu2205,20220218,20220218,112932500,11:29:36,3159,320992,358539,10180109010,10,8,315810
fu2205,20220218,20220218,112933000,11:29:37,3159,320993,358539,10180140600,1,0,31590
fu2205,20220218,20220218,112933500,11:29:38,3157,320994,358540,10180172170,1,1,31570
fu2205,20220218,20220218,112936500,11:29:38,3157,321112,358589,10183897620,118,49,3725450
fu2205,20220218,20220218,112937500,11:29:38,3156,321117,358594,10184055460,5,5,157840
fu2205,20220218,20220218,112938000,11:29:38,3157,321119,358595,10184118600,2,1,63140
fu2205,20220218,20220218,112939000,11:29:39,3158,321121,358594,10184181760,2,-1,63160
fu2205,20220218,20220218,112939500,11:29:40,3158,321139,358578,10184750180,18,-16,568420
fu2205,20220218,20220218,112940000,11:29:40,3158,321141,358580,10184813340,2,2,63160
fu2205,20220218,20220218,112940500,11:29:40,3158,321142,358581,10184844920,1,1,31580
fu2205,20220218,20220218,112941000,11:29:41,3158,321161,358599,10185444930,19,18,600010
fu2205,20220218,20220218,112941500,11:29:42,3158,321161,358599,10185444930,0,0,0
fu2205,20220218,20220218,112942000,11:29:42,3158,321165,358600,10185571220,4,1,126290
fu2205,20220218,20220218,112942500,11:29:44,3158,321166,358600,10185602800,1,0,31580
fu2205,20220218,20220218,112943000,11:29:45,3157,321169,358601,10185697510,3,1,94710
fu2205,20220218,20220218,112943500,11:29:45,3158,321179,358601,10186013310,10,0,315800
fu2205,20220218,20220218,112944500,11:29:45,3158,321190,358604,10186360670,11,3,347360
fu2205,20220218,20220218,112945000,11:29:46,3158,321197,358611,10186581730,7,7,221060
fu2205,20220218,20220218,112945500,11:29:46,3158,321197,358611,10186581730,0,0,0
fu2205,20220218,20220218,112946000,11:29:46,3158,321198,358611,10186613310,1,0,31580
fu2205,20220218,20220218,112946500,11:29:47,3158,321200,358612,10186676470,2,1,63160
fu2205,20220218,20220218,112947000,11:29:47,3158,321205,358612,10186834370,5,0,157900
fu2205,20220218,20220218,112947500,11:29:48,3158,321205,358612,10186834370,0,0,0
fu2205,20220218,20220218,112948000,11:29:49,3158,321205,358612,10186834370,0,0,0
fu2205,20220218,20220218,112948500,11:29:49,3157,321218,358622,10187244800,13,10,410430
fu2205,20220218,20220218,112949000,11:29:50,3158,321221,358622,10187339540,3,0,94740
fu2205,20220218,20220218,112949500,11:29:50,3157,321223,358624,10187402680,2,2,63140
fu2205,20220218,20220218,112950000,11:29:51,3158,321225,358624,10187465840,2,0,63160
fu2205,20220218,20220218,112950500,11:29:51,3157,321228,358624,10187560550,3,0,94710
fu2205,20220218,20220218,112951500,11:29:52,3157,321235,358625,10187781540,7,1,220990
fu2205,20220218,20220218,112952000,11:29:53,3157,321237,358625,10187844680,2,0,63140
fu2205,20220218,20220218,112952500,11:29:53,3157,321259,358625,10188539220,22,0,694540
fu2205,20220218,20220218,112953000,11:29:53,3157,321266,358625,10188760210,7,0,220990
fu2205,20220218,20220218,112953500,11:29:54,3157,321269,358624,10188854920,3,-1,94710
fu2205,20220218,20220218,112954000,11:29:54,3157,321272,358624,10188949630,3,0,94710
fu2205,20220218,20220218,112954500,11:29:54,3157,321274,358624,10189012770,2,0,63140
fu2205,20220218,20220218,112955000,11:29:55,3156,321280,358623,10189202180,6,-1,189410
fu2205,20220218,20220218,112955500,11:29:56,3157,321302,358627,10189896720,22,4,694540
fu2205,20220218,20220218,112956000,11:29:56,3156,321311,358630,10190180820,9,3,284100
fu2205,20220218,20220218,112956500,11:30:00,3157,321316,358632,10190338670,5,2,157850
fu2205,20220218,20220218,112957000,11:30:01,3157,321321,358637,10190496520,5,5,157850
fu2205,20220218,20220218,112957500,11:30:02,3158,321322,358637,10190528100,1,0,31580
fu2205,20220218,20220218,112959500,11:30:02,3157,321334,358644,10190906940,12,7,378840
fu2205,20220218,20220218,113000000,11:30:03,3157,321339,358644,10191064830,5,0,157890
fu2205,20220218,20220218,113001000,11:30:03,3158,321348,358647,10191348980,9,3,284150
fu2205,20220218,20220218,113001500,11:30:03,3158,321348,358647,10191348980,0,0,0
fu2205,20220218,20220218,133002000,13:30:08,3157,321427,358650,10193842510,79,3,2493530
fu2205,20220218,20220218,133002500,13:30:10,3157,321530,358590,10197095890,103,-60,3253380
fu2205,20220218,20220218,133008000,13:30:10,3157,321530,358590,10197095890,0,0,0
fu2205,20220218,20220218,133009500,13:30:10,3156,321677,358670,10201735470,147,80,4639580
fu2205,20220218,20220218,133010000,13:30:11,3156,321677,358670,10201735470,0,0,0
fu2205,20220218,20220218,133010500,13:30:12,3155,321683,358676,10201924770,6,6,189300
fu2205,20220218,20220218,133011000,13:30:13,3155,321687,358679,10202050970,4,3,126200
fu2205,20220218,20220218,133011500,13:30:13,3155,321697,358688,10202366470,10,9,315500
fu2205,20220218,20220218,133012500,13:30:13,3155,321700,358690,10202461120,3,2,94650
fu2205,20220218,20220218,133013000,13:30:14,3155,321701,358691,10202492670,1,1,31550
fu2205,20220218,20220218,133013500,13:30:14,3155,321701,358691,10202492670,0,0,0
fu2205,20220218,20220218,133014000,13:30:15,3155,321704,358691,10202587320,3,0,94650
fu2205,20220218,20220218,133014500,13:30:16,3154,321709,358693,10202745020,5,2,157700
fu2205,20220218,20220218,133015000,13:30:17,3154,321723,358705,10203186580,14,12,441560
fu2205,20220218,20220218,133016500,13:30:18,3154,321744,358709,10203849010,21,4,662430
fu2205,20220218,20220218,133017000,13:30:18,3154,321751,358716,10204069790,7,7,220780
fu2205,20220218,20220218,133017500,13:30:19,3154,321753,358717,10204132870,2,1,63080
fu2205,20220218,20220218,133018000,13:30:19,3154,321755,358719,10204195950,2,2,63080
fu2205,20220218,20220218,133018500,13:30:20,3154,321765,358728,10204511350,10,9,315400
fu2205,20220218,20220218,133019000,13:30:20,3154,321772,358731,10204732130,7,3,220780
fu2205,20220218,20220218,133019500,13:30:20,3154,321778,358729,10204921370,6,-2,189240
fu2205,20220218,20220218,133020000,13:30:21,3154,321788,358724,10205236820,10,-5,315450
fu2205,20220218,20220218,133020500,13:30:21,3154,321789,358723,10205268360,1,-1,31540
fu2205,20220218,20220218,133021000,13:30:21,3154,321789,358723,10205268360,0,0,0
fu2205,20220218,20220218,133021500,13:30:22,3155,321816,358728,10206120210,27,5,851850
fu2205,20220218,20220218,133022000,13:30:38,3155,321818,358728,10206183310,2,0,63100
fu2205,20220218,20220218,133022500,13:30:38,3155,321818,358728,10206183310,0,0,0
fu2205,20220218,20220218,133023000,13:30:38,3155,321827,358728,10206467260,9,0,283950
fu2205,20220218,20220218,133037500,13:30:40,3155,321827,358728,10206467260,0,0,0
fu2205,20220218,20220218,133038500,13:30:41,3155,321970,358742,10210978010,143,14,4510750
fu2205,20220218,20220218,133040500,13:30:42,3155,321970,358742,10210978010,0,0,0
fu2205,20220218,20220218,133041000,13:30:43,3154,321985,358743,10211451140,15,1,473130
fu2205,20220218,20220218,133041500,13:30:43,3155,321988,358744,10211545770,3,1,94630
fu2205,20220218,20220218,133042500,13:30:44,3155,321988,358744,10211545770,0,0,0
fu2205,20220218,20220218,133043000,13:30:44,3153,322040,358780,10213185600,52,36,1639830
fu2205,20220218,20220218,133044500,13:30:46,3154,322063,358783,10213910930,23,3,725330
fu2205,20220218,20220218,133045000,13:30:46,3154,322063,358783,10213910930,0,0,0
fu2205,20220218,20220218,133045500,13:30:46,3154,322064,358784,10213942470,1,1,31540
fu2205,20220218,20220218,133046000,13:30:47,3153,322065,358784,10213974000,1,0,31530
fu2205,20220218,20220218,133046500,13:30:47,3154,322067,358786,10214037080,2,2,63080
fu2205,20220218,20220218,133047000,13:30:47,3154,322067,358786,10214037080,0,0,0
fu2205,20220218,20220218,133047500,13:30:48,3154,322067,358786,10214037080,0,0,0
fu2205,20220218,20220218,133048000,13:30:48,3154,322069,358786,10214100160,2,0,63080
fu2205,20220218,20220218,133048500,13:30:49,3154,322069,358786,10214100160,0,0,0
fu2205,20220218,20220218,133049000,13:30:49,3154,322069,358786,10214100160,0,0,0
fu2205,20220218,20220218,133049500,13:30:50,3153,322071,358786,10214163220,2,0,63060
fu2205,20220218,20220218,133050000,13:30:51,3154,322072,358785,10214194760,1,-1,31540
fu2205,20220218,20220218,133050500,13:30:51,3153,322082,358795,10214510060,10,10,315300
fu2205,20220218,20220218,133051000,13:30:52,3153,322082,358795,10214510060,0,0,0
fu2205,20220218,20220218,133051500,13:30:52,3154,322117,358780,10215613950,35,-15,1103890
fu2205,20220218,20220218,133052000,13:30:53,3153,322119,358780,10215677010,2,0,63060
fu2205,20220218,20220218,133052500,13:30:54,3153,322119,358780,10215677010,0,0,0
fu2205,20220218,20220218,133053000,13:30:54,3153,322123,358778,10215803130,4,-2,126120
fu2205,20220218,20220218,133053500,13:30:54,3153,322125,358778,10215866190,2,0,63060
fu2205,20220218,20220218,133054000,13:30:54,3153,322125,358778,10215866190,0,0,0
fu2205,20220218,20220218,133054500,13:30:55,3153,322126,358777,10215897720,1,-1,31530
fu2205,20220218,20220218,133055000,13:30:56,3153,322143,358775,10216433730,17,-2,536010
fu2205,20220218,20220218,133055500,13:30:56,3153,322158,358781,10216906680,15,6,472950
fu2205,20220218,20220218,133056000,13:30:57,3154,322159,358782,10216938220,1,1,31540
fu2205,20220218,20220218,133056500,13:30:57,3154,322161,358784,10217001300,2,2,63080
fu2205,20220218,20220218,133057000,13:30:58,3154,322161,358784,10217001300,0,0,0
fu2205,20220218,20220218,133057500,13:30:58,3153,322162,358785,10217032830,1,1,31530
fu2205,20220218,20220218,133058000,13:30:58,3153,322162,358785,10217032830,0,0,0
fu2205,20220218,20220218,133058500,13:30:59,3153,322166,358789,10217158970,4,4,126140
fu2205,20220218,20220218,133059000,13:30:59,3153,322166,358789,10217158970,0,0,0
fu2205,20220218,20220218,133059500,13:31:00,3153,322167,358790,10217190500,1,1,31530
fu2205,20220218,20220218,133100000,13:31:00,3154,322172,358790,10217348200,5,0,157700
fu2205,20220218,20220218,133100500,13:31:00,3154,322208,358793,10218483640,36,3,1135440
fu2205,20220218,20220218,133101000,13:31:01,3154,322215,358787,10218704420,7,-6,220780
fu2205,20220218,20220218,133101500,13:31:01,3154,322230,358796,10219177660,15,9,473240
fu2205,20220218,20220218,133102000,13:31:02,3154,322241,358805,10219524700,11,9,347040
fu2205,20220218,20220218,133102500,13:31:03,3155,322246,358808,10219682450,5,3,157750
fu2205,20220218,20220218,133103000,13:31:03,3155,322274,358824,10220565850,28,16,883400
fu2205,20220218,20220218,133103500,13:31:04,3155,322319,358842,10221985600,45,18,1419750
fu2205,20220218,20220218,133104000,13:31:06,3155,322325,358848,10222174900,6,6,189300
fu2205,20220218,20220218,133104500,13:31:07,3155,322325,358848,10222174900,0,0,0
fu2205,20220218,20220218,133105500,13:31:08,3156,322331,358854,10222364260,6,6,189360
fu2205,20220218,20220218,133107000,13:31:08,3157,322378,358897,10223847600,47,43,1483340
fu2205,20220218,20220218,133107500,13:31:09,3156,322384,358898,10224036990,6,1,189390
fu2205,20220218,20220218,133108500,13:31:09,3157,322391,358897,10224257980,7,-1,220990
fu2205,20220218,20220218,133109000,13:31:09,3157,322391,358897,10224257980,0,0,0
fu2205,20220218,20220218,133109500,13:31:10,3157,322391,358897,10224257980,0,0,0
fu2205,20220218,20220218,133110000,13:31:11,3157,322396,358902,10224415830,5,5,157850
fu2205,20220218,20220218,133110500,13:31:11,3157,322412,358907,10224920950,16,5,505120
fu2205,20220218,20220218,133111000,13:31:11,3157,322413,358908,10224952520,1,1,31570
fu2205,20220218,20220218,133111500,13:31:12,3158,322415,358910,10225015680,2,2,63160
fu2205,20220218,20220218,133112000,13:31:12,3158,322423,358915,10225268310,8,5,252630
fu2205,20220218,20220218,133112500,13:31:13,3158,322429,358910,10225457790,6,-5,189480
fu2205,20220218,20220218,133113000,13:31:13,3158,322432,358907,10225552530,3,-3,94740
fu2205,20220218,20220218,133113500,13:31:14,3158,322464,358894,10226562980,32,-13,1010450
fu2205,20220218,20220218,133114000,13:31:15,3158,322469,358896,10226720880,5,2,157900
fu2205,20220218,20220218,133114500,13:31:15,3158,322476,358896,10226941940,7,0,221060
fu2205,20220218,20220218,133115000,13:31:15,3158,322477,358897,10226973520,1,1,31580
fu2205,20220218,20220218,133115500,13:31:16,3158,322480,358897,10227068260,3,0,94740
fu2205,20220218,20220218,133116000,13:31:16,3158,322481,358898,10227099840,1,1,31580
fu2205,20220218,20220218,133116500,13:31:17,3158,322493,358900,10227478780,12,2,378940
fu2205,20220218,20220218,133117000,13:31:17,3158,322495,358902,10227541940,2,2,63160
fu2205,20220218,20220218,133117500,13:31:18,3158,322497,358903,10227605090,2,1,63150
fu2205,20220218,20220218,133118000,13:31:19,3157,322502,358903,10227762970,5,0,157880
fu2205,20220218,20220218,133118500,13:31:19,3158,322503,358903,10227794550,1,0,31580
fu2205,20220218,20220218,133119000,13:31:19,3158,322506,358905,10227889290,3,2,94740
fu2205,20220218,20220218,133119500,13:31:20,3158,322509,358906,10227984030,3,1,94740
fu2205,20220218,20220218,133120000,13:31:20,3159,322522,358918,10228394580,13,12,410550
fu2205,20220218,20220218,133120500,13:31:21,3158,322532,358914,10228710390,10,-4,315810
fu2205,20220218,20220218,133121000,13:31:21,3159,322537,358914,10228868320,5,0,157930
fu2205,20220218,20220218,133121500,13:31:22,3159,322543,358914,10229057860,6,0,189540
fu2205,20220218,20220218,133122000,13:31:22,3159,322544,358914,10229089450,1,0,31590
fu2205,20220218,20220218,133122500,13:31:25,3158,322557,358915,10229499990,13,1,410540
fu2205,20220218,20220218,133123000,13:31:25,3158,322559,358916,10229563160,2,1,63170
fu2205,20220218,20220218,133123500,13:31:25,3158,322565,358918,10229752650,6,2,189490
fu2205,20220218,20220218,133124000,13:31:25,3159,322577,358919,10230131730,12,1,379080
fu2205,20220218,20220218,133124500,13:31:25,3159,322616,358930,10231363730,39,11,1232000
fu2205,20220218,20220218,133156000,13:31:56,3159,322620,358926,10231490080,4,-4,126350
fu2205,20220218,20220218,133158000,13:31:58,3158,322621,358926,10231521660,1,0,31580
fu2205,20220218,20220218,133158500,13:31:58,3158,322629,358927,10231774300,8,1,252640
fu2205,20220218,20220218,133159500,13:32:00,3158,322632,358927,10231869060,3,0,94760
fu2205,20220218,20220218,133200500,13:32:01,3158,323098,358992,10246582190,466,65,14713130
fu2205,20220218,20220218,133201000,13:32:01,3158,323118,358992,10247213790,20,0,631600
fu2205,20220218,20220218,133201500,13:32:01,3159,323133,358990,10247687640,15,-2,473850
fu2205,20220218,20220218,133202000,13:32:03,3158,323135,358990,10247750810,2,0,63170
fu2205,20220218,20220218,133202500,13:32:04,3158,323139,358991,10247877130,4,1,126320
fu2205,20220218,20220218,133203000,13:32:05,3158,323140,358992,10247908710,1,1,31580
fu2205,20220218,20220218,133203500,13:32:05,3159,323145,358995,10248066630,5,3,157920
fu2205,20220218,20220218,133204000,13:32:05,3159,323145,358995,10248066630,0,0,0
fu2205,20220218,20220218,133205000,13:32:06,3159,323160,359000,10248540480,15,5,473850
fu2205,20220218,20220218,133205500,13:32:06,3159,323164,358999,10248666830,4,-1,126350
fu2205,20220218,20220218,133206000,13:32:07,3159,323164,358999,10248666830,0,0,0
fu2205,20220218,20220218,133206500,13:32:07,3159,323166,359000,10248730000,2,1,63170
fu2205,20220218,20220218,133207000,13:32:07,3158,323167,359000,10248761580,1,0,31580
fu2205,20220218,20220218,133207500,13:32:07,3158,323172,358998,10248919480,5,-2,157900
fu2205,20220218,20220218,133208000,13:32:09,3159,323173,358998,10248951070,1,0,31590
fu2205,20220218,20220218,133208500,13:32:10,3159,323174,358997,10248982660,1,-1,31590
fu2205,20220218,20220218,133209000,13:32:10,3159,323202,359002,10249866910,28,5,884250
fu2205,20220218,20220218,133209500,13:32:10,3158,323275,359006,10252172250,73,4,2305340
fu2205,20220218,20220218,133210000,13:32:11,3158,323279,359010,10252298540,4,4,126290
fu2205,20220218,20220218,133210500,13:32:13,3158,323349,359074,10254509070,70,64,2210530
fu2205,20220218,20220218,133211000,13:32:14,3158,323349,359074,10254509070,0,0,0
fu2205,20220218,20220218,133213000,13:32:15,3157,323394,359079,10255929770,45,5,1420700
fu2205,20220218,20220218,133214000,13:32:15,3157,323400,359082,10256119200,6,3,189430
fu2205,20220218,20220218,133214500,13:32:16,3158,323406,359084,10256308640,6,2,189440
fu2205,20220218,20220218,133215000,13:32:16,3158,323406,359084,10256308640,0,0,0
fu2205,20220218,20220218,133215500,13:32:16,3157,323409,359085,10256403360,3,1,94720
fu2205,20220218,20220218,133216000,13:32:17,3158,323411,359085,10256466510,2,0,63150
fu2205,20220218,20220218,133216500,13:32:17,3158,323424,359087,10256877040,13,2,410530
fu2205,20220218,20220218,133217000,13:32:17,3157,323427,359087,10256971750,3,0,94710
fu2205,20220218,20220218,133217500,13:32:18,3157,323427,359087,10256971750,0,0,0
fu2205,20220218,20220218,133218000,13:32:18,3158,323432,359092,10257129650,5,5,157900
fu2205,20220218,20220218,133218500,13:32:19,3157,323433,359092,10257161220,1,0,31570
fu2205,20220218,20220218,133219000,13:32:20,3158,323437,359092,10257287540,4,0,126320
fu2205,20220218,20220218,133219500,13:32:20,3158,323441,359092,10257413860,4,0,126320
fu2205,20220218,20220218,133220000,13:32:20,3158,323449,359087,10257666500,8,-5,252640
fu2205,20220218,20220218,133220500,13:32:21,3158,323466,359079,10258203360,17,-8,536860
fu2205,20220218,20220218,133221000,13:32:21,3158,323480,359074,10258645600,14,-5,442240
fu2205,20220218,20220218,133221500,13:32:22,3159,323506,359077,10259466850,26,3,821250
fu2205,20220218,20220218,133222000,13:32:22,3159,323516,359069,10259782750,10,-8,315900
fu2205,20220218,20220218,133222500,13:32:23,3159,323535,359061,10260382950,19,-8,600200
fu2205,20220218,20220218,133223000,13:32:24,3158,323555,359042,10261014740,20,-19,631790
fu2205,20220218,20220218,133223500,13:32:24,3159,323588,359021,10262057200,33,-21,1042460
fu2205,20220218,20220218,133224000,13:32:24,3159,323590,359020,10262120380,2,-1,63180
fu2205,20220218,20220218,133224500,13:32:25,3159,323621,359002,10263099660,31,-18,979280
fu2205,20220218,20220218,133225000,13:32:25,3158,323628,359002,10263320780,7,0,221120
fu2205,20220218,20220218,133225500,13:32:25,3160,323819,358917,10269356200,191,-85,6035420
fu2205,20220218,20220218,133226000,13:32:27,3160,323886,358870,10271473850,67,-47,2117650
fu2205,20220218,20220218,133226500,13:32:27,3161,323933,358832,10272959500,47,-38,1485650
fu2205,20220218,20220218,133227000,13:32:27,3162,324035,358774,10276184660,102,-58,3225160
fu2205,20220218,20220218,133227500,13:32:28,3163,324163,358774,10280232840,128,0,4048180
fu2205,20220218,20220218,133228000,13:32:32,3164,324253,358756,10283079570,90,-18,2846730
fu2205,20220218,20220218,133228500,13:32:32,3164,324331,358765,10285547150,78,9,2467580
fu2205,20220218,20220218,133229000,13:32:33,3164,324469,358683,10289913360,138,-82,4366210
fu2205,20220218,20220218,133232000,13:32:35,3163,324661,358709,10295987110,192,26,6073750
fu2205,20220218,20220218,133232500,13:32:35,3163,324667,358712,10296176840,6,3,189730
fu2205,20220218,20220218,133234500,13:32:35,3162,324738,358726,10298422180,71,14,2245340
fu2205,20220218,20220218,133235000,13:32:36,3163,324759,358740,10299086210,21,14,664030
fu2205,20220218,20220218,133235500,13:32:36,3162,324773,358749,10299529010,14,9,442800
fu2205,20220218,20220218,133236000,13:32:37,3163,324783,358749,10299845310,10,0,316300
fu2205,20220218,20220218,133236500,13:32:37,3163,324786,358750,10299940220,3,1,94910
fu2205,20220218,20220218,133237000,13:32:37,3164,324792,358750,10300130060,6,0,189840
fu2205,20220218,20220218,133237500,13:32:37,3163,324858,358748,10302218280,66,-2,2088220
fu2205,20220218,20220218,133238000,13:32:38,3164,324880,358740,10302914350,22,-8,696070
fu2205,20220218,20220218,133238500,13:32:39,3164,324885,358741,10303072540,5,1,158190
fu2205,20220218,20220218,133239000,13:32:39,3164,324885,358741,10303072540,0,0,0
fu2205,20220218,20220218,133239500,13:32:40,3164,324972,358700,10305825210,87,-41,2752670
fu2205,20220218,20220218,133240000,13:32:40,3164,325023,358695,10307438840,51,-5,1613630
fu2205,20220218,20220218,133240500,13:32:41,3164,325069,358702,10308893940,46,7,1455100
fu2205,20220218,20220218,133241000,13:32:41,3163,325080,358697,10309241870,11,-5,347930
fu2205,20220218,20220218,133241500,13:32:42,3163,325082,358695,10309305130,2,-2,63260
fu2205,20220218,20220218,133242000,13:32:42,3164,325135,358701,10310981780,53,6,1676650
fu2205,20220218,20220218,133242500,13:32:42,3164,325152,358713,10311519610,17,12,537830
fu2205,20220218,20220218,133243000,13:32:43,3163,325153,358712,10311551240,1,-1,31630
fu2205,20220218,20220218,133243500,13:32:43,3163,325154,358712,10311582870,1,0,31630
fu2205,20220218,20220218,133244000,13:32:44,3164,325270,358663,10315252660,116,-49,3669790
fu2205,20220218,20220218,133244500,13:32:45,3164,325333,358603,10317245980,63,-60,1993320
fu2205,20220218,20220218,133245000,13:32:45,3164,325402,358583,10319429140,69,-20,2183160
fu2205,20220218,20220218,133245500,13:32:45,3164,325411,358588,10319713830,9,5,284690
fu2205,20220218,20220218,133246000,13:32:47,3164,325435,358592,10320472970,24,4,759140
fu2205,20220218,20220218,133246500,13:32:47,3163,325450,358594,10320947420,15,2,474450
fu2205,20220218,20220218,133247000,13:32:47,3163,325459,358600,10321232090,9,6,284670
fu2205,20220218,20220218,133247500,13:32:48,3163,325462,358602,10321326980,3,2,94890
fu2205,20220218,20220218,133248000,13:32:48,3164,325549,358613,10324078770,87,11,2751790
fu2205,20220218,20220218,133248500,13:32:49,3163,325561,358618,10324458330,12,5,379560
fu2205,20220218,20220218,133249000,13:32:49,3163,325566,358618,10324616480,5,0,158150
fu2205,20220218,20220218,133249500,13:32:50,3163,325581,358615,10325090930,15,-3,474450
fu2205,20220218,20220218,133250000,13:32:50,3164,325596,358614,10325565390,15,-1,474460
fu2205,20220218,20220218,133250500,13:32:52,3164,325631,358615,10326672640,35,1,1107250
fu2205,20220218,20220218,133251000,13:32:52,3163,325645,358615,10327115500,14,0,442860
fu2205,20220218,20220218,133251500,13:32:53,3162,325647,358615,10327178750,2,0,63250
fu2205,20220218,20220218,133252500,13:32:53,3162,325647,358615,10327178750,0,0,0
fu2205,20220218,20220218,133253000,13:32:53,3163,325650,358617,10327273640,3,2,94890
fu2205,20220218,20220218,133253500,13:32:54,3163,325653,358618,10327368520,3,1,94880
fu2205,20220218,20220218,133254000,13:32:54,3163,325671,358619,10327937750,18,1,569230
fu2205,20220218,20220218,133254500,13:32:55,3163,325674,358619,10328032640,3,0,94890
fu2205,20220218,20220218,133255000,13:32:55,3163,325695,358619,10328696870,21,0,664230
fu2205,20220218,20220218,133255500,13:32:55,3162,325699,358619,10328823350,4,0,126480
fu2205,20220218,20220218,133256000,13:32:56,3163,325702,358618,10328918220,3,-1,94870
fu2205,20220218,20220218,133256500,13:32:56,3163,325716,358613,10329360950,14,-5,442730
fu2205,20220218,20220218,133257000,13:32:59,3162,325731,358599,10329835390,15,-14,474440
fu2205,20220218,20220218,133257500,13:33:00,3162,325731,358599,10329835390,0,0,0
fu2205,20220218,20220218,133258000,13:33:00,3162,325738,358594,10330056790,7,-5,221400
fu2205,20220218,20220218,133258500,13:33:00,3163,325743,358592,10330214940,5,-2,158150
fu2205,20220218,20220218,133259500,13:33:01,3163,325751,358586,10330467970,8,-6,253030
fu2205,20220218,20220218,133300000,13:33:01,3163,325751,358586,10330467970,0,0,0
fu2205,20220218,20220218,133300500,13:33:01,3163,325753,358584,10330531230,2,-2,63260
fu2205,20220218,20220218,133301000,13:33:02,3163,325760,358583,10330752600,7,-1,221370
fu2205,20220218,20220218,133301500,13:33:02,3163,325760,358583,10330752600,0,0,0
fu2205,20220218,20220218,133302000,13:33:03,3163,325764,358583,10330879110,4,0,126510
fu2205,20220218,20220218,133302500,13:33:03,3163,325777,358587,10331290220,13,4,411110
fu2205,20220218,20220218,133303000,13:33:04,3162,325778,358586,10331321840,1,-1,31620
fu2205,20220218,20220218,133303500,13:33:04,3162,325784,358586,10331511570,6,0,189730
fu2205,20220218,20220218,133304000,13:33:04,3163,325786,358586,10331574830,2,0,63260
fu2205,20220218,20220218,133304500,13:33:05,3162,325816,358593,10332523440,30,7,948610
fu2205,20220218,20220218,133305000,13:33:05,3162,325829,358605,10332934500,13,12,411060
fu2205,20220218,20220218,133305500,13:33:05,3162,325829,358605,10332934500,0,0,0
fu2205,20220218,20220218,133306000,13:33:06,3161,325883,358655,10334641440,54,50,1706940
fu2205,20220218,20220218,133306500,13:33:06,3161,325884,358656,10334673050,1,1,31610
fu2205,20220218,20220218,133307000,13:33:07,3161,325885,358656,10334704660,1,0,31610
fu2205,20220218,20220218,133307500,13:33:08,3161,325885,358656,10334704660,0,0,0
fu2205,20220218,20220218,133308000,13:33:08,3160,325888,358658,10334799460,3,2,94800
fu2205,20220218,20220218,133308500,13:33:09,3160,325889,358659,10334831060,1,1,31600
fu2205,20220218,20220218,133309000,13:33:09,3160,325911,358680,10335526270,22,21,695210
fu2205,20220218,20220218,133309500,13:33:10,3161,325925,358693,10335968690,14,13,442420
fu2205,20220218,20220218,133310000,13:33:11,3160,325926,358694,10336000290,1,1,31600
fu2205,20220218,20220218,133310500,13:33:12,3160,325939,358707,10336411090,13,13,410800
fu2205,20220218,20220218,133311000,13:33:13,3160,325955,358722,10336916690,16,15,505600
fu2205,20220218,20220218,133311500,13:33:14,3160,325955,358722,10336916690,0,0,0
fu2205,20220218,20220218,133312000,13:33:14,3159,325971,358738,10337422130,16,16,505440
fu2205,20220218,20220218,133313500,13:33:15,3159,325971,358738,10337422130,0,0,0
fu2205,20220218,20220218,133314000,13:33:17,3159,326000,358759,10338338310,29,21,916180
fu2205,20220218,20220218,133314500,13:33:17,3159,326034,358786,10339412370,34,27,1074060
fu2205,20220218,20220218,133315000,13:33:18,3159,326042,358787,10339665070,8,1,252700
fu2205,20220218,20220218,133315500,13:33:18,3159,326046,358791,10339791410,4,4,126340
fu2205,20220218,20220218,133317000,13:33:18,3159,326046,358791,10339791410,0,0,0
fu2205,20220218,20220218,133318000,13:33:19,3158,326140,358784,10342759950,94,-7,2968540
fu2205,20220218,20220218,133318500,13:33:19,3158,326184,358823,10344149470,44,39,1389520
fu2205,20220218,20220218,133319000,13:33:20,3158,326235,358824,10345760050,51,1,1610580
fu2205,20220218,20220218,133319500,13:33:20,3158,326235,358824,10345760050,0,0,0
fu2205,20220218,20220218,133320000,13:33:21,3158,326249,358823,10346202180,14,-1,442130
fu2205,20220218,20220218,133320500,13:33:21,3159,326250,358823,10346233770,1,0,31590
fu2205,20220218,20220218,133321000,13:33:22,3158,326253,358823,10346328510,3,0,94740
fu2205,20220218,20220218,133321500,13:33:22,3158,326253,358823,10346328510,0,0,0
fu2205,20220218,20220218,133322000,13:33:22,3159,326259,358820,10346518000,6,-3,189490
fu2205,20220218,20220218,133322500,13:33:22,3159,326259,358820,10346518000,0,0,0
fu2205,20220218,20220218,133323000,13:33:23,3158,326260,358821,10346549580,1,1,31580
fu2205,20220218,20220218,133323500,13:33:24,3159,326266,358823,10346739080,6,2,189500
fu2205,20220218,20220218,133324000,13:33:24,3158,326270,358823,10346865400,4,0,126320
fu2205,20220218,20220218,133324500,13:33:25,3158,326270,358823,10346865400,0,0,0
fu2205,20220218,20220218,133325000,13:33:26,3159,326283,358832,10347275980,13,9,410580
fu2205,20220218,20220218,133325500,13:33:27,3158,326291,358835,10347528620,8,3,252640
fu2205,20220218,20220218,133326000,13:33:27,3157,326292,358834,10347560190,1,-1,31570
fu2205,20220218,20220218,133326500,13:33:29,3157,326292,358834,10347560190,0,0,0
fu2205,20220218,20220218,133327000,13:33:29,3158,326293,358835,10347591770,1,1,31580
fu2205,20220218,20220218,133328500,13:33:30,3158,326296,358836,10347686510,3,1,94740
fu2205,20220218,20220218,133329000,13:33:30,3158,326296,358836,10347686510,0,0,0
fu2205,20220218,20220218,133329500,13:33:30,3158,326296,358836,10347686510,0,0,0
fu2205,20220218,20220218,133330000,13:33:30,3158,326298,358837,10347749660,2,1,63150
fu2205,20220218,20220218,133330500,13:33:31,3157,326300,358837,10347812810,2,0,63150
fu2205,20220218,20220218,133331000,13:33:32,3158,326303,358840,10347907540,3,3,94730
fu2205,20220218,20220218,133331500,13:33:32,3158,326303,358840,10347907540,0,0,0
fu2205,20220218,20220218,133332000,13:33:32,3158,326303,358840,10347907540,0,0,0
fu2205,20220218,20220218,133332500,13:33:33,3157,326308,358844,10348065390,5,4,157850
fu2205,20220218,20220218,133333000,13:33:33,3158,326313,358844,10348223290,5,0,157900
fu2205,20220218,20220218,133333500,13:33:33,3157,326320,358848,10348444320,7,4,221030
fu2205,20220218,20220218,133334000,13:33:34,3157,326320,358848,10348444320,0,0,0
fu2205,20220218,20220218,133334500,13:33:34,3158,326326,358853,10348633800,6,5,189480
fu2205,20220218,20220218,133335000,13:33:35,3158,326328,358855,10348696960,2,2,63160
fu2205,20220218,20220218,133335500,13:33:35,3158,326353,358868,10349486460,25,13,789500
fu2205,20220218,20220218,133336000,13:33:36,3158,326355,358869,10349549620,2,1,63160
fu2205,20220218,20220218,133336500,13:33:36,3158,326355,358869,10349549620,0,0,0
fu2205,20220218,20220218,133337000,13:33:37,3158,326359,358870,10349675940,4,1,126320
fu2205,20220218,20220218,133337500,13:33:37,3158,326359,358870,10349675940,0,0,0
fu2205,20220218,20220218,133338000,13:33:38,3158,326359,358870,10349675940,0,0,0
fu2205,20220218,20220218,133338500,13:33:39,3158,326359,358870,10349675940,0,0,0
fu2205,20220218,20220218,133339000,13:33:39,3158,326359,358870,10349675940,0,0,0
fu2205,20220218,20220218,133339500,13:33:40,3159,326360,358870,10349707530,1,0,31590
fu2205,20220218,20220218,133340000,13:33:40,3159,326360,358870,10349707530,0,0,0
fu2205,20220218,20220218,133340500,13:33:41,3159,326373,358870,10350118200,13,0,410670
fu2205,20220218,20220218,133341000,13:33:41,3158,326376,358871,10350212940,3,1,94740
fu2205,20220218,20220218,133341500,13:33:42,3158,326376,358871,10350212940,0,0,0
fu2205,20220218,20220218,133342000,13:33:42,3158,326377,358870,10350244520,1,-1,31580
fu2205,20220218,20220218,133342500,13:33:42,3159,326379,358872,10350307700,2,2,63180
fu2205,20220218,20220218,133343000,13:33:43,3158,326380,358871,10350339280,1,-1,31580
fu2205,20220218,20220218,133343500,13:33:44,3158,326380,358871,10350339280,0,0,0
fu2205,20220218,20220218,133344000,13:33:44,3158,326380,358871,10350339280,0,0,0
fu2205,20220218,20220218,133344500,13:33:45,3158,326381,358871,10350370860,1,0,31580
fu2205,20220218,20220218,133345000,13:33:45,3158,326385,358875,10350497190,4,4,126330
fu2205,20220218,20220218,133345500,13:33:47,3158,326395,358884,10350812990,10,9,315800
fu2205,20220218,20220218,133346000,13:33:47,3159,326399,358884,10350939350,4,0,126360
fu2205,20220218,20220218,133346500,13:33:48,3158,326400,358884,10350970930,1,0,31580
fu2205,20220218,20220218,133347000,13:33:48,3158,326400,358884,10350970930,0,0,0
fu2205,20220218,20220218,133347500,13:33:49,3158,326400,358884,10350970930,0,0,0
fu2205,20220218,20220218,133348500,13:33:49,3159,326405,358889,10351128880,5,5,157950
fu2205,20220218,20220218,133349000,13:33:50,3158,326406,358890,10351160460,1,1,31580
fu2205,20220218,20220218,133349500,13:33:50,3159,326409,358893,10351255210,3,3,94750
fu2205,20220218,20220218,133350000,13:33:50,3159,326415,358893,10351444750,6,0,189540
fu2205,20220218,20220218,133350500,13:33:50,3159,326417,358894,10351507920,2,1,63170
fu2205,20220218,20220218,133351000,13:33:51,3159,326417,358894,10351507920,0,0,0
fu2205,20220218,20220218,133351500,13:33:52,3159,326417,358894,10351507920,0,0,0
fu2205,20220218,20220218,133352500,13:33:52,3159,326417,358894,10351507920,0,0,0
fu2205,20220218,20220218,133353000,13:33:53,3159,326417,358894,10351507920,0,0,0
fu2205,20220218,20220218,133353500,13:33:53,3159,326417,358894,10351507920,0,0,0
fu2205,20220218,20220218,133354000,13:33:54,3158,326418,358894,10351539500,1,0,31580
fu2205,20220218,20220218,133354500,13:33:55,3159,326419,358895,10351571090,1,1,31590
fu2205,20220218,20220218,133355000,13:33:56,3159,326420,358895,10351602680,1,0,31590
fu2205,20220218,20220218,133356000,13:33:56,3159,326420,358895,10351602680,0,0,0
fu2205,20220218,20220218,133356500,13:33:57,3158,326421,358896,10351634260,1,1,31580
fu2205,20220218,20220218,133357000,13:33:57,3158,326423,358896,10351697430,2,0,63170
fu2205,20220218,20220218,133357500,13:33:58,3158,326423,358896,10351697430,0,0,0
fu2205,20220218,20220218,133358000,13:33:58,3159,326427,358900,10351823790,4,4,126360
fu2205,20220218,20220218,133358500,13:33:58,3158,326458,358892,10352802770,31,-8,978980
fu2205,20220218,20220218,133359000,13:33:59,3158,326486,358888,10353687010,28,-4,884240
fu2205,20220218,20220218,133359500,13:33:59,3158,326504,358874,10354255450,18,-14,568440
fu2205,20220218,20220218,133400000,13:34:00,3157,326528,358859,10355013130,24,-15,757680
fu2205,20220218,20220218,133400500,13:34:01,3158,326530,358860,10355076290,2,1,63160
fu2205,20220218,20220218,133401000,13:34:01,3158,326540,358867,10355392080,10,7,315790
fu2205,20220218,20220218,133401500,13:34:02,3158,326541,358868,10355423660,1,1,31580
fu2205,20220218,20220218,133402000,13:34:10,3158,326543,358868,10355486810,2,0,63150
fu2205,20220218,20220218,133402500,13:34:10,3157,326547,358867,10355613110,4,-1,126300
fu2205,20220218,20220218,133403000,13:34:10,3157,326550,358867,10355707820,3,0,94710
fu2205,20220218,20220218,133410000,13:34:12,3158,326614,358870,10357728760,64,3,2020940
fu2205,20220218,20220218,133410500,13:34:12,3157,326616,358872,10357791900,2,2,63140
fu2205,20220218,20220218,133411000,13:34:12,3158,326619,358873,10357886640,3,1,94740
fu2205,20220218,20220218,133411500,13:34:12,3158,326637,358864,10358455080,18,-9,568440
fu2205,20220218,20220218,133412000,13:34:12,3158,326645,358867,10358707660,8,3,252580
fu2205,20220218,20220218,133412500,13:34:13,3158,326647,358868,10358770810,2,1,63150
fu2205,20220218,20220218,133413000,13:34:13,3158,326647,358868,10358770810,0,0,0
fu2205,20220218,20220218,133413500,13:34:14,3158,326647,358868,10358770810,0,0,0
fu2205,20220218,20220218,133414000,13:34:14,3158,326647,358868,10358770810,0,0,0
fu2205,20220218,20220218,133414500,13:34:15,3157,326653,358874,10358960230,6,6,189420
fu2205,20220218,20220218,133415000,13:34:15,3157,326653,358874,10358960230,0,0,0
fu2205,20220218,20220218,133415500,13:34:16,3157,326653,358874,10358960230,0,0,0
fu2205,20220218,20220218,133416000,13:34:16,3157,326653,358874,10358960230,0,0,0
fu2205,20220218,20220218,133416500,13:34:17,3157,326654,358873,10358991800,1,-1,31570
fu2205,20220218,20220218,133417000,13:34:17,3157,326674,358877,10359623200,20,4,631400
fu2205,20220218,20220218,133418000,13:34:18,3157,326675,358877,10359654770,1,0,31570
fu2205,20220218,20220218,133418500,13:34:19,3157,326676,358876,10359686340,1,-1,31570
fu2205,20220218,20220218,133419000,13:34:19,3157,326682,358879,10359875760,6,3,189420
fu2205,20220218,20220218,133419500,13:34:20,3157,326684,358879,10359938900,2,0,63140
fu2205,20220218,20220218,133420000,13:34:20,3158,326689,358879,10360096760,5,0,157860
fu2205,20220218,20220218,133420500,13:34:23,3158,326689,358879,10360096760,0,0,0
fu2205,20220218,20220218,133421000,13:34:23,3157,326690,358879,10360128330,1,0,31570
fu2205,20220218,20220218,133421500,13:34:23,3157,326702,358888,10360507170,12,9,378840
fu2205,20220218,20220218,133423000,13:34:24,3157,326708,358892,10360696640,6,4,189470
fu2205,20220218,20220218,133423500,13:34:24,3157,326710,358892,10360759780,2,0,63140
fu2205,20220218,20220218,133424000,13:34:24,3157,326710,358892,10360759780,0,0,0
fu2205,20220218,20220218,133424500,13:34:24,3158,326713,358892,10360854520,3,0,94740
fu2205,20220218,20220218,133425000,13:34:25,3157,326715,358890,10360917660,2,-2,63140
fu2205,20220218,20220218,133425500,13:34:25,3158,326716,358890,10360949240,1,0,31580
fu2205,20220218,20220218,133426000,13:34:26,3158,326716,358890,10360949240,0,0,0
fu2205,20220218,20220218,133426500,13:34:26,3158,326718,358890,10361012400,2,0,63160
fu2205,20220218,20220218,133427000,13:34:27,3158,326728,358892,10361328200,10,2,315800
fu2205,20220218,20220218,133427500,13:34:28,3158,326728,358892,10361328200,0,0,0
fu2205,20220218,20220218,133428000,13:34:28,3158,326728,358892,10361328200,0,0,0
fu2205,20220218,20220218,133429000,13:34:29,3158,326728,358892,10361328200,0,0,0
fu2205,20220218,20220218,133430000,13:34:30,3157,326730,358893,10361391340,2,1,63140
fu2205,20220218,20220218,133430500,13:34:30,3157,326731,358893,10361422910,1,0,31570
fu2205,20220218,20220218,133431000,13:34:31,3157,326731,358893,10361422910,0,0,0
fu2205,20220218,20220218,133432000,13:34:32,3157,326731,358893,10361422910,0,0,0
fu2205,20220218,20220218,133432500,13:34:32,3157,326731,358893,10361422910,0,0,0
fu2205,20220218,20220218,133433000,13:34:33,3158,326732,358893,10361454490,1,0,31580
fu2205,20220218,20220218,133433500,13:34:34,3158,326734,358892,10361517650,2,-1,63160
fu2205,20220218,20220218,133434500,13:34:35,3158,326739,358888,10361675550,5,-4,157900
fu2205,20220218,20220218,133435000,13:34:35,3157,326740,358889,10361707120,1,1,31570
fu2205,20220218,20220218,133435500,13:34:36,3157,326740,358889,10361707120,0,0,0
fu2205,20220218,20220218,133436000,13:34:36,3157,326740,358889,10361707120,0,0,0
fu2205,20220218,20220218,133436500,13:34:36,3157,326778,358915,10362906790,38,26,1199670
fu2205,20220218,20220218,133437000,13:34:37,3157,326788,358921,10363222490,10,6,315700
fu2205,20220218,20220218,133437500,13:34:38,3157,326795,358921,10363443480,7,0,220990
fu2205,20220218,20220218,133438000,13:34:38,3158,326802,358916,10363664500,7,-5,221020
fu2205,20220218,20220218,133438500,13:34:38,3157,326803,358916,10363696070,1,0,31570
fu2205,20220218,20220218,133439000,13:34:39,3157,326804,358917,10363727640,1,1,31570
fu2205,20220218,20220218,133439500,13:34:39,3157,326804,358917,10363727640,0,0,0
fu2205,20220218,20220218,133440000,13:34:40,3157,326806,358917,10363790780,2,0,63140
fu2205,20220218,20220218,133440500,13:34:41,3158,326807,358917,10363822360,1,0,31580
fu2205,20220218,20220218,133441000,13:34:41,3157,326809,358919,10363885500,2,2,63140
fu2205,20220218,20220218,133441500,13:34:42,3157,326809,358919,10363885500,0,0,0
fu2205,20220218,20220218,133442000,13:34:44,3157,326810,358919,10363917070,1,0,31570
fu2205,20220218,20220218,133442500,13:34:44,3157,326810,358919,10363917070,0,0,0
fu2205,20220218,20220218,133443500,13:34:45,3157,326810,358919,10363917070,0,0,0
fu2205,20220218,20220218,133444000,13:34:45,3158,326812,358919,10363980230,2,0,63160
fu2205,20220218,20220218,133444500,13:34:46,3158,326812,358919,10363980230,0,0,0
fu2205,20220218,20220218,133445000,13:34:46,3158,326812,358919,10363980230,0,0,0
fu2205,20220218,20220218,133445500,13:34:46,3158,326812,358919,10363980230,0,0,0
fu2205,20220218,20220218,133446000,13:34:46,3158,326830,358924,10364548570,18,5,568340
fu2205,20220218,20220218,133446500,13:34:47,3158,326839,358930,10364832790,9,6,284220
fu2205,20220218,20220218,133447000,13:34:47,3157,326844,358929,10364990640,5,-1,157850
fu2205,20220218,20220218,133447500,13:34:47,3157,326844,358929,10364990640,0,0,0
fu2205,20220218,20220218,133448000,13:34:48,3157,326844,358929,10364990640,0,0,0
fu2205,20220218,20220218,133448500,13:34:49,3158,326852,358927,10365243280,8,-2,252640
fu2205,20220218,20220218,133450000,13:34:51,3158,326852,358927,10365243280,0,0,0
fu2205,20220218,20220218,133450500,13:34:51,3158,326852,358927,10365243280,0,0,0
fu2205,20220218,20220218,133451000,13:34:51,3158,326856,358927,10365369600,4,0,126320
fu2205,20220218,20220218,133451500,13:34:52,3158,326856,358927,10365369600,0,0,0
fu2205,20220218,20220218,133452000,13:34:52,3158,326859,358926,10365464320,3,-1,94720
fu2205,20220218,20220218,133452500,13:34:53,3158,326861,358928,10365527480,2,2,63160
fu2205,20220218,20220218,133453000,13:34:53,3158,326861,358928,10365527480,0,0,0
fu2205,20220218,20220218,133454000,13:34:56,3158,326861,358928,10365527480,0,0,0
fu2205,20220218,20220218,133454500,13:34:56,3157,326863,358926,10365590620,2,-2,63140
fu2205,20220218,20220218,133455000,13:34:56,3158,326864,358927,10365622200,1,1,31580
fu2205,20220218,20220218,133456000,13:34:57,3158,326864,358927,10365622200,0,0,0
fu2205,20220218,20220218,133456500,13:34:57,3158,326864,358927,10365622200,0,0,0
fu2205,20220218,20220218,133457500,13:34:58,3158,326864,358927,10365622200,0,0,0
fu2205,20220218,20220218,133458000,13:34:58,3158,326864,358927,10365622200,0,0,0
fu2205,20220218,20220218,133458500,13:34:59,3158,326865,358928,10365653780,1,1,31580
fu2205,20220218,20220218,133459000,13:34:59,3158,326865,358928,10365653780,0,0,0
fu2205,20220218,20220218,133459500,13:35:00,3158,326868,358931,10365748520,3,3,94740
fu2205,20220218,20220218,133500000,13:35:00,3157,326909,358948,10367042890,41,17,1294370
fu2205,20220218,20220218,133500500,13:35:00,3158,326926,358943,10367579600,17,-5,536710
fu2205,20220218,20220218,133501000,13:35:04,3157,326927,358944,10367611170,1,1,31570
fu2205,20220218,20220218,133501500,13:35:05,3157,326927,358944,10367611170,0,0,0
fu2205,20220218,20220218,133502000,13:35:10,3157,326927,358944,10367611170,0,0,0
fu2205,20220218,20220218,133504500,13:35:10,3157,326927,358944,10367611170,0,0,0
fu2205,20220218,20220218,133505000,13:35:10,3157,326931,358946,10367737460,4,2,126290
fu2205,20220218,20220218,133510000,13:35:10,3157,326931,358946,10367737460,0,0,0
fu2205,20220218,20220218,133510500,13:35:11,3157,326943,358950,10368116320,12,4,378860
fu2205,20220218,20220218,133511000,13:35:11,3157,326943,358950,10368116320,0,0,0
fu2205,20220218,20220218,133511500,13:35:12,3157,326943,358950,10368116320,0,0,0
fu2205,20220218,20220218,133512000,13:35:13,3157,326947,358951,10368242600,4,1,126280
fu2205,20220218,20220218,133512500,13:35:13,3157,326947,358951,10368242600,0,0,0
fu2205,20220218,20220218,133513500,13:35:14,3157,326947,358951,10368242600,0,0,0
fu2205,20220218,20220218,133514000,13:35:14,3157,326947,358951,10368242600,0,0,0
fu2205,20220218,20220218,133514500,13:35:15,3158,326950,358949,10368337340,3,-2,94740
fu2205,20220218,20220218,133515000,13:35:15,3157,326954,358948,10368463620,4,-1,126280
fu2205,20220218,20220218,133515500,13:35:16,3157,326954,358948,10368463620,0,0,0
fu2205,20220218,20220218,133516000,13:35:16,3158,326956,358947,10368526780,2,-1,63160
fu2205,20220218,20220218,133516500,13:35:16,3158,326956,358947,10368526780,0,0,0
fu2205,20220218,20220218,133517000,13:35:17,3158,326956,358947,10368526780,0,0,0
fu2205,20220218,20220218,133517500,13:35:18,3158,327001,358960,10369947880,45,13,1421100
fu2205,20220218,20220218,133518000,13:35:19,3158,327050,358971,10371495300,49,11,1547420
