hc2205,20220218,20220218,112003000,11:20:09,4908,294741,653520,14274769180,294741,-34482,14274769180
hc2205,20220218,20220218,112004500,11:20:09,4910,294881,653536,14281642190,140,16,6873010
hc2205,20220218,20220218,112005000,11:20:10,4908,294951,653523,14285078900,70,-13,3436710
hc2205,20220218,20220218,112006000,11:20:10,4909,294959,653523,14285471640,8,0,392740
hc2205,20220218,20220218,112006500,11:20:10,4909,294968,653527,14285913460,9,4,441820
hc2205,20220218,20220218,112007000,11:20:10,4909,294979,653519,14286453460,11,-8,540000
hc2205,20220218,20220218,112007500,11:20:10,4910,295000,653517,14287484520,21,-2,1031060
hc2205,20220218,20220218,112008000,11:20:10,4910,295040,653508,14289448170,40,-9,1963650
hc2205,20220218,20220218,112008500,11:20:10,4908,295213,653484,14297942390,173,-24,8494220
hc2205,20220218,20220218,112009000,11:20:10,4908,295234,653477,14298973070,21,-7,1030680
hc2205,20220218,20220218,112009500,11:20:10,4910,295242,653478,14299365840,8,1,392770
hc2205,20220218,20220218,112010000,11:20:10,4908,295243,653479,14299414920,1,1,49080
hc2205,20220218,20220218,112010500,11:20:10,4910,295260,653490,14300249390,17,11,834470
hc2205,20220218,20220218,112011000,11:20:11,4908,295263,653489,14300396630,3,-1,147240
hc2205,20220218,20220218,112011500,11:20:12,4910,295318,653444,14303097090,55,-45,2700460
hc2205,20220218,20220218,112012000,11:20:12,4910,295323,653444,14303342590,5,0,245500
hc2205,20220218,20220218,112012500,11:20:12,4910,295326,653444,14303489870,3,0,147280
hc2205,20220218,20220218,112013000,11:20:13,4910,295341,653443,14304226200,15,-1,736330
hc2205,20220218,20220218,112013500,11:20:13,4909,295346,653443,14304471650,5,0,245450
hc2205,20220218,20220218,112014000,11:20:14,4909,295348,653444,14304569830,2,1,98180
hc2205,20220218,20220218,112014500,11:20:14,4908,295352,653444,14304766150,4,0,196320
hc2205,20220218,20220218,112015000,11:20:15,4908,295352,653444,14304766150,0,0,0
hc2205,20220218,20220218,112015500,11:20:16,4908,295354,653446,14304864310,2,2,98160
hc2205,20220218,20220218,112016000,11:20:16,4907,295357,653447,14305011540,3,1,147230
hc2205,20220218,20220218,112016500,11:20:16,4907,295374,653446,14305845730,17,-1,834190
hc2205,20220218,20220218,112017000,11:20:17,4907,295374,653446,14305845730,0,0,0
hc2205,20220218,20220218,112017500,11:20:17,4906,295411,653446,14307660950,37,0,1815220
hc2205,20220218,20220218,112018000,11:20:18,4906,295416,653447,14307906250,5,1,245300
hc2205,20220218,20220218,112018500,11:20:18,4907,295434,653458,14308789510,18,11,883260
hc2205,20220218,20220218,112019000,11:20:19,4906,295440,653456,14309083910,6,-2,294400
hc2205,20220218,20220218,112019500,11:20:20,4905,295445,653454,14309329210,5,-2,245300
hc2205,20220218,20220218,112020000,11:20:20,4905,295445,653454,14309329210,0,0,0
hc2205,20220218,20220218,112020500,11:20:20,4906,295450,653455,14309574540,5,1,245330
hc2205,20220218,20220218,112021000,11:20:21,4907,295487,653452,14311389770,37,-3,1815230
hc2205,20220218,20220218,112021500,11:20:21,4905,295508,653452,14312419990,21,0,1030220
hc2205,20220218,20220218,112022000,11:20:22,4906,295509,653451,14312469050,1,-1,49060
hc2205,20220218,20220218,112022500,11:20:23,4906,295529,653439,14313450250,20,-12,981200
hc2205,20220218,20220218,112023000,11:20:23,4907,295579,653407,14315903440,50,-32,2453190
hc2205,20220218,20220218,112023500,11:20:23,4905,295580,653406,14315952490,1,-1,49050
hc2205,20220218,20220218,112024000,11:20:24,4905,295581,653405,14316001540,1,-1,49050
hc2205,20220218,20220218,112024500,11:20:24,4907,295584,653404,14316148750,3,-1,147210
hc2205,20220218,20220218,112025000,11:20:25,4907,295584,653404,14316148750,0,0,0
hc2205,20220218,20220218,112025500,11:20:25,4907,295584,653404,14316148750,0,0,0
hc2205,20220218,20220218,112026000,11:20:26,4905,295585,653404,14316197800,1,0,49050
hc2205,20220218,20220218,112026500,11:20:26,4905,295585,653404,14316197800,0,0,0
hc2205,20220218,20220218,112027000,11:20:27,4905,295631,653384,14318454100,46,-20,2256300
hc2205,20220218,20220218,112027500,11:20:28,4905,295631,653384,14318454100,0,0,0
hc2205,20220218,20220218,112028000,11:20:28,4905,295631,653384,14318454100,0,0,0
hc2205,20220218,20220218,112028500,11:20:28,4905,295631,653384,14318454100,0,0,0
hc2205,20220218,20220218,112029000,11:20:29,4904,295658,653364,14319778180,27,-20,1324080
hc2205,20220218,20220218,112029500,11:20:30,4904,295663,653362,14320023380,5,-2,245200
hc2205,20220218,20220218,112030000,11:20:31,4904,295664,653362,14320072420,1,0,49040
hc2205,20220218,20220218,112030500,11:20:31,4904,295666,653361,14320170500,2,-1,98080
hc2205,20220218,20220218,112031000,11:20:31,4904,295666,653361,14320170500,0,0,0
hc2205,20220218,20220218,112031500,11:20:32,4903,295721,653361,14322867200,55,0,2696700
hc2205,20220218,20220218,112032000,11:20:32,4903,295726,653358,14323112350,5,-3,245150
hc2205,20220218,20220218,112032500,11:20:32,4903,295731,653358,14323357500,5,0,245150
hc2205,20220218,20220218,112033000,11:20:33,4903,295751,653358,14324338100,20,0,980600
hc2205,20220218,20220218,112033500,11:20:33,4903,295757,653357,14324632280,6,-1,294180
hc2205,20220218,20220218,112034000,11:20:34,4903,295776,653343,14325563850,19,-14,931570
hc2205,20220218,20220218,112034500,11:20:35,4902,295784,653351,14325956010,8,8,392160
hc2205,20220218,20220218,112035000,11:20:35,4902,295784,653351,14325956010,0,0,0
hc2205,20220218,20220218,112035500,11:20:35,4902,295786,653349,14326054050,2,-2,98040
hc2205,20220218,20220218,112036000,11:20:36,4903,295835,653316,14328456520,49,-33,2402470
hc2205,20220218,20220218,112036500,11:20:37,4903,295836,653316,14328505550,1,0,49030
hc2205,20220218,20220218,112037000,11:20:37,4903,295836,653316,14328505550,0,0,0
hc2205,20220218,20220218,112038000,11:20:38,4903,295838,653317,14328603610,2,1,98060
hc2205,20220218,20220218,112038500,11:20:38,4903,295838,653317,14328603610,0,0,0
hc2205,20220218,20220218,112039000,11:20:39,4903,295890,653268,14331153180,52,-49,2549570
hc2205,20220218,20220218,112039500,11:20:40,4902,295892,653266,14331251220,2,-2,98040
hc2205,20220218,20220218,112040000,11:20:40,4902,295900,653264,14331643380,8,-2,392160
hc2205,20220218,20220218,112040500,11:20:41,4903,295957,653216,14334438020,57,-48,2794640
hc2205,20220218,20220218,112041000,11:20:41,4902,295960,653218,14334585080,3,2,147060
hc2205,20220218,20220218,112041500,11:20:41,4902,295963,653215,14334732140,3,-3,147060
hc2205,20220218,20220218,112042000,11:20:42,4903,296025,653211,14337772000,62,-4,3039860
hc2205,20220218,20220218,112042500,11:20:42,4903,296080,653198,14340468650,55,-13,2696650
hc2205,20220218,20220218,112043000,11:20:43,4903,296097,653187,14341302190,17,-11,833540
hc2205,20220218,20220218,112043500,11:20:44,4903,296101,653187,14341498320,4,0,196130
hc2205,20220218,20220218,112044000,11:20:44,4903,296167,653181,14344734300,66,-6,3235980
hc2205,20220218,20220218,112044500,11:20:44,4902,296168,653182,14344783320,1,1,49020
hc2205,20220218,20220218,112045000,11:20:45,4902,296168,653182,14344783320,0,0,0
hc2205,20220218,20220218,112045500,11:20:46,4903,296195,653156,14346107130,27,-26,1323810
hc2205,20220218,20220218,112046000,11:20:46,4903,296195,653156,14346107130,0,0,0
hc2205,20220218,20220218,112046500,11:20:46,4903,296196,653155,14346156160,1,-1,49030
hc2205,20220218,20220218,112047000,11:20:47,4903,296198,653153,14346254220,2,-2,98060
hc2205,20220218,20220218,112047500,11:20:48,4904,296231,653134,14347872410,33,-19,1618190
hc2205,20220218,20220218,112048000,11:20:48,4904,296249,653118,14348755130,18,-16,882720
hc2205,20220218,20220218,112048500,11:20:49,4904,296262,653106,14349392650,13,-12,637520
hc2205,20220218,20220218,112049000,11:20:50,4904,296263,653107,14349441690,1,1,49040
hc2205,20220218,20220218,112049500,11:20:50,4904,296263,653107,14349441690,0,0,0
hc2205,20220218,20220218,112050500,11:20:51,4903,296266,653105,14349588780,3,-2,147090
hc2205,20220218,20220218,112051000,11:20:51,4904,296271,653103,14349833980,5,-2,245200
hc2205,20220218,20220218,112051500,11:20:51,4903,296285,653098,14350520440,14,-5,686460
hc2205,20220218,20220218,112052000,11:20:52,4904,296288,653099,14350667560,3,1,147120
hc2205,20220218,20220218,112052500,11:20:53,4903,296293,653103,14350912750,5,4,245190
hc2205,20220218,20220218,112053000,11:20:53,4903,296294,653103,14350961780,1,0,49030
hc2205,20220218,20220218,112053500,11:20:53,4903,296346,653097,14353512340,52,-6,2550560
hc2205,20220218,20220218,112054000,11:20:54,4904,296348,653099,14353610420,2,2,98080
hc2205,20220218,20220218,112054500,11:20:55,4904,296349,653100,14353659460,1,1,49040
hc2205,20220218,20220218,112055000,11:20:55,4905,296354,653104,14353904710,5,4,245250
hc2205,20220218,20220218,112055500,11:20:56,4904,296358,653104,14354100900,4,0,196190
hc2205,20220218,20220218,112056000,11:20:56,4906,296413,653106,14356799100,55,2,2698200
hc2205,20220218,20220218,112056500,11:20:56,4906,296416,653107,14356946300,3,1,147200
hc2205,20220218,20220218,112057000,11:20:57,4906,296419,653109,14357093500,3,2,147200
hc2205,20220218,20220218,112057500,11:20:58,4907,296430,653119,14357633270,11,10,539770
hc2205,20220218,20220218,112058000,11:20:58,4906,296442,653116,14358222010,12,-3,588740
hc2205,20220218,20220218,112058500,11:20:59,4906,296445,653116,14358369190,3,0,147180
hc2205,20220218,20220218,112059000,11:20:59,4907,296447,653117,14358467330,2,1,98140
hc2205,20220218,20220218,112059500,11:21:00,4908,296449,653118,14358565480,2,1,98150
hc2205,20220218,20220218,112100000,11:21:00,4908,296502,653081,14361166680,53,-37,2601200
hc2205,20220218,20220218,112100500,11:21:01,4908,296520,653095,14362049960,18,14,883280
hc2205,20220218,20220218,112101000,11:21:01,4908,296548,653089,14363424090,28,-6,1374130
hc2205,20220218,20220218,112101500,11:21:02,4908,296614,653051,14366663370,66,-38,3239280
hc2205,20220218,20220218,112102000,11:21:02,4906,296636,653046,14367742860,22,-5,1079490
hc2205,20220218,20220218,112102500,11:21:03,4910,297010,652937,14386103530,374,-109,18360670
hc2205,20220218,20220218,112103000,11:21:03,4910,297213,652765,14396070860,203,-172,9967330
hc2205,20220218,20220218,112103500,11:21:03,4911,297553,652636,14412764820,340,-129,16693960
hc2205,20220218,20220218,112104000,11:21:04,4911,297562,652642,14413206730,9,6,441910
hc2205,20220218,20220218,112104500,11:21:05,4913,298149,652165,14442041750,587,-477,28835020
hc2205,20220218,20220218,112105000,11:21:05,4913,298829,651823,14475457290,680,-342,33415540
hc2205,20220218,20220218,112105500,11:21:06,4914,298872,651797,14477570340,43,-26,2113050
hc2205,20220218,20220218,112106000,11:21:07,4913,299034,651836,14485531290,162,39,7960950
hc2205,20220218,20220218,112106500,11:21:07,4914,299038,651835,14485727850,4,-1,196560
hc2205,20220218,20220218,112107000,11:21:09,4915,299065,651825,14487054630,27,-10,1326780
hc2205,20220218,20220218,112107500,11:21:10,4915,299112,651820,14489364150,47,-5,2309520
hc2205,20220218,20220218,112108000,11:21:10,4913,299124,651827,14489953770,12,7,589620
hc2205,20220218,20220218,112108500,11:21:10,4908,299406,651758,14503803180,282,-69,13849410
hc2205,20220218,20220218,112110000,11:21:10,4913,299540,651776,14510385000,134,18,6581820
hc2205,20220218,20220218,112110500,11:21:11,4913,299594,651739,14513037840,54,-37,2652840
hc2205,20220218,20220218,112111000,11:21:11,4911,299622,651727,14514413010,28,-12,1375170
hc2205,20220218,20220218,112111500,11:21:12,4911,299627,651731,14514658570,5,4,245560
hc2205,20220218,20220218,112112000,11:21:12,4911,299637,651725,14515149710,10,-6,491140
hc2205,20220218,20220218,112112500,11:21:12,4911,299639,651725,14515247940,2,0,98230
hc2205,20220218,20220218,112113000,11:21:13,4912,299652,651726,14515886480,13,1,638540
hc2205,20220218,20220218,112113500,11:21:13,4913,299678,651740,14517163650,26,14,1277170
hc2205,20220218,20220218,112114000,11:21:14,4911,299713,651739,14518882510,35,-1,1718860
hc2205,20220218,20220218,112114500,11:21:14,4911,299756,651739,14520994240,43,0,2111730
hc2205,20220218,20220218,112115000,11:21:15,4912,299824,651692,14524333730,68,-47,3339490
hc2205,20220218,20220218,112115500,11:21:15,4911,299836,651690,14524923100,12,-2,589370
hc2205,20220218,20220218,112116000,11:21:16,4911,299837,651690,14524972210,1,0,49110
hc2205,20220218,20220218,112116500,11:21:16,4911,299843,651691,14525266870,6,1,294660
hc2205,20220218,20220218,112117000,11:21:17,4911,299858,651704,14526003520,15,13,736650
hc2205,20220218,20220218,112117500,11:21:18,4911,299869,651706,14526543750,11,2,540230
hc2205,20220218,20220218,112118000,11:21:18,4911,299869,651706,14526543750,0,0,0
hc2205,20220218,20220218,112118500,11:21:18,4911,299870,651707,14526592860,1,1,49110
hc2205,20220218,20220218,112119000,11:21:19,4911,299870,651707,14526592860,0,0,0
hc2205,20220218,20220218,112119500,11:21:19,4911,299891,651704,14527624180,21,-3,1031320
hc2205,20220218,20220218,112120000,11:21:20,4912,299892,651704,14527673300,1,0,49120
hc2205,20220218,20220218,112120500,11:21:21,4912,299995,651661,14532734300,103,-43,5061000
hc2205,20220218,20220218,112121000,11:21:22,4912,300001,651667,14533029070,6,6,294770
hc2205,20220218,20220218,112121500,11:21:22,4912,300010,651668,14533471150,9,1,442080
hc2205,20220218,20220218,112122000,11:21:22,4912,300020,651667,14533962350,10,-1,491200
hc2205,20220218,20220218,112122500,11:21:22,4912,300023,651666,14534109710,3,-1,147360
hc2205,20220218,20220218,112123000,11:21:23,4912,300028,651667,14534355310,5,1,245600
hc2205,20220218,20220218,112123500,11:21:23,4912,300037,651667,14534797390,9,0,442080
hc2205,20220218,20220218,112124000,11:21:24,4912,300062,651647,14536025390,25,-20,1228000
hc2205,20220218,20220218,112124500,11:21:25,4912,300076,651634,14536713070,14,-13,687680
hc2205,20220218,20220218,112125000,11:21:57,4912,300077,651633,14536762190,1,-1,49120
hc2205,20220218,20220218,112125500,11:23:32,4911,300078,651633,14536811300,1,0,49110
hc2205,20220218,20220218,112126000,11:23:32,4914,300381,651591,14551705610,303,-42,14894310
hc2205,20220218,20220218,112126500,11:23:33,4916,300522,651588,14558635280,141,-3,6929670
hc2205,20220218,20220218,112332500,11:23:33,4917,304425,651673,14750459680,3903,85,191824400
hc2205,20220218,20220218,112333000,11:23:33,4917,304426,651674,14750508850,1,1,49170
hc2205,20220218,20220218,112333500,11:23:33,4917,304449,651674,14751639760,23,0,1130910
hc2205,20220218,20220218,112334000,11:23:34,4916,304500,651673,14754147420,51,-1,2507660
hc2205,20220218,20220218,112334500,11:23:34,4917,304530,651674,14755622520,30,1,1475100
hc2205,20220218,20220218,112335000,11:23:35,4917,304531,651674,14755671690,1,0,49170
hc2205,20220218,20220218,112335500,11:23:35,4918,304534,651676,14755819220,3,2,147530
hc2205,20220218,20220218,112336000,11:23:36,4917,304915,651656,14774556590,381,-20,18737370
hc2205,20220218,20220218,112336500,11:23:38,4918,304930,651650,14775294420,15,-6,737830
hc2205,20220218,20220218,112337000,11:23:38,4920,305010,651658,14779229640,80,8,3935220
hc2205,20220218,20220218,112337500,11:23:38,4920,305241,651769,14790594440,231,111,11364800
hc2205,20220218,20220218,112338000,11:23:38,4919,305258,651765,14791430670,17,-4,836230
hc2205,20220218,20220218,112338500,11:23:38,4920,305267,651767,14791873400,9,2,442730
hc2205,20220218,20220218,112339000,11:23:39,4919,305277,651769,14792365360,10,2,491960
hc2205,20220218,20220218,112339500,11:23:39,4920,305295,651768,14793250860,18,-1,885500
hc2205,20220218,20220218,112340000,11:23:40,4919,305446,651850,14800680030,151,82,7429170
hc2205,20220218,20220218,112340500,11:23:40,4921,305980,651929,14826952840,534,79,26272810
hc2205,20220218,20220218,112341000,11:23:41,4920,306081,651965,14831922820,101,36,4969980
hc2205,20220218,20220218,112341500,11:23:42,4921,306090,651964,14832365770,9,-1,442950
hc2205,20220218,20220218,112342000,11:23:42,4922,306107,651978,14833202210,17,14,836440
hc2205,20220218,20220218,112342500,11:23:42,4920,306233,651933,14839403210,126,-45,6201000
hc2205,20220218,20220218,112343000,11:23:43,4921,306276,651969,14841519380,43,36,2116170
hc2205,20220218,20220218,112343500,11:23:43,4921,306289,651978,14842159270,13,9,639890
hc2205,20220218,20220218,112344000,11:23:45,4923,306481,652007,14851611230,192,29,9451960
hc2205,20220218,20220218,112344500,11:23:48,4924,306612,652040,14858060660,131,33,6449430
hc2205,20220218,20220218,112345000,11:23:48,4924,306733,652020,14864017600,121,-20,5956940
hc2205,20220218,20220218,112345500,11:23:48,4924,306740,652020,14864362280,7,0,344680
hc2205,20220218,20220218,112346000,11:23:48,4924,306785,652037,14866577990,45,17,2215710
hc2205,20220218,20220218,112348000,11:23:48,4923,306866,651973,14870565550,81,-64,3987560
hc2205,20220218,20220218,112348500,11:23:49,4923,306877,651971,14871107010,11,-2,541460
hc2205,20220218,20220218,112349000,11:23:49,4924,306893,651987,14871894760,16,16,787750
hc2205,20220218,20220218,112349500,11:23:50,4924,306921,651989,14873273240,28,2,1378480
hc2205,20220218,20220218,112350000,11:23:50,4924,306942,651990,14874307080,21,1,1033840
hc2205,20220218,20220218,112350500,11:23:50,4923,306955,651986,14874947070,13,-4,639990
hc2205,20220218,20220218,112351000,11:23:51,4923,306955,651986,14874947070,0,0,0
hc2205,20220218,20220218,112351500,11:23:51,4923,306957,651984,14875045530,2,-2,98460
hc2205,20220218,20220218,112352000,11:23:52,4923,306981,651984,14876226890,24,0,1181360
hc2205,20220218,20220218,112352500,11:23:52,4923,306986,651983,14876473000,5,-1,246110
hc2205,20220218,20220218,112353000,11:23:53,4922,306992,651983,14876768270,6,0,295270
hc2205,20220218,20220218,112353500,11:23:53,4922,306994,651985,14876866710,2,2,98440
hc2205,20220218,20220218,112354000,11:23:54,4922,306999,651987,14877112810,5,2,246100
hc2205,20220218,20220218,112354500,11:23:55,4922,306999,651987,14877112810,0,0,0
hc2205,20220218,20220218,112355000,11:23:55,4921,307008,651990,14877555810,9,3,443000
hc2205,20220218,20220218,112355500,11:23:55,4921,307015,651987,14877900280,7,-3,344470
hc2205,20220218,20220218,112356000,11:23:56,4922,307035,651987,14878884680,20,0,984400
hc2205,20220218,20220218,112356500,11:23:56,4923,307036,651987,14878933910,1,0,49230
hc2205,20220218,20220218,112357000,11:23:57,4921,307048,651983,14879524510,12,-4,590600
hc2205,20220218,20220218,112357500,11:23:57,4923,307054,651986,14879819860,6,3,295350
hc2205,20220218,20220218,112358000,11:23:58,4923,307063,651986,14880262930,9,0,443070
hc2205,20220218,20220218,112358500,11:23:58,4923,307074,651992,14880804460,11,6,541530
hc2205,20220218,20220218,112359000,11:23:59,4923,307077,651992,14880952140,3,0,147680
hc2205,20220218,20220218,112359500,11:23:59,4923,307100,652013,14882084420,23,21,1132280
hc2205,20220218,20220218,112400000,11:24:00,4923,307112,652012,14882675180,12,-1,590760
hc2205,20220218,20220218,112400500,11:24:00,4924,307139,652031,14884004660,27,19,1329480
hc2205,20220218,20220218,112401000,11:24:01,4923,307167,652010,14885383340,28,-21,1378680
hc2205,20220218,20220218,112401500,11:24:01,4924,307195,651999,14886762060,28,-11,1378720
hc2205,20220218,20220218,112402000,11:24:02,4924,307205,651999,14887254490,10,0,492430
hc2205,20220218,20220218,112402500,11:24:02,4925,307310,652066,14892425700,105,67,5171210
hc2205,20220218,20220218,112403000,11:24:03,4924,307411,652129,14897399910,101,63,4974210
hc2205,20220218,20220218,112403500,11:24:03,4924,307463,652127,14899960660,52,-2,2560750
hc2205,20220218,20220218,112404000,11:24:04,4924,307464,652127,14900009900,1,0,49240
hc2205,20220218,20220218,112404500,11:24:04,4924,307642,652124,14908775630,178,-3,8765730
hc2205,20220218,20220218,112405000,11:24:05,4925,307753,652064,14914240390,111,-60,5464760
hc2205,20220218,20220218,112405500,11:24:05,4923,307778,652080,14915471140,25,16,1230750
hc2205,20220218,20220218,112406000,11:24:06,4922,307835,652038,14918276690,57,-42,2805550
hc2205,20220218,20220218,112406500,11:24:06,4922,307885,652047,14920737690,50,9,2461000
hc2205,20220218,20220218,112407000,11:24:07,4922,307903,652046,14921623650,18,-1,885960
hc2205,20220218,20220218,112407500,11:24:08,4923,307933,652031,14923100320,30,-15,1476670
hc2205,20220218,20220218,112408000,11:24:08,4922,307935,652031,14923198770,2,0,98450
hc2205,20220218,20220218,112408500,11:24:08,4920,308005,652027,14926644390,70,-4,3445620
hc2205,20220218,20220218,112409000,11:24:09,4922,308007,652027,14926742840,2,0,98450
hc2205,20220218,20220218,112409500,11:24:11,4922,308008,652027,14926792060,1,0,49220
hc2205,20220218,20220218,112410000,11:24:12,4922,308018,652027,14927284260,10,0,492200
hc2205,20220218,20220218,112410500,11:24:12,4922,308022,652027,14927481140,4,0,196880
hc2205,20220218,20220218,112411000,11:24:12,4922,308027,652027,14927727240,5,0,246100
hc2205,20220218,20220218,112411500,11:24:12,4921,308033,652028,14928022500,6,1,295260
hc2205,20220218,20220218,112412000,11:24:12,4923,308136,651982,14933092970,103,-46,5070470
hc2205,20220218,20220218,112412500,11:24:12,4923,308258,651918,14939098740,122,-64,6005770
hc2205,20220218,20220218,112413000,11:24:13,4920,308285,651903,14940427710,27,-15,1328970
hc2205,20220218,20220218,112413500,11:24:14,4922,308287,651905,14940526150,2,2,98440
hc2205,20220218,20220218,112414000,11:24:14,4921,308316,651924,14941953490,29,19,1427340
hc2205,20220218,20220218,112414500,11:24:14,4921,308320,651928,14942150330,4,4,196840
hc2205,20220218,20220218,112415000,11:24:15,4922,308334,651931,14942839410,14,3,689080
hc2205,20220218,20220218,112415500,11:24:15,4921,308341,651930,14943183880,7,-1,344470
hc2205,20220218,20220218,112416000,11:24:16,4922,308345,651930,14943380760,4,0,196880
hc2205,20220218,20220218,112416500,11:24:16,4921,308362,651938,14944217350,17,8,836590
hc2205,20220218,20220218,112417000,11:24:17,4922,308388,651920,14945497090,26,-18,1279740
hc2205,20220218,20220218,112417500,11:24:18,4922,308428,651913,14947465890,40,-7,1968800
hc2205,20220218,20220218,112418000,11:24:18,4922,308436,651915,14947859650,8,2,393760
hc2205,20220218,20220218,112418500,11:24:19,4923,308455,651913,14948794990,19,-2,935340
hc2205,20220218,20220218,112419000,11:24:19,4922,308469,651923,14949484070,14,10,689080
hc2205,20220218,20220218,112419500,11:24:19,4922,308484,651931,14950222370,15,8,738300
hc2205,20220218,20220218,112420000,11:24:20,4921,308498,651938,14950911370,14,7,689000
hc2205,20220218,20220218,112420500,11:24:20,4922,308514,651936,14951698940,16,-2,787570
hc2205,20220218,20220218,112421000,11:24:21,4922,308529,651944,14952437340,15,8,738400
hc2205,20220218,20220218,112421500,11:24:22,4922,308577,651964,14954800190,48,20,2362850
hc2205,20220218,20220218,112422000,11:24:22,4923,308623,651963,14957064790,46,-1,2264600
hc2205,20220218,20220218,112422500,11:24:22,4923,308683,651999,14960018600,60,36,2953810
hc2205,20220218,20220218,112423000,11:24:23,4922,308694,651995,14960560070,11,-4,541470
hc2205,20220218,20220218,112423500,11:24:23,4922,308699,651995,14960806180,5,0,246110
hc2205,20220218,20220218,112424000,11:24:24,4923,308766,651953,14964103930,67,-42,3297750
hc2205,20220218,20220218,112424500,11:24:24,4922,308781,651943,14964842100,15,-10,738170
hc2205,20220218,20220218,112425000,11:24:25,4922,308811,651953,14966318700,30,10,1476600
hc2205,20220218,20220218,112425500,11:24:25,4922,308811,651953,14966318700,0,0,0
hc2205,20220218,20220218,112426000,11:24:26,4921,308812,651954,14966367910,1,1,49210
hc2205,20220218,20220218,112426500,11:24:26,4920,308822,651963,14966859910,10,9,492000
hc2205,20220218,20220218,112427000,11:24:27,4921,308824,651965,14966958320,2,2,98410
hc2205,20220218,20220218,112427500,11:24:28,4920,308825,651966,14967007520,1,1,49200
hc2205,20220218,20220218,112428000,11:24:28,4920,308825,651966,14967007520,0,0,0
hc2205,20220218,20220218,112428500,11:24:28,4920,308826,651966,14967056720,1,0,49200
hc2205,20220218,20220218,112429000,11:24:29,4922,308839,651969,14967696430,13,3,639710
hc2205,20220218,20220218,112429500,11:24:29,4920,308846,651966,14968040830,7,-3,344400
hc2205,20220218,20220218,112430000,11:24:30,4920,308866,651981,14969025080,20,15,984250
hc2205,20220218,20220218,112430500,11:24:30,4922,308868,651980,14969123510,2,-1,98430
hc2205,20220218,20220218,112431000,11:24:31,4921,308876,651984,14969517190,8,4,393680
hc2205,20220218,20220218,112431500,11:24:31,4922,308925,651982,14971928670,49,-2,2411480
hc2205,20220218,20220218,112432000,11:24:32,4920,309004,651904,14975817010,79,-78,3888340
hc2205,20220218,20220218,112432500,11:24:32,4922,309007,651906,14975964640,3,2,147630
hc2205,20220218,20220218,112433000,11:24:33,4920,309017,651914,14976456640,10,8,492000
hc2205,20220218,20220218,112433500,11:24:33,4920,309042,651893,14977686640,25,-21,1230000
hc2205,20220218,20220218,112434000,11:24:34,4920,309042,651893,14977686640,0,0,0
hc2205,20220218,20220218,112434500,11:24:34,4920,309071,651893,14979113430,29,0,1426790
hc2205,20220218,20220218,112435000,11:24:35,4919,309073,651893,14979211810,2,0,98380
hc2205,20220218,20220218,112435500,11:24:35,4920,309098,651896,14980441810,25,3,1230000
hc2205,20220218,20220218,112436000,11:24:36,4919,309131,651925,14982065400,33,29,1623590
hc2205,20220218,20220218,112436500,11:24:36,4919,309134,651926,14982212990,3,1,147590
hc2205,20220218,20220218,112437000,11:24:37,4919,309140,651926,14982508130,6,0,295140
hc2205,20220218,20220218,112437500,11:24:37,4920,309144,651929,14982704930,4,3,196800
hc2205,20220218,20220218,112438000,11:24:39,4920,309147,651927,14982852510,3,-2,147580
hc2205,20220218,20220218,112438500,11:24:39,4920,309172,651926,14984082280,25,-1,1229770
hc2205,20220218,20220218,112439000,11:24:40,4919,309206,651924,14985754750,34,-2,1672470
hc2205,20220218,20220218,112439500,11:24:40,4919,309223,651929,14986591010,17,5,836260
hc2205,20220218,20220218,112440000,11:24:40,4919,309233,651930,14987082860,10,1,491850
hc2205,20220218,20220218,112440500,11:24:40,4920,309246,651938,14987722350,13,8,639490
hc2205,20220218,20220218,112441000,11:24:41,4920,309255,651943,14988165150,9,5,442800
hc2205,20220218,20220218,112441500,11:24:41,4919,309262,651942,14988509490,7,-1,344340
hc2205,20220218,20220218,112442000,11:24:42,4919,309264,651943,14988607870,2,1,98380
hc2205,20220218,20220218,112442500,11:24:42,4919,309276,651940,14989198150,12,-3,590280
hc2205,20220218,20220218,112443000,11:24:43,4919,309279,651938,14989345720,3,-2,147570
hc2205,20220218,20220218,112443500,11:24:43,4920,309312,651967,14990969150,33,29,1623430
hc2205,20220218,20220218,112444000,11:24:44,4920,309318,651973,14991264350,6,6,295200
hc2205,20220218,20220218,112444500,11:24:44,4920,309318,651973,14991264350,0,0,0
hc2205,20220218,20220218,112445000,11:24:45,4919,309321,651974,14991411920,3,1,147570
hc2205,20220218,20220218,112445500,11:24:45,4918,309345,651976,14992592470,24,2,1180550
hc2205,20220218,20220218,112446000,11:24:46,4919,309386,652005,14994609410,41,29,2016940
hc2205,20220218,20220218,112446500,11:24:46,4920,309389,652005,14994757010,3,0,147600
hc2205,20220218,20220218,112447000,11:24:47,4921,309481,652085,14999283430,92,80,4526420
hc2205,20220218,20220218,112447500,11:24:47,4920,309488,652088,14999627880,7,3,344450
hc2205,20220218,20220218,112448000,11:24:48,4920,309489,652089,14999677080,1,1,49200
hc2205,20220218,20220218,112448500,11:24:48,4920,309492,652089,14999824680,3,0,147600
hc2205,20220218,20220218,112449000,11:24:49,4920,309521,652108,15001251320,29,19,1426640
hc2205,20220218,20220218,112449500,11:24:49,4921,309525,652109,15001448120,4,1,196800
hc2205,20220218,20220218,112450000,11:24:50,4920,309543,652124,15002333730,18,15,885610
hc2205,20220218,20220218,112450500,11:24:50,4920,309676,652222,15008876480,133,98,6542750
hc2205,20220218,20220218,112451000,11:24:51,4920,309697,652225,15009909730,21,3,1033250
hc2205,20220218,20220218,112451500,11:24:51,4920,309698,652224,15009958930,1,-1,49200
hc2205,20220218,20220218,112452000,11:24:52,4920,309705,652224,15010303330,7,0,344400
hc2205,20220218,20220218,112452500,11:24:52,4921,309717,652235,15010893850,12,11,590520
hc2205,20220218,20220218,112453000,11:24:53,4920,309736,652239,15011828750,19,4,934900
hc2205,20220218,20220218,112453500,11:24:53,4920,309770,652225,15013501640,34,-14,1672890
hc2205,20220218,20220218,112454000,11:24:54,4920,309821,652194,15016010840,51,-31,2509200
hc2205,20220218,20220218,112454500,11:24:54,4920,309834,652199,15016650440,13,5,639600
hc2205,20220218,20220218,112455000,11:24:55,4919,309848,652209,15017339190,14,10,688750
hc2205,20220218,20220218,112455500,11:24:56,4920,309850,652211,15017437590,2,2,98400
hc2205,20220218,20220218,112456000,11:24:56,4920,309850,652211,15017437590,0,0,0
hc2205,20220218,20220218,112456500,11:24:56,4919,309870,652225,15018421500,20,14,983910
hc2205,20220218,20220218,112457000,11:24:57,4919,309923,652245,15021028420,53,20,2606920
hc2205,20220218,20220218,112457500,11:24:57,4919,309973,652284,15023487920,50,39,2459500
hc2205,20220218,20220218,112458000,11:24:58,4918,309999,652281,15024766830,26,-3,1278910
hc2205,20220218,20220218,112458500,11:24:58,4920,310001,652283,15024865230,2,2,98400
hc2205,20220218,20220218,112459000,11:24:59,4920,310006,652288,15025111230,5,5,246000
hc2205,20220218,20220218,112459500,11:24:59,4920,310006,652288,15025111230,0,0,0
hc2205,20220218,20220218,112500000,11:25:00,4920,310007,652288,15025160430,1,0,49200
hc2205,20220218,20220218,112500500,11:25:01,4920,310010,652286,15025308020,3,-2,147590
hc2205,20220218,20220218,112501000,11:25:01,4920,310043,652294,15026931590,33,8,1623570
hc2205,20220218,20220218,112501500,11:25:03,4921,310118,652300,15030621610,75,6,3690020
hc2205,20220218,20220218,112502000,11:25:05,4920,310163,652281,15032835960,45,-19,2214350
hc2205,20220218,20220218,112502500,11:25:06,4921,310193,652292,15034312320,30,11,1476360
hc2205,20220218,20220218,112503000,11:25:06,4922,310198,652295,15034558410,5,3,246090
hc2205,20220218,20220218,112505000,11:25:06,4923,310611,652255,15054890790,413,-40,20332380
hc2205,20220218,20220218,112505500,11:25:06,4923,310621,652255,15055383090,10,0,492300
hc2205,20220218,20220218,112506000,11:25:06,4923,310659,652254,15057253830,38,-1,1870740
hc2205,20220218,20220218,112506500,11:25:07,4923,310699,652263,15059223030,40,9,1969200
hc2205,20220218,20220218,112507000,11:25:07,4923,310717,652258,15060109110,18,-5,886080
hc2205,20220218,20220218,112507500,11:25:07,4922,310720,652256,15060256780,3,-2,147670
hc2205,20220218,20220218,112508000,11:25:08,4923,310724,652260,15060453700,4,4,196920
hc2205,20220218,20220218,112508500,11:25:08,4923,310737,652262,15061093650,13,2,639950
hc2205,20220218,20220218,112509000,11:25:09,4923,310740,652262,15061241340,3,0,147690
hc2205,20220218,20220218,112509500,11:25:09,4923,310754,652266,15061930550,14,4,689210
hc2205,20220218,20220218,112510000,11:25:10,4923,310758,652266,15062127470,4,0,196920
hc2205,20220218,20220218,112510500,11:25:10,4923,310781,652274,15063259580,23,8,1132110
hc2205,20220218,20220218,112511000,11:25:11,4923,310787,652276,15063554960,6,2,295380
hc2205,20220218,20220218,112511500,11:25:11,4923,310788,652276,15063604190,1,0,49230
hc2205,20220218,20220218,112512000,11:25:12,4923,310798,652273,15064096490,10,-3,492300
hc2205,20220218,20220218,112512500,11:25:12,4922,310804,652277,15064391810,6,4,295320
hc2205,20220218,20220218,112513000,11:25:13,4923,310813,652274,15064834810,9,-3,443000
hc2205,20220218,20220218,112513500,11:25:15,4923,310813,652274,15064834810,0,0,0
hc2205,20220218,20220218,112514000,11:25:15,4923,310839,652294,15066114790,26,20,1279980
hc2205,20220218,20220218,112514500,11:25:15,4923,310878,652292,15068034790,39,-2,1920000
hc2205,20220218,20220218,112515000,11:25:16,4923,310900,652289,15069117840,22,-3,1083050
hc2205,20220218,20220218,112515500,11:25:16,4923,310929,652303,15070545310,29,14,1427470
hc2205,20220218,20220218,112516000,11:25:16,4923,310948,652322,15071480680,19,19,935370
hc2205,20220218,20220218,112516500,11:25:16,4923,310954,652327,15071776060,6,5,295380
hc2205,20220218,20220218,112517000,11:25:17,4921,310997,652308,15073892130,43,-19,2116070
hc2205,20220218,20220218,112517500,11:25:18,4921,311026,652297,15075319500,29,-11,1427370
hc2205,20220218,20220218,112518000,11:25:18,4921,311027,652298,15075368710,1,1,49210
hc2205,20220218,20220218,112518500,11:25:19,4922,311052,652301,15076599430,25,3,1230720
hc2205,20220218,20220218,112519000,11:25:19,4922,311052,652301,15076599430,0,0,0
hc2205,20220218,20220218,112519500,11:25:19,4921,311067,652314,15077337800,15,13,738370
hc2205,20220218,20220218,112520000,11:25:20,4921,311068,652314,15077387010,1,0,49210
hc2205,20220218,20220218,112520500,11:25:21,4921,311073,652314,15077633060,5,0,246050
hc2205,20220218,20220218,112521000,11:25:21,4921,311104,652317,15079158840,31,3,1525780
hc2205,20220218,20220218,112521500,11:25:22,4921,311104,652317,15079158840,0,0,0
hc2205,20220218,20220218,112522000,11:25:22,4923,311124,652334,15080143440,20,17,984600
hc2205,20220218,20220218,112522500,11:25:22,4923,311131,652341,15080488050,7,7,344610
hc2205,20220218,20220218,112523000,11:25:23,4923,311132,652341,15080537280,1,0,49230
hc2205,20220218,20220218,112523500,11:25:24,4923,311172,652341,15082506420,40,0,1969140
hc2205,20220218,20220218,112524000,11:25:24,4922,311180,652337,15082900250,8,-4,393830
hc2205,20220218,20220218,112524500,11:25:25,4922,311186,652339,15083195580,6,2,295330
hc2205,20220218,20220218,112525000,11:25:25,4922,311190,652340,15083392470,4,1,196890
hc2205,20220218,20220218,112525500,11:25:26,4922,311193,652340,15083540140,3,0,147670
hc2205,20220218,20220218,112526000,11:25:26,4922,311195,652342,15083638580,2,2,98440
hc2205,20220218,20220218,112526500,11:25:27,4922,311196,652343,15083687800,1,1,49220
hc2205,20220218,20220218,112527000,11:25:27,4923,311219,652358,15084820060,23,15,1132260
hc2205,20220218,20220218,112527500,11:25:28,4923,311220,652359,15084869290,1,1,49230
hc2205,20220218,20220218,112528000,11:25:28,4923,311222,652361,15084967750,2,2,98460
hc2205,20220218,20220218,112528500,11:25:28,4923,311222,652361,15084967750,0,0,0
hc2205,20220218,20220218,112529000,11:25:29,4921,311255,652377,15086591680,33,16,1623930
hc2205,20220218,20220218,112529500,11:25:30,4920,311325,652379,15090035680,70,2,3444000
hc2205,20220218,20220218,112530000,11:25:30,4919,311357,652366,15091609900,32,-13,1574220
hc2205,20220218,20220218,112530500,11:25:31,4919,311366,652365,15092052610,9,-1,442710
hc2205,20220218,20220218,112531000,11:25:31,4918,311368,652364,15092150970,2,-1,98360
hc2205,20220218,20220218,112531500,11:25:31,4918,311385,652354,15092987040,17,-10,836070
hc2205,20220218,20220218,112532000,11:25:32,4919,311416,652343,15094511640,31,-11,1524600
hc2205,20220218,20220218,112532500,11:25:32,4918,311429,652343,15095150980,13,0,639340
hc2205,20220218,20220218,112533000,11:25:33,4918,311466,652363,15096970600,37,20,1819620
hc2205,20220218,20220218,112533500,11:25:33,4918,311474,652370,15097364050,8,7,393450
hc2205,20220218,20220218,112534000,11:25:34,4918,311476,652370,15097462410,2,0,98360
hc2205,20220218,20220218,112534500,11:25:34,4918,311521,652391,15099675940,45,21,2213530
hc2205,20220218,20220218,112535000,11:25:36,4918,311522,652390,15099725120,1,-1,49180
hc2205,20220218,20220218,112535500,11:25:37,4918,311534,652387,15100315280,12,-3,590160
hc2205,20220218,20220218,112536000,11:25:37,4918,311538,652388,15100512000,4,1,196720
hc2205,20220218,20220218,112536500,11:25:37,4918,311539,652388,15100561180,1,0,49180
hc2205,20220218,20220218,112537000,11:25:37,4918,311543,652388,15100757920,4,0,196740
hc2205,20220218,20220218,112537500,11:25:38,4918,311548,652388,15101003820,5,0,245900
hc2205,20220218,20220218,112538000,11:25:38,4918,311576,652386,15102380990,28,-2,1377170
hc2205,20220218,20220218,112538500,11:25:39,4918,311579,652386,15102528550,3,0,147560
hc2205,20220218,20220218,112539000,11:25:39,4918,311592,652399,15103167890,13,13,639340
hc2205,20220218,20220218,112539500,11:25:40,4919,311652,652430,15106118900,60,31,2951010
hc2205,20220218,20220218,112540000,11:25:40,4919,311704,652388,15108676780,52,-42,2557880
hc2205,20220218,20220218,112540500,11:25:40,4919,311715,652386,15109217800,11,-2,541020
hc2205,20220218,20220218,112541000,11:25:41,4919,311727,652394,15109808080,12,8,590280
hc2205,20220218,20220218,112541500,11:25:41,4919,311780,652374,15112414250,53,-20,2606170
hc2205,20220218,20220218,112542000,11:25:42,4918,311803,652385,15113545300,23,11,1131050
hc2205,20220218,20220218,112542500,11:25:42,4919,311812,652384,15113987960,9,-1,442660
hc2205,20220218,20220218,112543000,11:25:43,4919,311832,652396,15114971760,20,12,983800
hc2205,20220218,20220218,112543500,11:25:43,4919,311900,652423,15118316690,68,27,3344930
hc2205,20220218,20220218,112544000,11:25:44,4918,311904,652424,15118513430,4,1,196740
hc2205,20220218,20220218,112544500,11:25:44,4920,311905,652424,15118562630,1,0,49200
hc2205,20220218,20220218,112545000,11:25:45,4920,311905,652424,15118562630,0,0,0
hc2205,20220218,20220218,112545500,11:25:46,4920,311971,652394,15121809210,66,-30,3246580
hc2205,20220218,20220218,112546000,11:25:46,4920,312048,652341,15125597610,77,-53,3788400
hc2205,20220218,20220218,112546500,11:25:47,4919,312050,652342,15125695990,2,1,98380
hc2205,20220218,20220218,112547000,11:25:48,4918,312053,652341,15125843550,3,-1,147560
hc2205,20220218,20220218,112547500,11:25:48,4918,312053,652341,15125843550,0,0,0
hc2205,20220218,20220218,112548000,11:25:48,4918,312070,652324,15126679610,17,-17,836060
hc2205,20220218,20220218,112548500,11:25:48,4921,312108,652333,15128549420,38,9,1869810
hc2205,20220218,20220218,112549000,11:25:49,4920,312111,652336,15128697000,3,3,147580
hc2205,20220218,20220218,112549500,11:25:49,4921,312148,652360,15130517680,37,24,1820680
hc2205,20220218,20220218,112550000,11:25:50,4920,312151,652363,15130665280,3,3,147600
hc2205,20220218,20220218,112550500,11:25:50,4919,312189,652385,15132535100,38,22,1869820
hc2205,20220218,20220218,112551000,11:25:51,4919,312190,652385,15132584290,1,0,49190
hc2205,20220218,20220218,112551500,11:25:51,4919,312190,652385,15132584290,0,0,0
hc2205,20220218,20220218,112552000,11:25:52,4920,312200,652384,15133076290,10,-1,492000
hc2205,20220218,20220218,112552500,11:25:52,4920,312203,652386,15133223890,3,2,147600
hc2205,20220218,20220218,112553000,11:25:53,4920,312211,652394,15133617490,8,8,393600
hc2205,20220218,20220218,112553500,11:25:54,4920,312211,652394,15133617490,0,0,0
hc2205,20220218,20220218,112554000,11:25:54,4919,312212,652395,15133666680,1,1,49190
hc2205,20220218,20220218,112554500,11:25:54,4920,312228,652399,15134453880,16,4,787200
hc2205,20220218,20220218,112555000,11:25:55,4919,312230,652399,15134552260,2,0,98380
hc2205,20220218,20220218,112555500,11:25:56,4919,312230,652399,15134552260,0,0,0
hc2205,20220218,20220218,112556000,11:25:57,4919,312231,652398,15134601450,1,-1,49190
hc2205,20220218,20220218,112556500,11:25:57,4919,312233,652399,15134699830,2,1,98380
hc2205,20220218,20220218,112557000,11:25:57,4920,312252,652402,15135634630,19,3,934800
hc2205,20220218,20220218,112557500,11:25:57,4920,312252,652402,15135634630,0,0,0
hc2205,20220218,20220218,112558000,11:25:59,4919,312262,652392,15136126530,10,-10,491900
hc2205,20220218,20220218,112558500,11:25:59,4919,312262,652392,15136126530,0,0,0
hc2205,20220218,20220218,112559000,11:26:00,4919,312263,652391,15136175720,1,-1,49190
hc2205,20220218,20220218,112559500,11:26:00,4920,312270,652394,15136520110,7,3,344390
hc2205,20220218,20220218,112600000,11:26:00,4919,312277,652399,15136864440,7,5,344330
hc2205,20220218,20220218,112600500,11:26:00,4919,312287,652404,15137356340,10,5,491900
hc2205,20220218,20220218,112601000,11:26:01,4919,312290,652406,15137503910,3,2,147570
hc2205,20220218,20220218,112601500,11:26:01,4919,312293,652409,15137651490,3,3,147580
hc2205,20220218,20220218,112602000,11:26:03,4920,312294,652410,15137700690,1,1,49200
hc2205,20220218,20220218,112602500,11:26:03,4920,312294,652410,15137700690,0,0,0
hc2205,20220218,20220218,112603000,11:26:03,4920,312303,652419,15138143490,9,9,442800
hc2205,20220218,20220218,112603500,11:26:03,4920,312328,652432,15139373490,25,13,1230000
hc2205,20220218,20220218,112604000,11:26:05,4920,312343,652433,15140111490,15,1,738000
hc2205,20220218,20220218,112604500,11:26:05,4920,312350,652435,15140455890,7,2,344400
hc2205,20220218,20220218,112605000,11:26:05,4920,312350,652435,15140455890,0,0,0
hc2205,20220218,20220218,112605500,11:26:05,4921,312354,652437,15140652700,4,2,196810
hc2205,20220218,20220218,112606000,11:26:06,4920,312393,652430,15142571500,39,-7,1918800
hc2205,20220218,20220218,112606500,11:26:06,4920,312393,652430,15142571500,0,0,0
hc2205,20220218,20220218,112607000,11:26:09,4919,312411,652429,15143457010,18,-1,885510
hc2205,20220218,20220218,112607500,11:26:09,4919,312411,652429,15143457010,0,0,0
hc2205,20220218,20220218,112608000,11:26:09,4919,312411,652429,15143457010,0,0,0
hc2205,20220218,20220218,112609000,11:26:10,4920,312417,652429,15143752210,6,0,295200
hc2205,20220218,20220218,112609500,11:26:10,4920,312425,652431,15144145800,8,2,393590
hc2205,20220218,20220218,112610000,11:26:10,4919,312427,652430,15144244190,2,-1,98390
hc2205,20220218,20220218,112610500,11:26:10,4920,312442,652427,15144982110,15,-3,737920
hc2205,20220218,20220218,112611000,11:26:11,4920,312447,652432,15145228110,5,5,246000
hc2205,20220218,20220218,112611500,11:26:11,4920,312447,652432,15145228110,0,0,0
hc2205,20220218,20220218,112612000,11:26:14,4919,312452,652431,15145474060,5,-1,245950
hc2205,20220218,20220218,112612500,11:26:14,4919,312455,652433,15145621650,3,2,147590
hc2205,20220218,20220218,112613000,11:26:15,4920,312456,652433,15145670850,1,0,49200
hc2205,20220218,20220218,112614000,11:26:15,4919,312472,652449,15146457950,16,16,787100
hc2205,20220218,20220218,112614500,11:26:15,4919,312491,652464,15147392560,19,15,934610
hc2205,20220218,20220218,112615000,11:26:16,4919,312494,652464,15147540130,3,0,147570
hc2205,20220218,20220218,112615500,11:26:16,4919,312494,652464,15147540130,0,0,0
hc2205,20220218,20220218,112616000,11:26:16,4920,312506,652474,15148130460,12,10,590330
hc2205,20220218,20220218,112616500,11:26:17,4919,312518,652473,15148720750,12,-1,590290
hc2205,20220218,20220218,112617000,11:26:17,4919,312532,652473,15149409410,14,0,688660
hc2205,20220218,20220218,112617500,11:26:17,4919,312538,652473,15149704550,6,0,295140
hc2205,20220218,20220218,112618000,11:26:18,4919,312538,652473,15149704550,0,0,0
hc2205,20220218,20220218,112618500,11:26:18,4918,312541,652472,15149852110,3,-1,147560
hc2205,20220218,20220218,112619000,11:26:19,4918,312588,652440,15152163590,47,-32,2311480
hc2205,20220218,20220218,112619500,11:26:20,4919,312609,652430,15153196580,21,-10,1032990
hc2205,20220218,20220218,112620000,11:26:20,4918,312610,652430,15153245760,1,0,49180
hc2205,20220218,20220218,112620500,11:26:20,4919,312620,652440,15153737660,10,10,491900
hc2205,20220218,20220218,112621000,11:26:21,4918,312621,652440,15153786840,1,0,49180
hc2205,20220218,20220218,112621500,11:26:21,4918,312621,652440,15153786840,0,0,0
hc2205,20220218,20220218,112622000,11:26:22,4918,312626,652441,15154032740,5,1,245900
hc2205,20220218,20220218,112622500,11:26:22,4918,312627,652440,15154081920,1,-1,49180
hc2205,20220218,20220218,112623000,11:26:23,4918,312658,652435,15155606500,31,-5,1524580
hc2205,20220218,20220218,112623500,11:26:23,4918,312676,652428,15156491740,18,-7,885240
hc2205,20220218,20220218,112624000,11:26:24,4918,312676,652428,15156491740,0,0,0
hc2205,20220218,20220218,112624500,11:26:24,4918,312676,652428,15156491740,0,0,0
hc2205,20220218,20220218,112625000,11:26:25,4918,312676,652428,15156491740,0,0,0
hc2205,20220218,20220218,112625500,11:26:25,4918,312676,652428,15156491740,0,0,0
hc2205,20220218,20220218,112626000,11:26:26,4918,312676,652428,15156491740,0,0,0
hc2205,20220218,20220218,112626500,11:26:26,4918,312676,652428,15156491740,0,0,0
hc2205,20220218,20220218,112627000,11:26:27,4918,312676,652428,15156491740,0,0,0
hc2205,20220218,20220218,112627500,11:26:27,4918,312680,652426,15156688430,4,-2,196690
hc2205,20220218,20220218,112628000,11:26:28,4917,312731,652383,15159196100,51,-43,2507670
hc2205,20220218,20220218,112628500,11:26:28,4917,312751,652390,15160179510,20,7,983410
hc2205,20220218,20220218,112629000,11:26:29,4917,312752,652391,15160228680,1,1,49170
hc2205,20220218,20220218,112629500,11:26:30,4917,312761,652390,15160671210,9,-1,442530
hc2205,20220218,20220218,112630000,11:26:31,4917,312767,652396,15160966230,6,6,295020
hc2205,20220218,20220218,112630500,11:26:31,4917,312769,652396,15161064570,2,0,98340
hc2205,20220218,20220218,112631000,11:26:31,4918,312772,652394,15161212110,3,-2,147540
hc2205,20220218,20220218,112631500,11:26:32,4918,312774,652396,15161310470,2,2,98360
hc2205,20220218,20220218,112632000,11:26:32,4917,312775,652396,15161359640,1,0,49170
hc2205,20220218,20220218,112632500,11:26:32,4917,312802,652371,15162687240,27,-25,1327600
hc2205,20220218,20220218,112633000,11:26:33,4917,312805,652369,15162834750,3,-2,147510
hc2205,20220218,20220218,112633500,11:26:34,4918,312820,652369,15163572310,15,0,737560
hc2205,20220218,20220218,112634000,11:26:34,4918,312834,652382,15164260820,14,13,688510
hc2205,20220218,20220218,112634500,11:26:37,4919,312914,652452,15168195370,80,70,3934550
hc2205,20220218,20220218,112635000,11:26:37,4919,312914,652452,15168195370,0,0,0
hc2205,20220218,20220218,112635500,11:26:37,4918,312917,652452,15168342910,3,0,147540
hc2205,20220218,20220218,112636000,11:26:38,4918,312919,652452,15168441270,2,0,98360
hc2205,20220218,20220218,112637000,11:26:46,4918,312920,652452,15168490450,1,0,49180
hc2205,20220218,20220218,112637500,11:26:54,4919,313008,652497,15172818890,88,45,4328440
hc2205,20220218,20220218,112638000,11:27:10,4919,313056,652507,15175180010,48,10,2361120
hc2205,20220218,20220218,112638500,11:27:10,4919,313056,652507,15175180010,0,0,0
hc2205,20220218,20220218,112653500,11:27:11,4917,313307,652567,15187521530,251,60,12341520
hc2205,20220218,20220218,112654000,11:27:12,4917,313308,652568,15187570700,1,1,49170
hc2205,20220218,20220218,112710000,11:27:12,4921,313987,652701,15220973270,679,133,33402570
hc2205,20220218,20220218,112710500,11:27:12,4921,313987,652701,15220973270,0,0,0
hc2205,20220218,20220218,112712000,11:27:12,4920,313999,652702,15221563670,12,1,590400
hc2205,20220218,20220218,112712500,11:27:13,4920,313999,652702,15221563670,0,0,0
hc2205,20220218,20220218,112713000,11:27:13,4920,313999,652702,15221563670,0,0,0
hc2205,20220218,20220218,112713500,11:27:14,4920,313999,652702,15221563670,0,0,0
hc2205,20220218,20220218,112714000,11:27:14,4921,314002,652705,15221711300,3,3,147630
hc2205,20220218,20220218,112714500,11:27:15,4921,314009,652712,15222055770,7,7,344470
hc2205,20220218,20220218,112715000,11:27:15,4920,314011,652711,15222154170,2,-1,98400
hc2205,20220218,20220218,112715500,11:27:16,4921,314019,652714,15222547850,8,3,393680
hc2205,20220218,20220218,112716000,11:27:16,4920,314023,652717,15222744680,4,3,196830
hc2205,20220218,20220218,112716500,11:27:17,4920,314023,652717,15222744680,0,0,0
hc2205,20220218,20220218,112717000,11:27:17,4920,314024,652717,15222793880,1,0,49200
hc2205,20220218,20220218,112717500,11:27:17,4921,314031,652716,15223138290,7,-1,344410
hc2205,20220218,20220218,112718000,11:27:18,4921,314031,652716,15223138290,0,0,0
hc2205,20220218,20220218,112718500,11:27:19,4920,314034,652715,15223285890,3,-1,147600
hc2205,20220218,20220218,112719000,11:27:19,4920,314055,652714,15224319090,21,-1,1033200
hc2205,20220218,20220218,112719500,11:27:20,4921,314096,652728,15226336320,41,14,2017230
hc2205,20220218,20220218,112720000,11:27:20,4920,314098,652728,15226434720,2,0,98400
hc2205,20220218,20220218,112720500,11:27:21,4921,314159,652745,15229436460,61,17,3001740
hc2205,20220218,20220218,112721000,11:27:21,4920,314160,652744,15229485660,1,-1,49200
hc2205,20220218,20220218,112721500,11:27:22,4921,314164,652743,15229682470,4,-1,196810
hc2205,20220218,20220218,112722000,11:27:22,4921,314167,652741,15229830090,3,-2,147620
hc2205,20220218,20220218,112722500,11:27:22,4921,314169,652741,15229928510,2,0,98420
hc2205,20220218,20220218,112723000,11:27:26,4920,314186,652741,15230764910,17,0,836400
hc2205,20220218,20220218,112723500,11:27:27,4919,314192,652740,15231060050,6,-1,295140
hc2205,20220218,20220218,112724000,11:27:27,4919,314192,652740,15231060050,0,0,0
hc2205,20220218,20220218,112724500,11:27:27,4920,314206,652744,15231748850,14,4,688800
hc2205,20220218,20220218,112726500,11:27:27,4920,314206,652744,15231748850,0,0,0
hc2205,20220218,20220218,112727000,11:27:27,4921,314229,652751,15232880660,23,7,1131810
hc2205,20220218,20220218,112727500,11:27:27,4921,314229,652751,15232880660,0,0,0
hc2205,20220218,20220218,112728000,11:27:28,4921,314229,652751,15232880660,0,0,0
hc2205,20220218,20220218,112728500,11:27:28,4921,314231,652749,15232979080,2,-2,98420
hc2205,20220218,20220218,112729000,11:27:29,4920,314238,652744,15233323480,7,-5,344400
hc2205,20220218,20220218,112729500,11:27:29,4920,314238,652744,15233323480,0,0,0
hc2205,20220218,20220218,112730000,11:27:30,4920,314238,652744,15233323480,0,0,0
hc2205,20220218,20220218,112730500,11:27:31,4920,314238,652744,15233323480,0,0,0
hc2205,20220218,20220218,112731000,11:27:32,4920,314241,652741,15233471080,3,-3,147600
hc2205,20220218,20220218,112731500,11:27:35,4919,314242,652742,15233520270,1,1,49190
hc2205,20220218,20220218,112732000,11:27:35,4919,314248,652745,15233815410,6,3,295140
hc2205,20220218,20220218,112732500,11:27:36,4919,314257,652749,15234258140,9,4,442730
hc2205,20220218,20220218,112735500,11:27:36,4919,314257,652749,15234258140,0,0,0
hc2205,20220218,20220218,112736500,11:27:37,4919,314275,652760,15235143720,18,11,885580
hc2205,20220218,20220218,112737000,11:27:38,4919,314275,652760,15235143720,0,0,0
hc2205,20220218,20220218,112737500,11:27:38,4919,314276,652760,15235192910,1,0,49190
hc2205,20220218,20220218,112738000,11:27:38,4919,314281,652763,15235438860,5,3,245950
hc2205,20220218,20220218,112738500,11:27:39,4920,314284,652762,15235586460,3,-1,147600
hc2205,20220218,20220218,112739000,11:27:39,4920,314284,652762,15235586460,0,0,0
hc2205,20220218,20220218,112739500,11:27:39,4919,314294,652753,15236078360,10,-9,491900
hc2205,20220218,20220218,112740000,11:27:40,4919,314294,652753,15236078360,0,0,0
hc2205,20220218,20220218,112740500,11:27:40,4919,314294,652753,15236078360,0,0,0
hc2205,20220218,20220218,112741000,11:27:41,4919,314299,652753,15236324310,5,0,245950
hc2205,20220218,20220218,112741500,11:27:41,4918,314349,652740,15238783780,50,-13,2459470
hc2205,20220218,20220218,112742000,11:27:42,4920,314374,652735,15240013570,25,-5,1229790
hc2205,20220218,20220218,112742500,11:27:43,4920,314374,652735,15240013570,0,0,0
hc2205,20220218,20220218,112743000,11:27:43,4920,314374,652735,15240013570,0,0,0
hc2205,20220218,20220218,112743500,11:27:43,4920,314375,652736,15240062770,1,1,49200
hc2205,20220218,20220218,112744000,11:27:44,4919,314376,652736,15240111960,1,0,49190
hc2205,20220218,20220218,112744500,11:27:45,4920,314407,652740,15241637060,31,4,1525100
hc2205,20220218,20220218,112745000,11:27:45,4920,314436,652753,15243063860,29,13,1426800
hc2205,20220218,20220218,112745500,11:27:46,4920,314438,652753,15243162270,2,0,98410
hc2205,20220218,20220218,112746000,11:27:46,4920,314439,652753,15243211470,1,0,49200
hc2205,20220218,20220218,112746500,11:27:47,4920,314439,652753,15243211470,0,0,0
hc2205,20220218,20220218,112747000,11:27:47,4920,314442,652754,15243359070,3,1,147600
hc2205,20220218,20220218,112747500,11:27:47,4920,314443,652755,15243408270,1,1,49200
hc2205,20220218,20220218,112748000,11:27:48,4920,314445,652756,15243506670,2,1,98400
hc2205,20220218,20220218,112748500,11:27:54,4922,314485,652745,15245475170,40,-11,1968500
hc2205,20220218,20220218,112749000,11:27:54,4920,314536,652716,15247984370,51,-29,2509200
hc2205,20220218,20220218,112749500,11:27:54,4920,314541,652711,15248230370,5,-5,246000
hc2205,20220218,20220218,112753500,11:27:54,4920,314541,652711,15248230370,0,0,0
hc2205,20220218,20220218,112754500,11:27:54,4922,314616,652723,15251921120,75,12,3690750
hc2205,20220218,20220218,112755000,11:27:55,4922,314616,652723,15251921120,0,0,0
hc2205,20220218,20220218,112755500,11:27:55,4922,314618,652724,15252019550,2,1,98430
hc2205,20220218,20220218,112756000,11:27:56,4921,314626,652723,15252413230,8,-1,393680
hc2205,20220218,20220218,112756500,11:27:56,4921,314626,652723,15252413230,0,0,0
hc2205,20220218,20220218,112757000,11:27:57,4921,314627,652722,15252462440,1,-1,49210
hc2205,20220218,20220218,112757500,11:27:57,4920,314628,652722,15252511640,1,0,49200
hc2205,20220218,20220218,112758000,11:27:58,4920,314636,652722,15252905300,8,0,393660
hc2205,20220218,20220218,112758500,11:27:59,4921,314641,652722,15253151350,5,0,246050
hc2205,20220218,20220218,112759000,11:27:59,4921,314641,652722,15253151350,0,0,0
hc2205,20220218,20220218,112759500,11:27:59,4921,314642,652723,15253200560,1,1,49210
hc2205,20220218,20220218,112800000,11:28:00,4922,314659,652729,15254037300,17,6,836740
hc2205,20220218,20220218,112800500,11:28:01,4921,314662,652731,15254184950,3,2,147650
hc2205,20220218,20220218,112801000,11:28:01,4921,314662,652731,15254184950,0,0,0
hc2205,20220218,20220218,112801500,11:28:02,4921,314725,652669,15257285190,63,-62,3100240
hc2205,20220218,20220218,112802000,11:28:03,4921,314730,652669,15257531240,5,0,246050
hc2205,20220218,20220218,112802500,11:28:03,4921,314731,652669,15257580450,1,0,49210
hc2205,20220218,20220218,112803000,11:28:04,4921,314742,652680,15258121760,11,11,541310
hc2205,20220218,20220218,112803500,11:28:04,4922,314745,652682,15258269420,3,2,147660
hc2205,20220218,20220218,112804000,11:28:04,4922,314747,652682,15258367860,2,0,98440
hc2205,20220218,20220218,112804500,11:28:05,4921,314804,652660,15261172890,57,-22,2805030
hc2205,20220218,20220218,112805000,11:28:06,4922,314816,652652,15261763530,12,-8,590640
hc2205,20220218,20220218,112805500,11:28:06,4921,314819,652653,15261911170,3,1,147640
hc2205,20220218,20220218,112806000,11:28:10,4921,314825,652657,15262206450,6,4,295280
hc2205,20220218,20220218,112806500,11:28:10,4921,314826,652657,15262255660,1,0,49210
hc2205,20220218,20220218,112807000,11:28:10,4922,314828,652657,15262354100,2,0,98440
hc2205,20220218,20220218,112807500,11:28:10,4922,314832,652659,15262550980,4,2,196880
hc2205,20220218,20220218,112810000,11:28:11,4922,314850,652664,15263436960,18,5,885980
hc2205,20220218,20220218,112810500,11:28:11,4922,314872,652662,15264520000,22,-2,1083040
hc2205,20220218,20220218,112811000,11:28:12,4922,314874,652662,15264618440,2,0,98440
hc2205,20220218,20220218,112811500,11:28:12,4923,314877,652663,15264766130,3,1,147690
hc2205,20220218,20220218,112812000,11:28:12,4922,314882,652668,15265012250,5,5,246120
hc2205,20220218,20220218,112812500,11:28:13,4922,314883,652669,15265061470,1,1,49220
hc2205,20220218,20220218,112813000,11:28:13,4923,314896,652670,15265701380,13,1,639910
hc2205,20220218,20220218,112813500,11:28:14,4923,314899,652670,15265849070,3,0,147690
hc2205,20220218,20220218,112814000,11:28:14,4923,314904,652670,15266095220,5,0,246150
hc2205,20220218,20220218,112814500,11:28:14,4922,314909,652669,15266341330,5,-1,246110
hc2205,20220218,20220218,112815000,11:28:15,4922,314926,652677,15267178110,17,8,836780
hc2205,20220218,20220218,112815500,11:28:15,4922,314929,652677,15267325790,3,0,147680
hc2205,20220218,20220218,112816000,11:28:16,4922,314982,652708,15269934450,53,31,2608660
hc2205,20220218,20220218,112816500,11:28:16,4923,314999,652713,15270771200,17,5,836750
hc2205,20220218,20220218,112817000,11:28:17,4922,315008,652717,15271214220,9,4,443020
hc2205,20220218,20220218,112817500,11:28:17,4922,315022,652710,15271903300,14,-7,689080
hc2205,20220218,20220218,112818000,11:28:18,4923,315023,652711,15271952530,1,1,49230
hc2205,20220218,20220218,112818500,11:28:18,4922,315024,652712,15272001750,1,1,49220
hc2205,20220218,20220218,112819500,11:28:19,4923,315025,652711,15272050980,1,-1,49230
hc2205,20220218,20220218,112820000,11:28:20,4922,315041,652721,15272838510,16,10,787530
hc2205,20220218,20220218,112820500,11:28:20,4922,315053,652727,15273429150,12,6,590640
hc2205,20220218,20220218,112821000,11:28:21,4923,315173,652783,15279336640,120,56,5907490
hc2205,20220218,20220218,112821500,11:28:22,4921,315186,652795,15279976590,13,12,639950
hc2205,20220218,20220218,112822000,11:28:22,4922,315187,652795,15280025810,1,0,49220
hc2205,20220218,20220218,112822500,11:28:22,4921,315198,652802,15280567130,11,7,541320
hc2205,20220218,20220218,112823000,11:28:23,4921,315198,652802,15280567130,0,0,0
hc2205,20220218,20220218,112823500,11:28:23,4922,315218,652797,15281551530,20,-5,984400
hc2205,20220218,20220218,112824000,11:28:24,4922,315218,652797,15281551530,0,0,0
hc2205,20220218,20220218,112824500,11:28:24,4922,315219,652797,15281600750,1,0,49220
hc2205,20220218,20220218,112825000,11:28:25,4922,315222,652798,15281748410,3,1,147660
hc2205,20220218,20220218,112825500,11:28:25,4922,315223,652797,15281797630,1,-1,49220
hc2205,20220218,20220218,112826000,11:28:26,4922,315223,652797,15281797630,0,0,0
hc2205,20220218,20220218,112826500,11:28:26,4922,315265,652773,15283864540,42,-24,2066910
hc2205,20220218,20220218,112827000,11:28:27,4921,315270,652768,15284110590,5,-5,246050
hc2205,20220218,20220218,112827500,11:28:27,4920,315272,652769,15284209000,2,1,98410
hc2205,20220218,20220218,112828000,11:28:28,4922,315278,652775,15284504310,6,6,295310
hc2205,20220218,20220218,112828500,11:28:28,4920,315308,652766,15285980360,30,-9,1476050
hc2205,20220218,20220218,112829000,11:28:29,4919,315389,652760,15289964320,81,-6,3983960
hc2205,20220218,20220218,112829500,11:28:29,4917,315427,652778,15291832840,38,18,1868520
hc2205,20220218,20220218,112830000,11:28:30,4918,315438,652769,15292373820,11,-9,540980
hc2205,20220218,20220218,112830500,11:28:31,4917,315444,652769,15292668870,6,0,295050
hc2205,20220218,20220218,112831000,11:28:31,4917,315444,652769,15292668870,0,0,0
hc2205,20220218,20220218,112831500,11:28:31,4917,315447,652772,15292816380,3,3,147510
hc2205,20220218,20220218,112832000,11:28:32,4917,315447,652772,15292816380,0,0,0
hc2205,20220218,20220218,112832500,11:28:33,4919,315449,652772,15292914760,2,0,98380
hc2205,20220218,20220218,112833000,11:28:33,4917,315450,652772,15292963930,1,0,49170
hc2205,20220218,20220218,112833500,11:28:33,4919,315461,652771,15293504920,11,-1,540990
hc2205,20220218,20220218,112834000,11:28:34,4917,315462,652771,15293554090,1,0,49170
hc2205,20220218,20220218,112834500,11:28:34,4917,315462,652771,15293554090,0,0,0
hc2205,20220218,20220218,112835000,11:28:35,4917,315462,652771,15293554090,0,0,0
hc2205,20220218,20220218,112835500,11:28:35,4917,315462,652771,15293554090,0,0,0
hc2205,20220218,20220218,112836000,11:28:37,4917,315465,652772,15293701600,3,1,147510
hc2205,20220218,20220218,112836500,11:28:37,4917,315468,652773,15293849110,3,1,147510
hc2205,20220218,20220218,112837000,11:28:37,4917,315470,652775,15293947450,2,2,98340
hc2205,20220218,20220218,112837500,11:28:37,4917,315471,652776,15293996620,1,1,49170
hc2205,20220218,20220218,112838000,11:28:38,4919,315472,652775,15294045810,1,-1,49190
hc2205,20220218,20220218,112838500,11:28:38,4919,315479,652775,15294390040,7,0,344230
hc2205,20220218,20220218,112839000,11:28:40,4917,315480,652774,15294439210,1,-1,49170
hc2205,20220218,20220218,112840000,11:28:40,4919,315485,652771,15294685120,5,-3,245910
hc2205,20220218,20220218,112840500,11:28:40,4917,315521,652766,15296455640,36,-5,1770520
hc2205,20220218,20220218,112841000,11:28:41,4917,315540,652770,15297389870,19,4,934230
hc2205,20220218,20220218,112841500,11:28:41,4917,315540,652770,15297389870,0,0,0
hc2205,20220218,20220218,112842000,11:28:42,4916,315542,652771,15297488190,2,1,98320
hc2205,20220218,20220218,112842500,11:28:42,4917,315545,652772,15297635690,3,1,147500
hc2205,20220218,20220218,112843000,11:28:43,4918,315548,652775,15297783200,3,3,147510
hc2205,20220218,20220218,112843500,11:28:44,4917,315549,652775,15297832370,1,0,49170
hc2205,20220218,20220218,112844000,11:28:44,4917,315549,652775,15297832370,0,0,0
hc2205,20220218,20220218,112844500,11:28:44,4918,315554,652777,15298078260,5,2,245890
hc2205,20220218,20220218,112845000,11:28:45,4917,315559,652780,15298324120,5,3,245860
hc2205,20220218,20220218,112845500,11:28:46,4917,315562,652781,15298471670,3,1,147550
hc2205,20220218,20220218,112846000,11:28:46,4917,315562,652781,15298471670,0,0,0
hc2205,20220218,20220218,112846500,11:28:46,4918,315564,652781,15298570020,2,0,98350
hc2205,20220218,20220218,112847000,11:28:47,4918,315565,652781,15298619200,1,0,49180
hc2205,20220218,20220218,112847500,11:28:48,4918,315565,652781,15298619200,0,0,0
hc2205,20220218,20220218,112848500,11:28:48,4917,315566,652780,15298668370,1,-1,49170
hc2205,20220218,20220218,112849000,11:28:49,4917,315566,652780,15298668370,0,0,0
hc2205,20220218,20220218,112849500,11:28:50,4917,315581,652780,15299405920,15,0,737550
hc2205,20220218,20220218,112850000,11:28:50,4917,315586,652783,15299651770,5,3,245850
hc2205,20220218,20220218,112850500,11:28:50,4916,315587,652784,15299700930,1,1,49160
hc2205,20220218,20220218,112851000,11:28:51,4916,315588,652783,15299750090,1,-1,49160
hc2205,20220218,20220218,112851500,11:28:51,4917,315590,652781,15299848430,2,-2,98340
hc2205,20220218,20220218,112852000,11:28:52,4917,315591,652781,15299897600,1,0,49170
hc2205,20220218,20220218,112852500,11:28:53,4917,315612,652784,15300930200,21,3,1032600
hc2205,20220218,20220218,112853000,11:28:54,4917,315613,652784,15300979370,1,0,49170
hc2205,20220218,20220218,112853500,11:28:54,4917,315615,652784,15301077710,2,0,98340
hc2205,20220218,20220218,112854000,11:28:54,4917,315617,652784,15301176050,2,0,98340
hc2205,20220218,20220218,112854500,11:28:54,4917,315618,652783,15301225220,1,-1,49170
hc2205,20220218,20220218,112855000,11:28:55,4917,315618,652783,15301225220,0,0,0
hc2205,20220218,20220218,112855500,11:28:55,4918,315619,652784,15301274400,1,1,49180
hc2205,20220218,20220218,112856000,11:28:56,4917,315628,652777,15301716930,9,-7,442530
hc2205,20220218,20220218,112856500,11:28:56,4917,315636,652780,15302110290,8,3,393360
hc2205,20220218,20220218,112857000,11:28:57,4918,315639,652781,15302257820,3,1,147530
hc2205,20220218,20220218,112857500,11:28:58,4917,315642,652784,15302405350,3,3,147530
hc2205,20220218,20220218,112858000,11:28:58,4917,315642,652784,15302405350,0,0,0
hc2205,20220218,20220218,112858500,11:28:59,4917,315643,652785,15302454520,1,1,49170
hc2205,20220218,20220218,112859000,11:28:59,4917,315643,652785,15302454520,0,0,0
hc2205,20220218,20220218,112859500,11:29:00,4917,315643,652785,15302454520,0,0,0
hc2205,20220218,20220218,112900000,11:29:00,4917,315643,652785,15302454520,0,0,0
hc2205,20220218,20220218,112900500,11:29:01,4917,315647,652785,15302651210,4,0,196690
hc2205,20220218,20220218,112901000,11:29:01,4918,315648,652785,15302700390,1,0,49180
hc2205,20220218,20220218,112901500,11:29:01,4918,315656,652788,15303093810,8,3,393420
hc2205,20220218,20220218,112902000,11:29:02,4918,315658,652788,15303192160,2,0,98350
hc2205,20220218,20220218,112902500,11:29:03,4917,315665,652789,15303536350,7,1,344190
hc2205,20220218,20220218,112903000,11:29:03,4917,315675,652795,15304028080,10,6,491730
hc2205,20220218,20220218,112903500,11:29:04,4917,315676,652796,15304077250,1,1,49170
hc2205,20220218,20220218,112904000,11:29:04,4917,315687,652795,15304618220,11,-1,540970
hc2205,20220218,20220218,112904500,11:29:04,4917,315690,652794,15304765730,3,-1,147510
hc2205,20220218,20220218,112905000,11:29:05,4918,315696,652788,15305060760,6,-6,295030
hc2205,20220218,20220218,112905500,11:29:06,4916,315706,652784,15305552440,10,-4,491680
hc2205,20220218,20220218,112906000,11:29:06,4918,315711,652782,15305798320,5,-2,245880
hc2205,20220218,20220218,112906500,11:29:06,4918,315761,652760,15308257320,50,-22,2459000
hc2205,20220218,20220218,112907000,11:29:07,4917,315797,652745,15310027560,36,-15,1770240
hc2205,20220218,20220218,112907500,11:29:08,4917,315798,652745,15310076730,1,0,49170
hc2205,20220218,20220218,112908000,11:29:08,4918,315808,652755,15310568530,10,10,491800
hc2205,20220218,20220218,112908500,11:29:08,4917,315813,652755,15310814420,5,0,245890
hc2205,20220218,20220218,112909000,11:29:09,4918,315814,652754,15310863600,1,-1,49180
hc2205,20220218,20220218,112909500,11:29:09,4918,315816,652753,15310961960,2,-1,98360
hc2205,20220218,20220218,112910000,11:29:10,4918,315819,652753,15311109500,3,0,147540
hc2205,20220218,20220218,112910500,11:29:10,4917,315833,652753,15311797910,14,0,688410
hc2205,20220218,20220218,112911000,11:29:11,4917,315839,652752,15312092930,6,-1,295020
hc2205,20220218,20220218,112911500,11:29:12,4918,315852,652744,15312732160,13,-8,639230
hc2205,20220218,20220218,112912000,11:29:12,4918,315853,652743,15312781340,1,-1,49180
hc2205,20220218,20220218,112912500,11:29:12,4918,315854,652743,15312830520,1,0,49180
hc2205,20220218,20220218,112913000,11:29:13,4917,315857,652741,15312978040,3,-2,147520
hc2205,20220218,20220218,112913500,11:29:14,4918,315894,652711,15314797270,37,-30,1819230
hc2205,20220218,20220218,112914000,11:29:14,4916,315975,652748,15318779570,81,37,3982300
hc2205,20220218,20220218,112914500,11:29:14,4917,315993,652765,15319664630,18,17,885060
hc2205,20220218,20220218,112915000,11:29:15,4915,316045,652750,15322220430,52,-15,2555800
hc2205,20220218,20220218,112915500,11:29:16,4915,316049,652748,15322417030,4,-2,196600
hc2205,20220218,20220218,112916000,11:29:16,4914,316072,652735,15323547530,23,-13,1130500
hc2205,20220218,20220218,112916500,11:29:16,4915,316080,652728,15323940740,8,-7,393210
hc2205,20220218,20220218,112917000,11:29:20,4914,316082,652727,15324039030,2,-1,98290
hc2205,20220218,20220218,112917500,11:29:20,4915,316095,652726,15324677860,13,-1,638830
hc2205,20220218,20220218,112918000,11:29:21,4914,316100,652728,15324923560,5,2,245700
hc2205,20220218,20220218,112920500,11:29:21,4914,316100,652728,15324923560,0,0,0
hc2205,20220218,20220218,112921000,11:29:22,4914,316121,652723,15325955560,21,-5,1032000
hc2205,20220218,20220218,112921500,11:29:23,4914,316149,652704,15327331480,28,-19,1375920
hc2205,20220218,20220218,112922000,11:29:24,4915,316178,652711,15328756530,29,7,1425050
hc2205,20220218,20220218,112922500,11:29:24,4914,316187,652710,15329198870,9,-1,442340
hc2205,20220218,20220218,112923000,11:29:24,4913,316210,652711,15330329020,23,1,1130150
hc2205,20220218,20220218,112924000,11:29:24,4913,316262,652701,15332883380,52,-10,2554360
hc2205,20220218,20220218,112924500,11:29:24,4912,316264,652701,15332981620,2,0,98240
hc2205,20220218,20220218,112925000,11:29:25,4912,316308,652671,15335142440,44,-30,2160820
hc2205,20220218,20220218,112925500,11:29:25,4911,316337,652658,15336566410,29,-13,1423970
hc2205,20220218,20220218,112926000,11:29:26,4910,316343,652657,15336861010,6,-1,294600
hc2205,20220218,20220218,112926500,11:29:26,4910,316382,652632,15338776040,39,-25,1915030
hc2205,20220218,20220218,112927000,11:29:27,4912,316398,652623,15339561820,16,-9,785780
hc2205,20220218,20220218,112927500,11:29:27,4913,316401,652621,15339709190,3,-2,147370
hc2205,20220218,20220218,112928000,11:29:28,4912,316409,652624,15340102150,8,3,392960
hc2205,20220218,20220218,112928500,11:29:28,4911,316414,652627,15340347700,5,3,245550
hc2205,20220218,20220218,112929000,11:29:29,4911,316420,652627,15340642360,6,0,294660
hc2205,20220218,20220218,112929500,11:29:29,4910,316456,652600,15342410070,36,-27,1767710
hc2205,20220218,20220218,112930000,11:29:30,4911,316464,652600,15342802950,8,0,392880
hc2205,20220218,20220218,112930500,11:29:30,4912,316467,652599,15342950310,3,-1,147360
hc2205,20220218,20220218,112931000,11:29:32,4912,316475,652592,15343343270,8,-7,392960
hc2205,20220218,20220218,112931500,11:29:32,4912,316478,652589,15343490630,3,-3,147360
hc2205,20220218,20220218,112932000,11:29:32,4912,316478,652589,15343490630,0,0,0
hc2205,20220218,20220218,112932500,11:29:36,4912,316478,652589,15343490630,0,0,0
hc2205,20220218,20220218,112933000,11:29:37,4912,316478,652589,15343490630,0,0,0
hc2205,20220218,20220218,112933500,11:29:37,4912,316478,652589,15343490630,0,0,0
hc2205,20220218,20220218,112936500,11:29:38,4914,316618,652571,15350368250,140,-18,6877620
hc2205,20220218,20220218,112937000,11:29:38,4912,316677,652573,15353266450,59,2,2898200
hc2205,20220218,20220218,112937500,11:29:38,4912,316685,652570,15353659410,8,-3,392960
hc2205,20220218,20220218,112938000,11:29:38,4912,316695,652560,15354150610,10,-10,491200
hc2205,20220218,20220218,112938500,11:29:39,4913,316696,652560,15354199740,1,0,49130
hc2205,20220218,20220218,112939000,11:29:39,4914,316699,652560,15354347130,3,0,147390
hc2205,20220218,20220218,112939500,11:29:39,4912,316759,652507,15357294840,60,-53,2947710
hc2205,20220218,20220218,112940000,11:29:40,4913,316773,652505,15357982580,14,-2,687740
hc2205,20220218,20220218,112940500,11:29:40,4913,316774,652504,15358031710,1,-1,49130
hc2205,20220218,20220218,112941000,11:29:41,4913,316774,652504,15358031710,0,0,0
hc2205,20220218,20220218,112941500,11:29:42,4913,316785,652506,15358572090,11,2,540380
hc2205,20220218,20220218,112942000,11:29:42,4913,316797,652501,15359161650,12,-5,589560
hc2205,20220218,20220218,112942500,11:29:44,4912,316827,652506,15360635250,30,5,1473600
hc2205,20220218,20220218,112943000,11:29:45,4913,316831,652506,15360831750,4,0,196500
hc2205,20220218,20220218,112943500,11:29:45,4912,316832,652506,15360880870,1,0,49120
hc2205,20220218,20220218,112944000,11:29:45,4914,316850,652500,15361765240,18,-6,884370
hc2205,20220218,20220218,112944500,11:29:45,4912,316856,652500,15362059970,6,0,294730
hc2205,20220218,20220218,112945000,11:29:46,4912,316860,652499,15362256450,4,-1,196480
hc2205,20220218,20220218,112945500,11:29:46,4912,316866,652502,15362551170,6,3,294720
hc2205,20220218,20220218,112946000,11:29:46,4911,316874,652501,15362944110,8,-1,392940
hc2205,20220218,20220218,112946500,11:29:47,4912,316877,652504,15363091470,3,3,147360
hc2205,20220218,20220218,112947000,11:29:47,4911,316879,652504,15363189700,2,0,98230
hc2205,20220218,20220218,112947500,11:29:48,4911,316879,652504,15363189700,0,0,0
hc2205,20220218,20220218,112948000,11:29:48,4913,316889,652507,15363680950,10,3,491250
hc2205,20220218,20220218,112948500,11:29:49,4912,316901,652508,15364270400,12,1,589450
hc2205,20220218,20220218,112949000,11:29:50,4913,316936,652499,15365989950,35,-9,1719550
hc2205,20220218,20220218,112949500,11:29:50,4913,316938,652500,15366088210,2,1,98260
hc2205,20220218,20220218,112950000,11:29:51,4914,316952,652506,15366776030,14,6,687820
hc2205,20220218,20220218,112950500,11:29:51,4912,317006,652517,15369428940,54,11,2652910
hc2205,20220218,20220218,112951500,11:29:52,4913,317028,652524,15370509590,22,7,1080650
hc2205,20220218,20220218,112952000,11:29:52,4911,317035,652518,15370853400,7,-6,343810
hc2205,20220218,20220218,112952500,11:29:53,4913,317068,652511,15372474470,33,-7,1621070
hc2205,20220218,20220218,112953000,11:29:53,4913,317110,652490,15374537700,42,-21,2063230
hc2205,20220218,20220218,112953500,11:29:54,4910,317174,652494,15377681400,64,4,3143700
hc2205,20220218,20220218,112954000,11:29:54,4911,317195,652489,15378712710,21,-5,1031310
hc2205,20220218,20220218,112954500,11:29:54,4911,317203,652487,15379105600,8,-2,392890
hc2205,20220218,20220218,112955000,11:29:55,4910,317205,652487,15379203800,2,0,98200
hc2205,20220218,20220218,112955500,11:29:55,4911,317250,652457,15381413310,45,-30,2209510
hc2205,20220218,20220218,112956000,11:29:56,4911,317254,652454,15381609750,4,-3,196440
hc2205,20220218,20220218,112956500,11:30:00,4910,317274,652444,15382591760,20,-10,982010
hc2205,20220218,20220218,112957000,11:30:00,4910,317335,652442,15385586360,61,-2,2994600
hc2205,20220218,20220218,112957500,11:30:02,4908,317357,652432,15386666120,22,-10,1079760
hc2205,20220218,20220218,112959500,11:30:02,4908,317531,652409,15395205670,174,-23,8539550
hc2205,20220218,20220218,113000000,11:30:03,4909,317557,652394,15396481950,26,-15,1276280
hc2205,20220218,20220218,113001000,11:30:03,4909,317574,652403,15397316230,17,9,834280
hc2205,20220218,20220218,113001500,11:30:03,4909,317574,652403,15397316230,0,0,0
hc2205,20220218,20220218,133002000,13:30:08,4918,317834,652478,15410088510,260,75,12772280
hc2205,20220218,20220218,133002500,13:30:09,4913,318077,652606,15422029400,243,128,11940890
hc2205,20220218,20220218,133008500,13:30:10,4916,319563,652651,15495105850,1486,45,73076450
hc2205,20220218,20220218,133009500,13:30:10,4915,319572,652653,15495548200,9,2,442350
hc2205,20220218,20220218,133010000,13:30:11,4915,319641,652637,15498939370,69,-16,3391170
hc2205,20220218,20220218,133010500,13:30:11,4915,319645,652638,15499135970,4,1,196600
hc2205,20220218,20220218,133011000,13:30:12,4914,319737,652596,15503657980,92,-42,4522010
hc2205,20220218,20220218,133011500,13:30:13,4915,319744,652595,15504002030,7,-1,344050
hc2205,20220218,20220218,133012500,13:30:13,4915,319878,652575,15510586780,134,-20,6584750
hc2205,20220218,20220218,133013000,13:30:13,4915,319910,652575,15512159580,32,0,1572800
hc2205,20220218,20220218,133013500,13:30:14,4916,319947,652595,15513978250,37,20,1818670
hc2205,20220218,20220218,133014000,13:30:15,4916,320008,652631,15516977010,61,36,2998760
hc2205,20220218,20220218,133014500,13:30:16,4914,320017,652629,15517419350,9,-2,442340
hc2205,20220218,20220218,133015000,13:30:17,4914,320046,652651,15518844410,29,22,1425060
hc2205,20220218,20220218,133016500,13:30:18,4917,320164,652684,15524646230,118,33,5801820
hc2205,20220218,20220218,133017000,13:30:18,4915,320195,652699,15526170290,31,15,1524060
hc2205,20220218,20220218,133017500,13:30:19,4915,320195,652699,15526170290,0,0,0
hc2205,20220218,20220218,133018000,13:30:19,4916,320201,652698,15526465250,6,-1,294960
hc2205,20220218,20220218,133018500,13:30:20,4916,320201,652698,15526465250,0,0,0
hc2205,20220218,20220218,133019000,13:30:20,4916,320209,652697,15526858550,8,-1,393300
hc2205,20220218,20220218,133019500,13:30:20,4916,320212,652695,15527006030,3,-2,147480
hc2205,20220218,20220218,133020000,13:30:21,4916,320221,652695,15527448470,9,0,442440
hc2205,20220218,20220218,133020500,13:30:21,4916,320223,652696,15527546790,2,1,98320
hc2205,20220218,20220218,133021000,13:30:21,4917,320224,652696,15527595960,1,0,49170
hc2205,20220218,20220218,133021500,13:30:22,4916,320226,652697,15527694280,2,1,98320
hc2205,20220218,20220218,133022000,13:30:38,4916,320241,652689,15528431680,15,-8,737400
hc2205,20220218,20220218,133022500,13:30:38,4916,320334,652669,15533002730,93,-20,4571050
hc2205,20220218,20220218,133023000,13:30:38,4916,320334,652669,15533002730,0,0,0
hc2205,20220218,20220218,133038000,13:30:40,4909,320776,652691,15554710100,442,22,21707370
hc2205,20220218,20220218,133038500,13:30:41,4909,320776,652691,15554710100,0,0,0
hc2205,20220218,20220218,133040500,13:30:42,4911,320795,652684,15555642960,19,-7,932860
hc2205,20220218,20220218,133041000,13:30:43,4910,320821,652702,15556919950,26,18,1276990
hc2205,20220218,20220218,133041500,13:30:43,4912,320825,652701,15557116430,4,-1,196480
hc2205,20220218,20220218,133042500,13:30:44,4912,320827,652701,15557214670,2,0,98240
hc2205,20220218,20220218,133043000,13:30:44,4912,320829,652699,15557312910,2,-2,98240
hc2205,20220218,20220218,133043500,13:30:44,4911,320831,652701,15557411130,2,2,98220
hc2205,20220218,20220218,133044500,13:30:46,4911,320831,652701,15557411130,0,0,0
hc2205,20220218,20220218,133045000,13:30:46,4911,320831,652701,15557411130,0,0,0
hc2205,20220218,20220218,133045500,13:30:46,4910,320846,652696,15558147630,15,-5,736500
hc2205,20220218,20220218,133046000,13:30:47,4910,320854,652692,15558540450,8,-4,392820
hc2205,20220218,20220218,133046500,13:30:47,4910,320855,652691,15558589550,1,-1,49100
hc2205,20220218,20220218,133047000,13:30:47,4911,320870,652686,15559326290,15,-5,736740
hc2205,20220218,20220218,133047500,13:30:48,4913,320880,652695,15559817590,10,9,491300
hc2205,20220218,20220218,133048000,13:30:48,4912,320882,652694,15559915830,2,-1,98240
hc2205,20220218,20220218,133048500,13:30:49,4912,320883,652694,15559964950,1,0,49120
hc2205,20220218,20220218,133049000,13:30:49,4913,320887,652697,15560161460,4,3,196510
hc2205,20220218,20220218,133049500,13:30:50,4914,320894,652703,15560505390,7,6,343930
hc2205,20220218,20220218,133050000,13:30:50,4913,320949,652711,15563208010,55,8,2702620
hc2205,20220218,20220218,133050500,13:30:51,4913,320957,652709,15563601090,8,-2,393080
hc2205,20220218,20220218,133051000,13:30:52,4914,320960,652708,15563748510,3,-1,147420
hc2205,20220218,20220218,133051500,13:30:52,4914,320961,652708,15563797650,1,0,49140
hc2205,20220218,20220218,133052000,13:30:53,4914,320966,652704,15564043350,5,-4,245700
hc2205,20220218,20220218,133052500,13:30:53,4913,320967,652705,15564092480,1,1,49130
hc2205,20220218,20220218,133053000,13:30:54,4913,320972,652705,15564338130,5,0,245650
hc2205,20220218,20220218,133053500,13:30:54,4914,320973,652705,15564387270,1,0,49140
hc2205,20220218,20220218,133054000,13:30:54,4914,320978,652707,15564632940,5,2,245670
hc2205,20220218,20220218,133054500,13:30:55,4914,320978,652707,15564632940,0,0,0
hc2205,20220218,20220218,133055000,13:30:55,4913,320993,652708,15565369890,15,1,736950
hc2205,20220218,20220218,133055500,13:30:56,4914,320999,652703,15565664720,6,-5,294830
hc2205,20220218,20220218,133056000,13:30:57,4912,321005,652703,15565959540,6,0,294820
hc2205,20220218,20220218,133056500,13:30:57,4914,321008,652703,15566106960,3,0,147420
hc2205,20220218,20220218,133057000,13:30:57,4914,321016,652702,15566500070,8,-1,393110
hc2205,20220218,20220218,133057500,13:30:58,4914,321018,652700,15566598350,2,-2,98280
hc2205,20220218,20220218,133058000,13:30:58,4914,321024,652699,15566893140,6,-1,294790
hc2205,20220218,20220218,133058500,13:30:59,4914,321028,652695,15567089700,4,-4,196560
hc2205,20220218,20220218,133059000,13:30:59,4914,321028,652695,15567089700,0,0,0
hc2205,20220218,20220218,133059500,13:31:00,4915,321172,652710,15574167080,144,15,7077380
hc2205,20220218,20220218,133100000,13:31:00,4914,321173,652710,15574216220,1,0,49140
hc2205,20220218,20220218,133100500,13:31:00,4914,321173,652710,15574216220,0,0,0
hc2205,20220218,20220218,133101000,13:31:01,4915,321223,652697,15576673920,50,-13,2457700
hc2205,20220218,20220218,133101500,13:31:01,4915,321223,652697,15576673920,0,0,0
hc2205,20220218,20220218,133102000,13:31:02,4912,321265,652695,15578737180,42,-2,2063260
hc2205,20220218,20220218,133102500,13:31:02,4916,321292,652700,15580063940,27,5,1326760
hc2205,20220218,20220218,133103000,13:31:03,4914,321294,652700,15580162240,2,0,98300
hc2205,20220218,20220218,133103500,13:31:04,4914,321313,652702,15581096010,19,2,933770
hc2205,20220218,20220218,133104000,13:31:06,4914,321317,652703,15581292580,4,1,196570
hc2205,20220218,20220218,133104500,13:31:06,4915,321320,652703,15581440030,3,0,147450
hc2205,20220218,20220218,133105500,13:31:08,4913,321355,652682,15583159680,35,-21,1719650
hc2205,20220218,20220218,133106000,13:31:08,4914,321356,652683,15583208820,1,1,49140
hc2205,20220218,20220218,133107500,13:31:08,4912,321374,652676,15584093020,18,-7,884200
hc2205,20220218,20220218,133108500,13:31:09,4912,321430,652695,15586844640,56,19,2751620
hc2205,20220218,20220218,133109000,13:31:09,4913,321434,652697,15587041160,4,2,196520
hc2205,20220218,20220218,133109500,13:31:10,4911,321452,652680,15587925460,18,-17,884300
hc2205,20220218,20220218,133110000,13:31:11,4912,321454,652680,15588023700,2,0,98240
hc2205,20220218,20220218,133110500,13:31:11,4911,321474,652667,15589005900,20,-13,982200
hc2205,20220218,20220218,133111000,13:31:11,4911,321475,652667,15589055010,1,0,49110
hc2205,20220218,20220218,133111500,13:31:12,4911,321479,652669,15589251450,4,2,196440
hc2205,20220218,20220218,133112000,13:31:12,4910,321518,652663,15591166350,39,-6,1914900
hc2205,20220218,20220218,133112500,13:31:13,4909,321532,652660,15591853630,14,-3,687280
hc2205,20220218,20220218,133113000,13:31:13,4910,321598,652676,15595093920,66,16,3240290
hc2205,20220218,20220218,133113500,13:31:14,4910,321604,652682,15595388520,6,6,294600
hc2205,20220218,20220218,133114000,13:31:15,4909,321605,652682,15595437610,1,0,49090
hc2205,20220218,20220218,133114500,13:31:15,4910,321610,652684,15595683090,5,2,245480
hc2205,20220218,20220218,133115000,13:31:15,4910,321618,652690,15596075820,8,6,392730
hc2205,20220218,20220218,133115500,13:31:15,4909,321626,652696,15596468540,8,6,392720
hc2205,20220218,20220218,133116000,13:31:16,4909,321628,652695,15596566720,2,-1,98180
hc2205,20220218,20220218,133116500,13:31:17,4909,321629,652694,15596615810,1,-1,49090
hc2205,20220218,20220218,133117000,13:31:17,4909,321630,652693,15596664900,1,-1,49090
hc2205,20220218,20220218,133117500,13:31:18,4909,321641,652689,15597204890,11,-4,539990
hc2205,20220218,20220218,133118000,13:31:18,4909,321642,652690,15597253980,1,1,49090
hc2205,20220218,20220218,133118500,13:31:19,4909,321650,652688,15597646700,8,-2,392720
hc2205,20220218,20220218,133119000,13:31:19,4909,321650,652688,15597646700,0,0,0
hc2205,20220218,20220218,133119500,13:31:20,4909,321651,652688,15597695790,1,0,49090
hc2205,20220218,20220218,133120000,13:31:20,4909,321651,652688,15597695790,0,0,0
hc2205,20220218,20220218,133120500,13:31:21,4909,321651,652688,15597695790,0,0,0
hc2205,20220218,20220218,133121000,13:31:21,4909,321651,652688,15597695790,0,0,0
hc2205,20220218,20220218,133121500,13:31:21,4909,321651,652688,15597695790,0,0,0
hc2205,20220218,20220218,133122000,13:31:22,4910,321657,652688,15597990390,6,0,294600
hc2205,20220218,20220218,133122500,13:31:23,4910,321657,652688,15597990390,0,0,0
hc2205,20220218,20220218,133123000,13:31:25,4909,321665,652683,15598383110,8,-5,392720
hc2205,20220218,20220218,133123500,13:31:25,4909,321671,652677,15598677650,6,-6,294540
hc2205,20220218,20220218,133124000,13:31:25,4908,321677,652678,15598972180,6,1,294530
hc2205,20220218,20220218,133124500,13:31:25,4909,321700,652676,15600101250,23,-2,1129070
hc2205,20220218,20220218,133156000,13:31:56,4909,321702,652675,15600199430,2,-1,98180
hc2205,20220218,20220218,133158000,13:31:58,4909,321704,652673,15600297610,2,-2,98180
hc2205,20220218,20220218,133158500,13:31:58,4909,321706,652672,15600395790,2,-1,98180
hc2205,20220218,20220218,133159500,13:32:00,4909,321712,652667,15600690330,6,-5,294540
hc2205,20220218,20220218,133200500,13:32:01,4907,322231,652496,15626164700,519,-171,25474370
hc2205,20220218,20220218,133201000,13:32:01,4906,322239,652494,15626557230,8,-2,392530
hc2205,20220218,20220218,133201500,13:32:01,4907,322244,652495,15626802580,5,1,245350
hc2205,20220218,20220218,133202000,13:32:03,4906,322279,652493,15628519950,35,-2,1717370
hc2205,20220218,20220218,133202500,13:32:03,4907,322281,652491,15628618090,2,-2,98140
hc2205,20220218,20220218,133203000,13:32:04,4907,322281,652491,15628618090,0,0,0
hc2205,20220218,20220218,133203500,13:32:05,4907,322294,652487,15629256000,13,-4,637910
hc2205,20220218,20220218,133204000,13:32:05,4907,322305,652476,15629795770,11,-11,539770
hc2205,20220218,20220218,133205000,13:32:06,4907,322317,652471,15630384560,12,-5,588790
hc2205,20220218,20220218,133205500,13:32:06,4907,322335,652454,15631267750,18,-17,883190
hc2205,20220218,20220218,133206000,13:32:06,4907,322337,652452,15631365890,2,-2,98140
hc2205,20220218,20220218,133206500,13:32:07,4907,322340,652450,15631513080,3,-2,147190
hc2205,20220218,20220218,133207000,13:32:07,4907,322355,652440,15632249030,15,-10,735950
hc2205,20220218,20220218,133207500,13:32:07,4907,322409,652403,15634898780,54,-37,2649750
hc2205,20220218,20220218,133208000,13:32:09,4907,322410,652402,15634947850,1,-1,49070
hc2205,20220218,20220218,133208500,13:32:10,4906,322420,652401,15635438460,10,-1,490610
hc2205,20220218,20220218,133209000,13:32:10,4906,322563,652352,15642454040,143,-49,7015580
hc2205,20220218,20220218,133209500,13:32:10,4905,322642,652357,15646329060,79,5,3875020
hc2205,20220218,20220218,133210000,13:32:10,4905,322709,652321,15649614570,67,-36,3285510
hc2205,20220218,20220218,133210500,13:32:13,4904,322752,652318,15651723370,43,-3,2108800
hc2205,20220218,20220218,133211000,13:32:14,4903,322768,652304,15652507850,16,-14,784480
hc2205,20220218,20220218,133213000,13:32:15,4903,322787,652301,15653439320,19,-3,931470
hc2205,20220218,20220218,133213500,13:32:15,4903,322792,652299,15653684460,5,-2,245140
hc2205,20220218,20220218,133214000,13:32:15,4902,322806,652300,15654370800,14,1,686340
hc2205,20220218,20220218,133214500,13:32:16,4903,322810,652297,15654566920,4,-3,196120
hc2205,20220218,20220218,133215000,13:32:16,4903,322810,652297,15654566920,0,0,0
hc2205,20220218,20220218,133215500,13:32:16,4902,322826,652296,15655351250,16,-1,784330
hc2205,20220218,20220218,133216000,13:32:17,4903,322828,652295,15655449310,2,-1,98060
hc2205,20220218,20220218,133216500,13:32:17,4903,322832,652293,15655645420,4,-2,196110
hc2205,20220218,20220218,133217000,13:32:17,4902,322840,652299,15656037590,8,6,392170
hc2205,20220218,20220218,133217500,13:32:18,4903,322845,652301,15656282710,5,2,245120
hc2205,20220218,20220218,133218000,13:32:18,4902,322849,652301,15656478790,4,0,196080
hc2205,20220218,20220218,133218500,13:32:18,4903,322852,652300,15656625860,3,-1,147070
hc2205,20220218,20220218,133219000,13:32:19,4903,322856,652299,15656821980,4,-1,196120
hc2205,20220218,20220218,133219500,13:32:20,4903,322886,652279,15658292810,30,-20,1470830
hc2205,20220218,20220218,133220000,13:32:20,4903,322898,652289,15658881170,12,10,588360
hc2205,20220218,20220218,133220500,13:32:21,4903,322911,652278,15659518550,13,-11,637380
hc2205,20220218,20220218,133221000,13:32:21,4902,322917,652278,15659812720,6,0,294170
hc2205,20220218,20220218,133221500,13:32:22,4903,322934,652279,15660646230,17,1,833510
hc2205,20220218,20220218,133222000,13:32:22,4903,322935,652280,15660695260,1,1,49030
hc2205,20220218,20220218,133222500,13:32:23,4903,322957,652294,15661773970,22,14,1078710
hc2205,20220218,20220218,133223000,13:32:24,4903,322957,652294,15661773970,0,0,0
hc2205,20220218,20220218,133223500,13:32:24,4903,322975,652285,15662656520,18,-9,882550
hc2205,20220218,20220218,133224000,13:32:24,4903,322990,652277,15663391970,15,-8,735450
hc2205,20220218,20220218,133224500,13:32:24,4904,323002,652273,15663980450,12,-4,588480
hc2205,20220218,20220218,133225000,13:32:25,4904,323003,652274,15664029490,1,1,49040
hc2205,20220218,20220218,133225500,13:32:25,4904,323004,652274,15664078530,1,0,49040
hc2205,20220218,20220218,133226000,13:32:27,4904,323017,652270,15664716040,13,-4,637510
hc2205,20220218,20220218,133226500,13:32:27,4904,323018,652269,15664765080,1,-1,49040
hc2205,20220218,20220218,133227000,13:32:27,4904,323025,652263,15665108310,7,-6,343230
hc2205,20220218,20220218,133227500,13:32:27,4904,323026,652262,15665157350,1,-1,49040
hc2205,20220218,20220218,133228000,13:32:32,4904,323027,652261,15665206390,1,-1,49040
hc2205,20220218,20220218,133228500,13:32:32,4904,323027,652261,15665206390,0,0,0
hc2205,20220218,20220218,133229000,13:32:33,4905,323028,652260,15665255440,1,-1,49050
hc2205,20220218,20220218,133229500,13:32:34,4904,323033,652255,15665500640,5,-5,245200
hc2205,20220218,20220218,133232000,13:32:35,4905,323059,652264,15666775910,26,9,1275270
hc2205,20220218,20220218,133232500,13:32:35,4905,323069,652254,15667266410,10,-10,490500
hc2205,20220218,20220218,133234500,13:32:35,4905,323077,652248,15667658790,8,-6,392380
hc2205,20220218,20220218,133235000,13:32:36,4905,323094,652245,15668492640,17,-3,833850
hc2205,20220218,20220218,133235500,13:32:36,4905,323094,652245,15668492640,0,0,0
hc2205,20220218,20220218,133236000,13:32:36,4906,323096,652245,15668590750,2,0,98110
hc2205,20220218,20220218,133236500,13:32:37,4906,323096,652245,15668590750,0,0,0
hc2205,20220218,20220218,133237000,13:32:37,4906,323111,652251,15669326600,15,6,735850
hc2205,20220218,20220218,133237500,13:32:37,4906,323111,652251,15669326600,0,0,0
hc2205,20220218,20220218,133238000,13:32:38,4906,323121,652241,15669817200,10,-10,490600
hc2205,20220218,20220218,133238500,13:32:39,4906,323121,652241,15669817200,0,0,0
hc2205,20220218,20220218,133239000,13:32:39,4906,323121,652241,15669817200,0,0,0
hc2205,20220218,20220218,133239500,13:32:40,4904,323126,652242,15670062400,5,1,245200
hc2205,20220218,20220218,133240000,13:32:40,4904,323126,652242,15670062400,0,0,0
hc2205,20220218,20220218,133240500,13:32:40,4904,323141,652230,15670798000,15,-12,735600
hc2205,20220218,20220218,133241000,13:32:41,4905,323142,652230,15670847050,1,0,49050
hc2205,20220218,20220218,133241500,13:32:42,4904,323143,652231,15670896090,1,1,49040
hc2205,20220218,20220218,133242000,13:32:42,4904,323148,652231,15671141290,5,0,245200
hc2205,20220218,20220218,133242500,13:32:42,4905,323149,652232,15671190340,1,1,49050
hc2205,20220218,20220218,133243000,13:32:43,4904,323152,652232,15671337460,3,0,147120
hc2205,20220218,20220218,133243500,13:32:43,4905,323158,652231,15671631750,6,-1,294290
hc2205,20220218,20220218,133244000,13:32:44,4904,323166,652231,15672024120,8,0,392370
hc2205,20220218,20220218,133244500,13:32:45,4904,323166,652231,15672024120,0,0,0
hc2205,20220218,20220218,133245000,13:32:45,4904,323166,652231,15672024120,0,0,0
hc2205,20220218,20220218,133245500,13:32:45,4903,323181,652232,15672759670,15,1,735550
hc2205,20220218,20220218,133246000,13:32:47,4903,323182,652233,15672808700,1,1,49030
hc2205,20220218,20220218,133246500,13:32:47,4903,323225,652249,15674916990,43,16,2108290
hc2205,20220218,20220218,133247000,13:32:47,4903,323231,652254,15675211170,6,5,294180
hc2205,20220218,20220218,133247500,13:32:48,4903,323365,652334,15681779890,134,80,6568720
hc2205,20220218,20220218,133248000,13:32:48,4903,323369,652334,15681976010,4,0,196120
hc2205,20220218,20220218,133248500,13:32:49,4902,323374,652336,15682221130,5,2,245120
hc2205,20220218,20220218,133249000,13:32:49,4902,323376,652335,15682319170,2,-1,98040
hc2205,20220218,20220218,133249500,13:32:50,4901,323378,652335,15682417200,2,0,98030
hc2205,20220218,20220218,133250000,13:32:50,4901,323388,652334,15682907370,10,-1,490170
hc2205,20220218,20220218,133250500,13:32:52,4901,323402,652336,15683593640,14,2,686270
hc2205,20220218,20220218,133251000,13:32:52,4901,323434,652322,15685161990,32,-14,1568350
hc2205,20220218,20220218,133251500,13:32:53,4901,323452,652321,15686044170,18,-1,882180
hc2205,20220218,20220218,133252000,13:32:53,4901,323459,652316,15686387240,7,-5,343070
hc2205,20220218,20220218,133252500,13:32:53,4902,323461,652316,15686485270,2,0,98030
hc2205,20220218,20220218,133253000,13:32:53,4901,323463,652315,15686583290,2,-1,98020
hc2205,20220218,20220218,133253500,13:32:54,4901,323463,652315,15686583290,0,0,0
hc2205,20220218,20220218,133254000,13:32:54,4901,323474,652313,15687122400,11,-2,539110
hc2205,20220218,20220218,133254500,13:32:55,4901,323532,652305,15689964980,58,-8,2842580
hc2205,20220218,20220218,133255000,13:32:55,4901,323569,652271,15691778350,37,-34,1813370
hc2205,20220218,20220218,133255500,13:32:55,4901,323572,652271,15691925380,3,0,147030
hc2205,20220218,20220218,133256000,13:32:56,4901,323592,652260,15692905420,20,-11,980040
hc2205,20220218,20220218,133256500,13:32:56,4901,323606,652262,15693591560,14,2,686140
hc2205,20220218,20220218,133257000,13:32:59,4902,323611,652257,15693836660,5,-5,245100
hc2205,20220218,20220218,133257500,13:33:00,4901,323618,652257,15694179760,7,0,343100
hc2205,20220218,20220218,133258000,13:33:00,4902,323621,652257,15694326820,3,0,147060
hc2205,20220218,20220218,133258500,13:33:00,4901,323624,652259,15694473870,3,2,147050
hc2205,20220218,20220218,133259500,13:33:01,4901,323637,652262,15695111000,13,3,637130
hc2205,20220218,20220218,133300000,13:33:01,4903,323640,652261,15695258070,3,-1,147070
hc2205,20220218,20220218,133300500,13:33:01,4902,323641,652261,15695307090,1,0,49020
hc2205,20220218,20220218,133301000,13:33:02,4901,323668,652262,15696630660,27,1,1323570
hc2205,20220218,20220218,133301500,13:33:02,4902,323671,652264,15696777720,3,2,147060
hc2205,20220218,20220218,133302000,13:33:02,4903,323682,652263,15697317030,11,-1,539310
hc2205,20220218,20220218,133302500,13:33:03,4902,323692,652266,15697807290,10,3,490260
hc2205,20220218,20220218,133303000,13:33:03,4903,323693,652265,15697856320,1,-1,49030
hc2205,20220218,20220218,133303500,13:33:04,4903,323710,652268,15698689830,17,3,833510
hc2205,20220218,20220218,133304000,13:33:04,4903,323712,652268,15698787890,2,0,98060
hc2205,20220218,20220218,133304500,13:33:05,4903,323712,652268,15698787890,0,0,0
hc2205,20220218,20220218,133305000,13:33:05,4903,323714,652269,15698885950,2,1,98060
hc2205,20220218,20220218,133305500,13:33:05,4903,323714,652269,15698885950,0,0,0
hc2205,20220218,20220218,133306000,13:33:06,4904,323772,652276,15701730270,58,7,2844320
hc2205,20220218,20220218,133306500,13:33:06,4904,323780,652279,15702122590,8,3,392320
hc2205,20220218,20220218,133307000,13:33:07,4905,323786,652278,15702416830,6,-1,294240
hc2205,20220218,20220218,133307500,13:33:08,4905,323786,652278,15702416830,0,0,0
hc2205,20220218,20220218,133308000,13:33:08,4905,323786,652278,15702416830,0,0,0
hc2205,20220218,20220218,133308500,13:33:09,4905,323788,652278,15702514920,2,0,98090
hc2205,20220218,20220218,133309000,13:33:09,4905,323790,652279,15702613010,2,1,98090
hc2205,20220218,20220218,133309500,13:33:10,4905,323801,652287,15703152560,11,8,539550
hc2205,20220218,20220218,133310000,13:33:11,4905,323802,652286,15703201610,1,-1,49050
hc2205,20220218,20220218,133310500,13:33:12,4905,323856,652238,15705850310,54,-48,2648700
hc2205,20220218,20220218,133311000,13:33:13,4905,323861,652240,15706095560,5,2,245250
hc2205,20220218,20220218,133311500,13:33:14,4905,323862,652239,15706144610,1,-1,49050
hc2205,20220218,20220218,133312000,13:33:14,4905,323862,652239,15706144610,0,0,0
hc2205,20220218,20220218,133312500,13:33:14,4904,323865,652238,15706291740,3,-1,147130
hc2205,20220218,20220218,133313500,13:33:15,4905,323872,652241,15706635090,7,3,343350
hc2205,20220218,20220218,133314000,13:33:17,4904,323888,652233,15707419790,16,-8,784700
hc2205,20220218,20220218,133314500,13:33:17,4904,323895,652231,15707763070,7,-2,343280
hc2205,20220218,20220218,133315000,13:33:18,4905,323897,652232,15707861170,2,1,98100
hc2205,20220218,20220218,133315500,13:33:18,4904,323912,652218,15708596770,15,-14,735600
hc2205,20220218,20220218,133317000,13:33:18,4904,323952,652199,15710558210,40,-19,1961440
hc2205,20220218,20220218,133317500,13:33:19,4904,323958,652201,15710852410,6,2,294200
hc2205,20220218,20220218,133318000,13:33:19,4903,323961,652202,15710999510,3,1,147100
hc2205,20220218,20220218,133318500,13:33:19,4904,323997,652194,15712764600,36,-8,1765090
hc2205,20220218,20220218,133319000,13:33:20,4904,323997,652194,15712764600,0,0,0
hc2205,20220218,20220218,133319500,13:33:20,4904,323998,652193,15712813640,1,-1,49040
hc2205,20220218,20220218,133320000,13:33:21,4904,324010,652196,15713402120,12,3,588480
hc2205,20220218,20220218,133320500,13:33:21,4903,324040,652175,15714873100,30,-21,1470980
hc2205,20220218,20220218,133321000,13:33:22,4903,324040,652175,15714873100,0,0,0
hc2205,20220218,20220218,133321500,13:33:22,4905,324041,652176,15714922150,1,1,49050
hc2205,20220218,20220218,133322000,13:33:22,4905,324041,652176,15714922150,0,0,0
hc2205,20220218,20220218,133322500,13:33:22,4905,324041,652176,15714922150,0,0,0
hc2205,20220218,20220218,133323000,13:33:23,4904,324044,652178,15715069270,3,2,147120
hc2205,20220218,20220218,133323500,13:33:24,4905,324065,652186,15716099120,21,8,1029850
hc2205,20220218,20220218,133324000,13:33:24,4904,324131,652137,15719335770,66,-49,3236650
hc2205,20220218,20220218,133324500,13:33:25,4904,324131,652137,15719335770,0,0,0
hc2205,20220218,20220218,133325000,13:33:26,4905,324162,652125,15720856320,31,-12,1520550
hc2205,20220218,20220218,133325500,13:33:26,4904,324184,652106,15721935390,22,-19,1079070
hc2205,20220218,20220218,133326000,13:33:27,4904,324185,652105,15721984430,1,-1,49040
hc2205,20220218,20220218,133326500,13:33:29,4906,324188,652104,15722131590,3,-1,147160
hc2205,20220218,20220218,133327000,13:33:29,4906,324188,652104,15722131590,0,0,0
hc2205,20220218,20220218,133327500,13:33:29,4906,324193,652103,15722376890,5,-1,245300
hc2205,20220218,20220218,133328500,13:33:30,4906,324193,652103,15722376890,0,0,0
hc2205,20220218,20220218,133329000,13:33:30,4906,324204,652103,15722916500,11,0,539610
hc2205,20220218,20220218,133329500,13:33:30,4906,324204,652103,15722916500,0,0,0
hc2205,20220218,20220218,133330000,13:33:30,4906,324204,652103,15722916500,0,0,0
hc2205,20220218,20220218,133330500,13:33:31,4906,324204,652103,15722916500,0,0,0
hc2205,20220218,20220218,133331000,13:33:32,4905,324205,652104,15722965550,1,1,49050
hc2205,20220218,20220218,133331500,13:33:32,4906,324210,652104,15723210850,5,0,245300
hc2205,20220218,20220218,133332000,13:33:32,4906,324215,652104,15723456150,5,0,245300
hc2205,20220218,20220218,133332500,13:33:33,4906,324215,652104,15723456150,0,0,0
hc2205,20220218,20220218,133333000,13:33:33,4906,324218,652105,15723603310,3,1,147160
hc2205,20220218,20220218,133333500,13:33:33,4905,324240,652086,15724682370,22,-19,1079060
hc2205,20220218,20220218,133334000,13:33:34,4906,324256,652088,15725467220,16,2,784850
hc2205,20220218,20220218,133334500,13:33:34,4905,324257,652087,15725516270,1,-1,49050
hc2205,20220218,20220218,133335000,13:33:35,4905,324257,652087,15725516270,0,0,0
hc2205,20220218,20220218,133335500,13:33:35,4906,324262,652086,15725761570,5,-1,245300
hc2205,20220218,20220218,133336000,13:33:36,4906,324264,652088,15725859690,2,2,98120
hc2205,20220218,20220218,133336500,13:33:36,4906,324264,652088,15725859690,0,0,0
hc2205,20220218,20220218,133337000,13:33:37,4906,324264,652088,15725859690,0,0,0
hc2205,20220218,20220218,133337500,13:33:37,4906,324264,652088,15725859690,0,0,0
hc2205,20220218,20220218,133338000,13:33:38,4906,324264,652088,15725859690,0,0,0
hc2205,20220218,20220218,133338500,13:33:39,4906,324265,652088,15725908750,1,0,49060
hc2205,20220218,20220218,133339000,13:33:39,4906,324286,652102,15726939010,21,14,1030260
hc2205,20220218,20220218,133339500,13:33:40,4906,324286,652102,15726939010,0,0,0
hc2205,20220218,20220218,133340000,13:33:40,4906,324286,652102,15726939010,0,0,0
hc2205,20220218,20220218,133340500,13:33:41,4906,324286,652102,15726939010,0,0,0
hc2205,20220218,20220218,133341000,13:33:41,4906,324286,652102,15726939010,0,0,0
hc2205,20220218,20220218,133341500,13:33:42,4906,324287,652102,15726988070,1,0,49060
hc2205,20220218,20220218,133342000,13:33:42,4906,324288,652101,15727037130,1,-1,49060
hc2205,20220218,20220218,133342500,13:33:42,4906,324290,652102,15727135250,2,1,98120
hc2205,20220218,20220218,133343000,13:33:43,4906,324296,652104,15727429610,6,2,294360
hc2205,20220218,20220218,133343500,13:33:44,4906,324317,652104,15728459860,21,0,1030250
hc2205,20220218,20220218,133344000,13:33:44,4906,324322,652099,15728705160,5,-5,245300
hc2205,20220218,20220218,133344500,13:33:45,4906,324322,652099,15728705160,0,0,0
hc2205,20220218,20220218,133345000,13:33:45,4906,324323,652098,15728754220,1,-1,49060
hc2205,20220218,20220218,133345500,13:33:46,4906,324325,652098,15728852340,2,0,98120
hc2205,20220218,20220218,133346000,13:33:47,4906,324330,652097,15729097640,5,-1,245300
hc2205,20220218,20220218,133346500,13:33:48,4906,324349,652103,15730029600,19,6,931960
hc2205,20220218,20220218,133347000,13:33:48,4906,324349,652103,15730029600,0,0,0
hc2205,20220218,20220218,133347500,13:33:49,4906,324349,652103,15730029600,0,0,0
hc2205,20220218,20220218,133348000,13:33:49,4907,324355,652108,15730323920,6,5,294320
hc2205,20220218,20220218,133348500,13:33:49,4907,324355,652108,15730323920,0,0,0
hc2205,20220218,20220218,133349000,13:33:50,4906,324357,652110,15730422040,2,2,98120
hc2205,20220218,20220218,133349500,13:33:50,4906,324357,652110,15730422040,0,0,0
hc2205,20220218,20220218,133350000,13:33:50,4906,324358,652111,15730471100,1,1,49060
hc2205,20220218,20220218,133350500,13:33:50,4906,324358,652111,15730471100,0,0,0
hc2205,20220218,20220218,133351000,13:33:51,4906,324361,652111,15730618270,3,0,147170
hc2205,20220218,20220218,133351500,13:33:52,4907,324369,652108,15731010770,8,-3,392500
hc2205,20220218,20220218,133352000,13:33:52,4905,324370,652108,15731059820,1,0,49050
hc2205,20220218,20220218,133352500,13:33:52,4906,324386,652112,15731844730,16,4,784910
hc2205,20220218,20220218,133353000,13:33:53,4906,324388,652114,15731942850,2,2,98120
hc2205,20220218,20220218,133353500,13:33:53,4905,324390,652115,15732040950,2,1,98100
