hc2204,20220218,20220218,112003000,11:20:08,4948,4993,3069,244428220,4993,-144,244428220
hc2204,20220218,20220218,112004500,11:20:09,4948,4993,3069,244428220,0,0,0
hc2204,20220218,20220218,112005000,11:20:10,4948,4993,3069,244428220,0,0,0
hc2204,20220218,20220218,112006000,11:20:10,4948,4993,3069,244428220,0,0,0
hc2204,20220218,20220218,112006500,11:20:10,4948,4993,3069,244428220,0,0,0
hc2204,20220218,20220218,112007000,11:20:10,4948,4993,3069,244428220,0,0,0
hc2204,20220218,20220218,112007500,11:20:10,4948,4993,3069,244428220,0,0,0
hc2204,20220218,20220218,112008000,11:20:10,4948,4993,3069,244428220,0,0,0
hc2204,20220218,20220218,112008500,11:20:10,4948,4993,3069,244428220,0,0,0
hc2204,20220218,20220218,112009000,11:20:10,4948,4993,3069,244428220,0,0,0
hc2204,20220218,20220218,112009500,11:20:10,4948,4993,3069,244428220,0,0,0
hc2204,20220218,20220218,112010000,11:20:10,4948,4993,3069,244428220,0,0,0
hc2204,20220218,20220218,112010500,11:20:10,4948,4993,3069,244428220,0,0,0
hc2204,20220218,20220218,112011000,11:20:11,4948,4993,3069,244428220,0,0,0
hc2204,20220218,20220218,112011500,11:20:12,4948,4993,3069,244428220,0,0,0
hc2204,20220218,20220218,112012000,11:20:12,4948,4993,3069,244428220,0,0,0
hc2204,20220218,20220218,112012500,11:20:12,4948,4993,3069,244428220,0,0,0
hc2204,20220218,20220218,112013000,11:20:13,4948,4993,3069,244428220,0,0,0
hc2204,20220218,20220218,112013500,11:20:13,4948,4993,3069,244428220,0,0,0
hc2204,20220218,20220218,112014000,11:20:14,4948,4993,3069,244428220,0,0,0
hc2204,20220218,20220218,112014500,11:20:14,4948,4993,3069,244428220,0,0,0
hc2204,20220218,20220218,112015000,11:20:15,4948,4993,3069,244428220,0,0,0
hc2204,20220218,20220218,112015500,11:20:16,4948,4993,3069,244428220,0,0,0
hc2204,20220218,20220218,112016000,11:20:16,4948,4993,3069,244428220,0,0,0
hc2204,20220218,20220218,112016500,11:20:16,4948,4993,3069,244428220,0,0,0
hc2204,20220218,20220218,112017000,11:20:17,4948,4993,3069,244428220,0,0,0
hc2204,20220218,20220218,112017500,11:20:17,4947,5002,3068,244873450,9,-1,445230
hc2204,20220218,20220218,112018000,11:20:18,4947,5002,3068,244873450,0,0,0
hc2204,20220218,20220218,112018500,11:20:18,4947,5002,3068,244873450,0,0,0
hc2204,20220218,20220218,112019000,11:20:19,4947,5002,3068,244873450,0,0,0
hc2204,20220218,20220218,112019500,11:20:20,4947,5003,3068,244922920,1,0,49470
hc2204,20220218,20220218,112020000,11:20:20,4947,5003,3068,244922920,0,0,0
hc2204,20220218,20220218,112020500,11:20:21,4947,5003,3068,244922920,0,0,0
hc2204,20220218,20220218,112021000,11:20:21,4947,5003,3068,244922920,0,0,0
hc2204,20220218,20220218,112021500,11:20:21,4947,5003,3068,244922920,0,0,0
hc2204,20220218,20220218,112022000,11:20:22,4947,5003,3068,244922920,0,0,0
hc2204,20220218,20220218,112022500,11:20:23,4947,5003,3068,244922920,0,0,0
hc2204,20220218,20220218,112023000,11:20:23,4947,5003,3068,244922920,0,0,0
hc2204,20220218,20220218,112023500,11:20:23,4947,5003,3068,244922920,0,0,0
hc2204,20220218,20220218,112024000,11:20:24,4947,5003,3068,244922920,0,0,0
hc2204,20220218,20220218,112024500,11:20:24,4947,5003,3068,244922920,0,0,0
hc2204,20220218,20220218,112025000,11:20:25,4947,5003,3068,244922920,0,0,0
hc2204,20220218,20220218,112025500,11:20:25,4947,5003,3068,244922920,0,0,0
hc2204,20220218,20220218,112026000,11:20:26,4947,5003,3068,244922920,0,0,0
hc2204,20220218,20220218,112026500,11:20:26,4947,5003,3068,244922920,0,0,0
hc2204,20220218,20220218,112027000,11:20:27,4947,5003,3068,244922920,0,0,0
hc2204,20220218,20220218,112027500,11:20:28,4947,5003,3068,244922920,0,0,0
hc2204,20220218,20220218,112028000,11:20:28,4947,5003,3068,244922920,0,0,0
hc2204,20220218,20220218,112028500,11:20:28,4947,5003,3068,244922920,0,0,0
hc2204,20220218,20220218,112029000,11:20:29,4945,5009,3062,245219620,6,-6,296700
hc2204,20220218,20220218,112029500,11:20:30,4945,5009,3062,245219620,0,0,0
hc2204,20220218,20220218,112030000,11:20:31,4945,5009,3062,245219620,0,0,0
hc2204,20220218,20220218,112030500,11:20:31,4945,5009,3062,245219620,0,0,0
hc2204,20220218,20220218,112031000,11:20:32,4945,5009,3062,245219620,0,0,0
hc2204,20220218,20220218,112031500,11:20:32,4945,5009,3062,245219620,0,0,0
hc2204,20220218,20220218,112032000,11:20:32,4945,5009,3062,245219620,0,0,0
hc2204,20220218,20220218,112032500,11:20:32,4945,5009,3062,245219620,0,0,0
hc2204,20220218,20220218,112033000,11:20:33,4945,5009,3062,245219620,0,0,0
hc2204,20220218,20220218,112033500,11:20:33,4945,5009,3062,245219620,0,0,0
hc2204,20220218,20220218,112034000,11:20:34,4945,5009,3062,245219620,0,0,0
hc2204,20220218,20220218,112034500,11:20:35,4945,5009,3062,245219620,0,0,0
hc2204,20220218,20220218,112035000,11:20:35,4945,5009,3062,245219620,0,0,0
hc2204,20220218,20220218,112035500,11:20:35,4945,5009,3062,245219620,0,0,0
hc2204,20220218,20220218,112036000,11:20:36,4945,5009,3062,245219620,0,0,0
hc2204,20220218,20220218,112036500,11:20:37,4945,5009,3062,245219620,0,0,0
hc2204,20220218,20220218,112037000,11:20:37,4945,5009,3062,245219620,0,0,0
hc2204,20220218,20220218,112037500,11:20:38,4945,5009,3062,245219620,0,0,0
hc2204,20220218,20220218,112038000,11:20:38,4945,5009,3062,245219620,0,0,0
hc2204,20220218,20220218,112038500,11:20:38,4945,5009,3062,245219620,0,0,0
hc2204,20220218,20220218,112039000,11:20:39,4945,5009,3062,245219620,0,0,0
hc2204,20220218,20220218,112039500,11:20:40,4945,5009,3062,245219620,0,0,0
hc2204,20220218,20220218,112040000,11:20:40,4945,5009,3062,245219620,0,0,0
hc2204,20220218,20220218,112040500,11:20:41,4945,5009,3062,245219620,0,0,0
hc2204,20220218,20220218,112041000,11:20:41,4945,5009,3062,245219620,0,0,0
hc2204,20220218,20220218,112041500,11:20:41,4945,5009,3062,245219620,0,0,0
hc2204,20220218,20220218,112042000,11:20:42,4945,5009,3062,245219620,0,0,0
hc2204,20220218,20220218,112042500,11:20:42,4945,5009,3062,245219620,0,0,0
hc2204,20220218,20220218,112043000,11:20:43,4945,5010,3062,245269070,1,0,49450
hc2204,20220218,20220218,112043500,11:20:44,4945,5010,3062,245269070,0,0,0
hc2204,20220218,20220218,112044000,11:20:44,4945,5010,3062,245269070,0,0,0
hc2204,20220218,20220218,112044500,11:20:45,4944,5011,3061,245318510,1,-1,49440
hc2204,20220218,20220218,112045000,11:20:45,4944,5011,3061,245318510,0,0,0
hc2204,20220218,20220218,112045500,11:20:46,4944,5011,3061,245318510,0,0,0
hc2204,20220218,20220218,112046000,11:20:46,4944,5011,3061,245318510,0,0,0
hc2204,20220218,20220218,112046500,11:20:46,4944,5011,3061,245318510,0,0,0
hc2204,20220218,20220218,112047000,11:20:47,4944,5011,3061,245318510,0,0,0
hc2204,20220218,20220218,112047500,11:20:48,4944,5011,3061,245318510,0,0,0
hc2204,20220218,20220218,112048000,11:20:48,4944,5011,3061,245318510,0,0,0
hc2204,20220218,20220218,112048500,11:20:50,4944,5011,3061,245318510,0,0,0
hc2204,20220218,20220218,112049000,11:20:50,4944,5011,3061,245318510,0,0,0
hc2204,20220218,20220218,112049500,11:20:50,4944,5011,3061,245318510,0,0,0
hc2204,20220218,20220218,112050500,11:20:51,4944,5011,3061,245318510,0,0,0
hc2204,20220218,20220218,112051000,11:20:51,4944,5011,3061,245318510,0,0,0
hc2204,20220218,20220218,112051500,11:20:52,4944,5011,3061,245318510,0,0,0
hc2204,20220218,20220218,112052000,11:20:53,4944,5011,3061,245318510,0,0,0
hc2204,20220218,20220218,112052500,11:20:53,4944,5011,3061,245318510,0,0,0
hc2204,20220218,20220218,112053000,11:20:53,4944,5011,3061,245318510,0,0,0
hc2204,20220218,20220218,112053500,11:20:53,4944,5011,3061,245318510,0,0,0
hc2204,20220218,20220218,112054000,11:20:54,4944,5011,3061,245318510,0,0,0
hc2204,20220218,20220218,112054500,11:20:55,4944,5011,3061,245318510,0,0,0
hc2204,20220218,20220218,112055000,11:20:55,4944,5011,3061,245318510,0,0,0
hc2204,20220218,20220218,112055500,11:20:56,4944,5011,3061,245318510,0,0,0
hc2204,20220218,20220218,112056000,11:20:56,4944,5011,3061,245318510,0,0,0
hc2204,20220218,20220218,112056500,11:20:56,4948,5013,3060,245417470,2,-1,98960
hc2204,20220218,20220218,112057000,11:20:58,4948,5013,3060,245417470,0,0,0
hc2204,20220218,20220218,112057500,11:20:58,4948,5013,3060,245417470,0,0,0
hc2204,20220218,20220218,112058000,11:20:58,4948,5013,3060,245417470,0,0,0
hc2204,20220218,20220218,112058500,11:20:59,4948,5013,3060,245417470,0,0,0
hc2204,20220218,20220218,112059000,11:21:00,4948,5013,3060,245417470,0,0,0
hc2204,20220218,20220218,112059500,11:21:00,4948,5013,3060,245417470,0,0,0
hc2204,20220218,20220218,112100000,11:21:00,4948,5013,3060,245417470,0,0,0
hc2204,20220218,20220218,112100500,11:21:01,4948,5013,3060,245417470,0,0,0
hc2204,20220218,20220218,112101000,11:21:01,4948,5013,3060,245417470,0,0,0
hc2204,20220218,20220218,112101500,11:21:02,4948,5013,3060,245417470,0,0,0
hc2204,20220218,20220218,112102000,11:21:02,4949,5014,3060,245466960,1,0,49490
hc2204,20220218,20220218,112102500,11:21:03,4949,5014,3060,245466960,0,0,0
hc2204,20220218,20220218,112103000,11:21:03,4951,5018,3058,245664970,4,-2,198010
hc2204,20220218,20220218,112103500,11:21:04,4951,5018,3058,245664970,0,0,0
hc2204,20220218,20220218,112104000,11:21:04,4950,5019,3058,245714470,1,0,49500
hc2204,20220218,20220218,112104500,11:21:05,4952,5021,3056,245813510,2,-2,99040
hc2204,20220218,20220218,112105000,11:21:06,4953,5022,3056,245863040,1,0,49530
hc2204,20220218,20220218,112105500,11:21:07,4955,5048,3081,247151090,26,25,1288050
hc2204,20220218,20220218,112106000,11:21:07,4955,5050,3079,247250190,2,-2,99100
hc2204,20220218,20220218,112106500,11:21:08,4956,5072,3079,248340510,22,0,1090320
hc2204,20220218,20220218,112107000,11:21:09,4956,5072,3079,248340510,0,0,0
hc2204,20220218,20220218,112107500,11:21:10,4956,5072,3079,248340510,0,0,0
hc2204,20220218,20220218,112108000,11:21:10,4956,5072,3079,248340510,0,0,0
hc2204,20220218,20220218,112110000,11:21:10,4952,5205,3089,254926440,133,10,6585930
hc2204,20220218,20220218,112110500,11:21:11,4952,5205,3089,254926440,0,0,0
hc2204,20220218,20220218,112111000,11:21:11,4952,5206,3088,254975960,1,-1,49520
hc2204,20220218,20220218,112111500,11:21:12,4952,5206,3088,254975960,0,0,0
hc2204,20220218,20220218,112112000,11:21:12,4952,5207,3088,255025480,1,0,49520
hc2204,20220218,20220218,112112500,11:21:13,4952,5208,3087,255075000,1,-1,49520
hc2204,20220218,20220218,112113000,11:21:13,4952,5208,3087,255075000,0,0,0
hc2204,20220218,20220218,112113500,11:21:13,4952,5208,3087,255075000,0,0,0
hc2204,20220218,20220218,112114000,11:21:14,4952,5208,3087,255075000,0,0,0
hc2204,20220218,20220218,112114500,11:21:14,4952,5208,3087,255075000,0,0,0
hc2204,20220218,20220218,112115000,11:21:15,4952,5208,3087,255075000,0,0,0
hc2204,20220218,20220218,112115500,11:21:15,4952,5208,3087,255075000,0,0,0
hc2204,20220218,20220218,112116000,11:21:16,4952,5208,3087,255075000,0,0,0
hc2204,20220218,20220218,112116500,11:21:17,4952,5208,3087,255075000,0,0,0
hc2204,20220218,20220218,112117000,11:21:17,4952,5208,3087,255075000,0,0,0
hc2204,20220218,20220218,112117500,11:21:18,4952,5208,3087,255075000,0,0,0
hc2204,20220218,20220218,112118000,11:21:18,4952,5208,3087,255075000,0,0,0
hc2204,20220218,20220218,112118500,11:21:18,4952,5208,3087,255075000,0,0,0
hc2204,20220218,20220218,112119000,11:21:19,4952,5208,3087,255075000,0,0,0
hc2204,20220218,20220218,112119500,11:21:19,4952,5208,3087,255075000,0,0,0
hc2204,20220218,20220218,112120000,11:21:20,4952,5208,3087,255075000,0,0,0
hc2204,20220218,20220218,112120500,11:21:21,4952,5208,3087,255075000,0,0,0
hc2204,20220218,20220218,112121000,11:21:22,4952,5208,3087,255075000,0,0,0
hc2204,20220218,20220218,112121500,11:21:22,4952,5208,3087,255075000,0,0,0
hc2204,20220218,20220218,112122000,11:21:22,4952,5208,3087,255075000,0,0,0
hc2204,20220218,20220218,112122500,11:21:22,4952,5208,3087,255075000,0,0,0
hc2204,20220218,20220218,112123000,11:21:23,4952,5208,3087,255075000,0,0,0
hc2204,20220218,20220218,112123500,11:21:23,4952,5208,3087,255075000,0,0,0
hc2204,20220218,20220218,112124000,11:21:24,4952,5208,3087,255075000,0,0,0
hc2204,20220218,20220218,112124500,11:21:25,4952,5208,3087,255075000,0,0,0
hc2204,20220218,20220218,112125000,11:23:32,4952,5208,3087,255075000,0,0,0
hc2204,20220218,20220218,112125500,11:23:32,4952,5208,3087,255075000,0,0,0
hc2204,20220218,20220218,112126000,11:23:33,4952,5208,3087,255075000,0,0,0
hc2204,20220218,20220218,112126500,11:23:33,4952,5208,3087,255075000,0,0,0
hc2204,20220218,20220218,112332500,11:23:33,4952,5208,3087,255075000,0,0,0
hc2204,20220218,20220218,112333000,11:23:33,4952,5208,3087,255075000,0,0,0
hc2204,20220218,20220218,112333500,11:23:33,4957,5233,3077,256313610,25,-10,1238610
hc2204,20220218,20220218,112334000,11:23:34,4957,5233,3077,256313610,0,0,0
hc2204,20220218,20220218,112334500,11:23:34,4957,5233,3077,256313610,0,0,0
hc2204,20220218,20220218,112335000,11:23:35,4957,5233,3077,256313610,0,0,0
hc2204,20220218,20220218,112335500,11:23:35,4956,5234,3076,256363170,1,-1,49560
hc2204,20220218,20220218,112336000,11:23:36,4956,5234,3076,256363170,0,0,0
hc2204,20220218,20220218,112336500,11:23:38,4956,5234,3076,256363170,0,0,0
hc2204,20220218,20220218,112337000,11:23:38,4956,5234,3076,256363170,0,0,0
hc2204,20220218,20220218,112337500,11:23:38,4956,5234,3076,256363170,0,0,0
hc2204,20220218,20220218,112338000,11:23:38,4956,5234,3076,256363170,0,0,0
hc2204,20220218,20220218,112338500,11:23:38,4956,5234,3076,256363170,0,0,0
hc2204,20220218,20220218,112339000,11:23:39,4956,5234,3076,256363170,0,0,0
hc2204,20220218,20220218,112339500,11:23:39,4956,5234,3076,256363170,0,0,0
hc2204,20220218,20220218,112340000,11:23:40,4956,5234,3076,256363170,0,0,0
hc2204,20220218,20220218,112340500,11:23:40,4956,5234,3076,256363170,0,0,0
hc2204,20220218,20220218,112341000,11:23:41,4956,5234,3076,256363170,0,0,0
hc2204,20220218,20220218,112341500,11:23:42,4956,5234,3076,256363170,0,0,0
hc2204,20220218,20220218,112342000,11:23:42,4956,5234,3076,256363170,0,0,0
hc2204,20220218,20220218,112342500,11:23:42,4956,5234,3076,256363170,0,0,0
hc2204,20220218,20220218,112343000,11:23:43,4956,5234,3076,256363170,0,0,0
hc2204,20220218,20220218,112343500,11:23:43,4962,5237,3077,256512010,3,1,148840
hc2204,20220218,20220218,112344000,11:23:45,4961,5238,3077,256561620,1,0,49610
hc2204,20220218,20220218,112344500,11:23:48,4961,5238,3077,256561620,0,0,0
hc2204,20220218,20220218,112345000,11:23:48,4961,5238,3077,256561620,0,0,0
hc2204,20220218,20220218,112345500,11:23:48,4961,5238,3077,256561620,0,0,0
hc2204,20220218,20220218,112348000,11:23:48,4961,5238,3077,256561620,0,0,0
hc2204,20220218,20220218,112348500,11:23:49,4961,5238,3077,256561620,0,0,0
hc2204,20220218,20220218,112349000,11:23:49,4961,5238,3077,256561620,0,0,0
hc2204,20220218,20220218,112349500,11:23:50,4961,5238,3077,256561620,0,0,0
hc2204,20220218,20220218,112350000,11:23:50,4961,5238,3077,256561620,0,0,0
hc2204,20220218,20220218,112350500,11:23:50,4961,5238,3077,256561620,0,0,0
hc2204,20220218,20220218,112351000,11:23:51,4961,5238,3077,256561620,0,0,0
hc2204,20220218,20220218,112351500,11:23:51,4961,5238,3077,256561620,0,0,0
hc2204,20220218,20220218,112352000,11:23:52,4962,5240,3076,256660860,2,-1,99240
hc2204,20220218,20220218,112352500,11:23:52,4962,5240,3076,256660860,0,0,0
hc2204,20220218,20220218,112353000,11:23:53,4962,5240,3076,256660860,0,0,0
hc2204,20220218,20220218,112353500,11:23:53,4962,5240,3076,256660860,0,0,0
hc2204,20220218,20220218,112354000,11:23:54,4962,5240,3076,256660860,0,0,0
hc2204,20220218,20220218,112354500,11:23:55,4962,5240,3076,256660860,0,0,0
hc2204,20220218,20220218,112355000,11:23:55,4962,5240,3076,256660860,0,0,0
hc2204,20220218,20220218,112355500,11:23:55,4962,5240,3076,256660860,0,0,0
hc2204,20220218,20220218,112356000,11:23:56,4962,5240,3076,256660860,0,0,0
hc2204,20220218,20220218,112356500,11:23:56,4962,5240,3076,256660860,0,0,0
hc2204,20220218,20220218,112357000,11:23:57,4962,5240,3076,256660860,0,0,0
hc2204,20220218,20220218,112357500,11:23:57,4962,5240,3076,256660860,0,0,0
hc2204,20220218,20220218,112358000,11:23:58,4962,5240,3076,256660860,0,0,0
hc2204,20220218,20220218,112358500,11:23:58,4962,5240,3076,256660860,0,0,0
hc2204,20220218,20220218,112359000,11:23:59,4962,5240,3076,256660860,0,0,0
hc2204,20220218,20220218,112359500,11:23:59,4962,5240,3076,256660860,0,0,0
hc2204,20220218,20220218,112400000,11:24:00,4962,5240,3076,256660860,0,0,0
hc2204,20220218,20220218,112400500,11:24:00,4962,5240,3076,256660860,0,0,0
hc2204,20220218,20220218,112401000,11:24:01,4962,5240,3076,256660860,0,0,0
hc2204,20220218,20220218,112401500,11:24:01,4962,5240,3076,256660860,0,0,0
hc2204,20220218,20220218,112402000,11:24:02,4963,5241,3075,256710490,1,-1,49630
hc2204,20220218,20220218,112402500,11:24:02,4963,5241,3075,256710490,0,0,0
hc2204,20220218,20220218,112403000,11:24:03,4963,5241,3075,256710490,0,0,0
hc2204,20220218,20220218,112403500,11:24:04,4963,5241,3075,256710490,0,0,0
hc2204,20220218,20220218,112404000,11:24:04,4963,5241,3075,256710490,0,0,0
hc2204,20220218,20220218,112404500,11:24:04,4963,5241,3075,256710490,0,0,0
hc2204,20220218,20220218,112405000,11:24:05,4963,5244,3075,256859380,3,0,148890
hc2204,20220218,20220218,112405500,11:24:05,4963,5244,3075,256859380,0,0,0
hc2204,20220218,20220218,112406000,11:24:06,4963,5244,3075,256859380,0,0,0
hc2204,20220218,20220218,112406500,11:24:06,4963,5244,3075,256859380,0,0,0
hc2204,20220218,20220218,112407000,11:24:07,4963,5244,3075,256859380,0,0,0
hc2204,20220218,20220218,112407500,11:24:08,4963,5244,3075,256859380,0,0,0
hc2204,20220218,20220218,112408000,11:24:08,4963,5244,3075,256859380,0,0,0
hc2204,20220218,20220218,112408500,11:24:08,4963,5244,3075,256859380,0,0,0
hc2204,20220218,20220218,112409000,11:24:11,4963,5244,3075,256859380,0,0,0
hc2204,20220218,20220218,112409500,11:24:11,4963,5244,3075,256859380,0,0,0
hc2204,20220218,20220218,112410000,11:24:12,4963,5244,3075,256859380,0,0,0
hc2204,20220218,20220218,112410500,11:24:12,4963,5244,3075,256859380,0,0,0
hc2204,20220218,20220218,112411000,11:24:12,4963,5244,3075,256859380,0,0,0
hc2204,20220218,20220218,112411500,11:24:12,4963,5244,3075,256859380,0,0,0
hc2204,20220218,20220218,112412000,11:24:12,4963,5244,3075,256859380,0,0,0
hc2204,20220218,20220218,112412500,11:24:13,4963,5244,3075,256859380,0,0,0
hc2204,20220218,20220218,112413000,11:24:13,4963,5244,3075,256859380,0,0,0
hc2204,20220218,20220218,112413500,11:24:14,4963,5244,3075,256859380,0,0,0
hc2204,20220218,20220218,112414000,11:24:14,4963,5244,3075,256859380,0,0,0
hc2204,20220218,20220218,112414500,11:24:15,4963,5244,3075,256859380,0,0,0
hc2204,20220218,20220218,112415000,11:24:15,4963,5244,3075,256859380,0,0,0
hc2204,20220218,20220218,112415500,11:24:15,4963,5244,3075,256859380,0,0,0
hc2204,20220218,20220218,112416000,11:24:16,4963,5244,3075,256859380,0,0,0
hc2204,20220218,20220218,112416500,11:24:17,4963,5244,3075,256859380,0,0,0
hc2204,20220218,20220218,112417000,11:24:17,4963,5244,3075,256859380,0,0,0
hc2204,20220218,20220218,112417500,11:24:18,4963,5244,3075,256859380,0,0,0
hc2204,20220218,20220218,112418000,11:24:18,4963,5244,3075,256859380,0,0,0
hc2204,20220218,20220218,112418500,11:24:19,4963,5244,3075,256859380,0,0,0
hc2204,20220218,20220218,112419000,11:24:19,4963,5244,3075,256859380,0,0,0
hc2204,20220218,20220218,112419500,11:24:20,4963,5244,3075,256859380,0,0,0
hc2204,20220218,20220218,112420000,11:24:20,4963,5244,3075,256859380,0,0,0
hc2204,20220218,20220218,112420500,11:24:20,4963,5244,3075,256859380,0,0,0
hc2204,20220218,20220218,112421000,11:24:21,4963,5244,3075,256859380,0,0,0
hc2204,20220218,20220218,112421500,11:24:22,4963,5244,3075,256859380,0,0,0
hc2204,20220218,20220218,112422000,11:24:22,4963,5245,3074,256909010,1,-1,49630
hc2204,20220218,20220218,112422500,11:24:23,4963,5245,3074,256909010,0,0,0
hc2204,20220218,20220218,112423000,11:24:23,4963,5245,3074,256909010,0,0,0
hc2204,20220218,20220218,112423500,11:24:23,4963,5245,3074,256909010,0,0,0
hc2204,20220218,20220218,112424000,11:24:24,4963,5245,3074,256909010,0,0,0
hc2204,20220218,20220218,112424500,11:24:24,4961,5246,3073,256958620,1,-1,49610
hc2204,20220218,20220218,112425000,11:24:25,4961,5246,3073,256958620,0,0,0
hc2204,20220218,20220218,112425500,11:24:25,4961,5246,3073,256958620,0,0,0
hc2204,20220218,20220218,112426000,11:24:26,4961,5246,3073,256958620,0,0,0
hc2204,20220218,20220218,112426500,11:24:26,4961,5246,3073,256958620,0,0,0
hc2204,20220218,20220218,112427000,11:24:27,4961,5246,3073,256958620,0,0,0
hc2204,20220218,20220218,112427500,11:24:28,4961,5246,3073,256958620,0,0,0
hc2204,20220218,20220218,112428000,11:24:28,4961,5246,3073,256958620,0,0,0
hc2204,20220218,20220218,112428500,11:24:28,4961,5246,3073,256958620,0,0,0
hc2204,20220218,20220218,112429000,11:24:29,4961,5246,3073,256958620,0,0,0
hc2204,20220218,20220218,112429500,11:24:29,4961,5246,3073,256958620,0,0,0
hc2204,20220218,20220218,112430000,11:24:30,4961,5246,3073,256958620,0,0,0
hc2204,20220218,20220218,112430500,11:24:30,4961,5246,3073,256958620,0,0,0
hc2204,20220218,20220218,112431000,11:24:31,4961,5246,3073,256958620,0,0,0
hc2204,20220218,20220218,112431500,11:24:31,4961,5246,3073,256958620,0,0,0
hc2204,20220218,20220218,112432000,11:24:32,4961,5246,3073,256958620,0,0,0
hc2204,20220218,20220218,112432500,11:24:32,4961,5247,3074,257008230,1,1,49610
hc2204,20220218,20220218,112433000,11:24:33,4961,5247,3074,257008230,0,0,0
hc2204,20220218,20220218,112433500,11:24:33,4961,5247,3074,257008230,0,0,0
hc2204,20220218,20220218,112434000,11:24:34,4961,5247,3074,257008230,0,0,0
hc2204,20220218,20220218,112434500,11:24:34,4961,5247,3074,257008230,0,0,0
hc2204,20220218,20220218,112435000,11:24:35,4961,5247,3074,257008230,0,0,0
hc2204,20220218,20220218,112435500,11:24:35,4961,5247,3074,257008230,0,0,0
hc2204,20220218,20220218,112436000,11:24:36,4961,5247,3074,257008230,0,0,0
hc2204,20220218,20220218,112436500,11:24:36,4961,5247,3074,257008230,0,0,0
hc2204,20220218,20220218,112437000,11:24:37,4961,5247,3074,257008230,0,0,0
hc2204,20220218,20220218,112437500,11:24:37,4961,5247,3074,257008230,0,0,0
hc2204,20220218,20220218,112438000,11:24:39,4961,5247,3074,257008230,0,0,0
hc2204,20220218,20220218,112438500,11:24:39,4961,5247,3074,257008230,0,0,0
hc2204,20220218,20220218,112439000,11:24:40,4961,5247,3074,257008230,0,0,0
hc2204,20220218,20220218,112439500,11:24:40,4961,5247,3074,257008230,0,0,0
hc2204,20220218,20220218,112440000,11:24:40,4961,5247,3074,257008230,0,0,0
hc2204,20220218,20220218,112440500,11:24:40,4961,5247,3074,257008230,0,0,0
hc2204,20220218,20220218,112441000,11:24:41,4961,5247,3074,257008230,0,0,0
hc2204,20220218,20220218,112441500,11:24:41,4961,5247,3074,257008230,0,0,0
hc2204,20220218,20220218,112442000,11:24:42,4961,5247,3074,257008230,0,0,0
hc2204,20220218,20220218,112442500,11:24:42,4961,5247,3074,257008230,0,0,0
hc2204,20220218,20220218,112443000,11:24:43,4961,5247,3074,257008230,0,0,0
hc2204,20220218,20220218,112443500,11:24:43,4961,5247,3074,257008230,0,0,0
hc2204,20220218,20220218,112444000,11:24:44,4961,5247,3074,257008230,0,0,0
hc2204,20220218,20220218,112444500,11:24:44,4961,5247,3074,257008230,0,0,0
hc2204,20220218,20220218,112445000,11:24:45,4961,5247,3074,257008230,0,0,0
hc2204,20220218,20220218,112445500,11:24:45,4961,5247,3074,257008230,0,0,0
hc2204,20220218,20220218,112446000,11:24:46,4961,5247,3074,257008230,0,0,0
hc2204,20220218,20220218,112446500,11:24:46,4961,5247,3074,257008230,0,0,0
hc2204,20220218,20220218,112447000,11:24:47,4961,5247,3074,257008230,0,0,0
hc2204,20220218,20220218,112447500,11:24:47,4961,5247,3074,257008230,0,0,0
hc2204,20220218,20220218,112448000,11:24:48,4961,5247,3074,257008230,0,0,0
hc2204,20220218,20220218,112448500,11:24:48,4961,5247,3074,257008230,0,0,0
hc2204,20220218,20220218,112449000,11:24:49,4961,5247,3074,257008230,0,0,0
hc2204,20220218,20220218,112449500,11:24:49,4961,5247,3074,257008230,0,0,0
hc2204,20220218,20220218,112450000,11:24:50,4961,5247,3074,257008230,0,0,0
hc2204,20220218,20220218,112450500,11:24:50,4961,5247,3074,257008230,0,0,0
hc2204,20220218,20220218,112451000,11:24:51,4961,5247,3074,257008230,0,0,0
hc2204,20220218,20220218,112451500,11:24:52,4961,5247,3074,257008230,0,0,0
hc2204,20220218,20220218,112452000,11:24:52,4961,5247,3074,257008230,0,0,0
hc2204,20220218,20220218,112452500,11:24:52,4961,5247,3074,257008230,0,0,0
hc2204,20220218,20220218,112453000,11:24:53,4961,5247,3074,257008230,0,0,0
hc2204,20220218,20220218,112453500,11:24:53,4961,5247,3074,257008230,0,0,0
hc2204,20220218,20220218,112454000,11:24:54,4961,5247,3074,257008230,0,0,0
hc2204,20220218,20220218,112454500,11:24:54,4961,5247,3074,257008230,0,0,0
hc2204,20220218,20220218,112455000,11:24:55,4961,5247,3074,257008230,0,0,0
hc2204,20220218,20220218,112455500,11:24:56,4959,5248,3074,257057820,1,0,49590
hc2204,20220218,20220218,112456000,11:24:56,4959,5248,3074,257057820,0,0,0
hc2204,20220218,20220218,112456500,11:24:56,4959,5248,3074,257057820,0,0,0
hc2204,20220218,20220218,112457000,11:24:57,4959,5248,3074,257057820,0,0,0
hc2204,20220218,20220218,112457500,11:24:57,4959,5248,3074,257057820,0,0,0
hc2204,20220218,20220218,112458000,11:24:58,4959,5248,3074,257057820,0,0,0
hc2204,20220218,20220218,112458500,11:24:58,4959,5248,3074,257057820,0,0,0
hc2204,20220218,20220218,112459000,11:24:59,4959,5248,3074,257057820,0,0,0
hc2204,20220218,20220218,112459500,11:24:59,4959,5248,3074,257057820,0,0,0
hc2204,20220218,20220218,112500000,11:25:00,4959,5248,3074,257057820,0,0,0
hc2204,20220218,20220218,112500500,11:25:01,4959,5248,3074,257057820,0,0,0
hc2204,20220218,20220218,112501000,11:25:02,4959,5248,3074,257057820,0,0,0
hc2204,20220218,20220218,112501500,11:25:04,4959,5248,3074,257057820,0,0,0
hc2204,20220218,20220218,112502000,11:25:05,4960,5251,3072,257206620,3,-2,148800
hc2204,20220218,20220218,112502500,11:25:06,4960,5251,3072,257206620,0,0,0
hc2204,20220218,20220218,112505000,11:25:06,4960,5251,3072,257206620,0,0,0
hc2204,20220218,20220218,112505500,11:25:06,4960,5251,3072,257206620,0,0,0
hc2204,20220218,20220218,112506000,11:25:06,4960,5251,3072,257206620,0,0,0
hc2204,20220218,20220218,112506500,11:25:07,4960,5251,3072,257206620,0,0,0
hc2204,20220218,20220218,112507000,11:25:07,4960,5251,3072,257206620,0,0,0
hc2204,20220218,20220218,112507500,11:25:07,4960,5251,3072,257206620,0,0,0
hc2204,20220218,20220218,112508000,11:25:08,4960,5251,3072,257206620,0,0,0
hc2204,20220218,20220218,112508500,11:25:08,4960,5251,3072,257206620,0,0,0
hc2204,20220218,20220218,112509000,11:25:09,4960,5251,3072,257206620,0,0,0
hc2204,20220218,20220218,112509500,11:25:09,4960,5251,3072,257206620,0,0,0
hc2204,20220218,20220218,112510000,11:25:10,4960,5251,3072,257206620,0,0,0
hc2204,20220218,20220218,112510500,11:25:10,4960,5251,3072,257206620,0,0,0
hc2204,20220218,20220218,112511000,11:25:11,4960,5251,3072,257206620,0,0,0
hc2204,20220218,20220218,112511500,11:25:11,4960,5251,3072,257206620,0,0,0
hc2204,20220218,20220218,112512000,11:25:12,4960,5251,3072,257206620,0,0,0
hc2204,20220218,20220218,112512500,11:25:12,4960,5251,3072,257206620,0,0,0
hc2204,20220218,20220218,112513000,11:25:13,4960,5251,3072,257206620,0,0,0
hc2204,20220218,20220218,112513500,11:25:15,4960,5251,3072,257206620,0,0,0
hc2204,20220218,20220218,112514000,11:25:15,4960,5251,3072,257206620,0,0,0
hc2204,20220218,20220218,112514500,11:25:15,4960,5251,3072,257206620,0,0,0
hc2204,20220218,20220218,112515000,11:25:16,4960,5251,3072,257206620,0,0,0
hc2204,20220218,20220218,112515500,11:25:16,4960,5251,3072,257206620,0,0,0
hc2204,20220218,20220218,112516000,11:25:16,4960,5251,3072,257206620,0,0,0
hc2204,20220218,20220218,112516500,11:25:16,4960,5251,3072,257206620,0,0,0
hc2204,20220218,20220218,112517000,11:25:18,4960,5251,3072,257206620,0,0,0
hc2204,20220218,20220218,112517500,11:25:18,4960,5251,3072,257206620,0,0,0
hc2204,20220218,20220218,112518000,11:25:18,4960,5251,3072,257206620,0,0,0
hc2204,20220218,20220218,112518500,11:25:19,4960,5251,3072,257206620,0,0,0
hc2204,20220218,20220218,112519000,11:25:19,4960,5251,3072,257206620,0,0,0
hc2204,20220218,20220218,112519500,11:25:19,4960,5251,3072,257206620,0,0,0
hc2204,20220218,20220218,112520000,11:25:21,4960,5251,3072,257206620,0,0,0
hc2204,20220218,20220218,112520500,11:25:21,4960,5251,3072,257206620,0,0,0
hc2204,20220218,20220218,112521000,11:25:21,4960,5251,3072,257206620,0,0,0
hc2204,20220218,20220218,112521500,11:25:22,4960,5251,3072,257206620,0,0,0
hc2204,20220218,20220218,112522000,11:25:22,4960,5251,3072,257206620,0,0,0
hc2204,20220218,20220218,112522500,11:25:22,4960,5251,3072,257206620,0,0,0
hc2204,20220218,20220218,112523000,11:25:23,4960,5251,3072,257206620,0,0,0
hc2204,20220218,20220218,112523500,11:25:24,4960,5251,3072,257206620,0,0,0
hc2204,20220218,20220218,112524000,11:25:25,4960,5251,3072,257206620,0,0,0
hc2204,20220218,20220218,112524500,11:25:25,4960,5251,3072,257206620,0,0,0
hc2204,20220218,20220218,112525000,11:25:25,4960,5251,3072,257206620,0,0,0
hc2204,20220218,20220218,112525500,11:25:26,4960,5251,3072,257206620,0,0,0
hc2204,20220218,20220218,112526000,11:25:26,4960,5251,3072,257206620,0,0,0
hc2204,20220218,20220218,112526500,11:25:27,4960,5251,3072,257206620,0,0,0
hc2204,20220218,20220218,112527000,11:25:27,4960,5251,3072,257206620,0,0,0
hc2204,20220218,20220218,112527500,11:25:28,4960,5251,3072,257206620,0,0,0
hc2204,20220218,20220218,112528000,11:25:28,4960,5251,3072,257206620,0,0,0
hc2204,20220218,20220218,112528500,11:25:28,4960,5251,3072,257206620,0,0,0
hc2204,20220218,20220218,112529000,11:25:29,4960,5251,3072,257206620,0,0,0
hc2204,20220218,20220218,112529500,11:25:30,4960,5251,3072,257206620,0,0,0
hc2204,20220218,20220218,112530000,11:25:31,4959,5428,3139,265984080,177,67,8777460
hc2204,20220218,20220218,112530500,11:25:31,4958,5455,3138,267322740,27,-1,1338660
hc2204,20220218,20220218,112531000,11:25:31,4958,5467,3126,267917700,12,-12,594960
hc2204,20220218,20220218,112531500,11:25:32,4958,5467,3126,267917700,0,0,0
hc2204,20220218,20220218,112532000,11:25:32,4958,5467,3126,267917700,0,0,0
hc2204,20220218,20220218,112532500,11:25:33,4958,5467,3126,267917700,0,0,0
hc2204,20220218,20220218,112533000,11:25:33,4958,5467,3126,267917700,0,0,0
hc2204,20220218,20220218,112533500,11:25:33,4958,5467,3126,267917700,0,0,0
hc2204,20220218,20220218,112534000,11:25:34,4958,5467,3126,267917700,0,0,0
hc2204,20220218,20220218,112534500,11:25:35,4958,5467,3126,267917700,0,0,0
hc2204,20220218,20220218,112535000,11:25:36,4958,5467,3126,267917700,0,0,0
hc2204,20220218,20220218,112535500,11:25:37,4958,5467,3126,267917700,0,0,0
hc2204,20220218,20220218,112536000,11:25:37,4958,5467,3126,267917700,0,0,0
hc2204,20220218,20220218,112536500,11:25:37,4958,5467,3126,267917700,0,0,0
hc2204,20220218,20220218,112537000,11:25:38,4958,5467,3126,267917700,0,0,0
hc2204,20220218,20220218,112537500,11:25:38,4958,5467,3126,267917700,0,0,0
hc2204,20220218,20220218,112538000,11:25:38,4958,5467,3126,267917700,0,0,0
hc2204,20220218,20220218,112538500,11:25:39,4958,5467,3126,267917700,0,0,0
hc2204,20220218,20220218,112539000,11:25:39,4958,5467,3126,267917700,0,0,0
hc2204,20220218,20220218,112539500,11:25:40,4958,5467,3126,267917700,0,0,0
hc2204,20220218,20220218,112540000,11:25:40,4958,5467,3126,267917700,0,0,0
hc2204,20220218,20220218,112540500,11:25:40,4957,5468,3125,267967270,1,-1,49570
hc2204,20220218,20220218,112541000,11:25:41,4957,5468,3125,267967270,0,0,0
hc2204,20220218,20220218,112541500,11:25:41,4957,5468,3125,267967270,0,0,0
hc2204,20220218,20220218,112542000,11:25:42,4957,5468,3125,267967270,0,0,0
hc2204,20220218,20220218,112542500,11:25:42,4957,5468,3125,267967270,0,0,0
hc2204,20220218,20220218,112543000,11:25:43,4957,5468,3125,267967270,0,0,0
hc2204,20220218,20220218,112543500,11:25:43,4958,5477,3116,268413490,9,-9,446220
hc2204,20220218,20220218,112544000,11:25:44,4958,5477,3116,268413490,0,0,0
hc2204,20220218,20220218,112544500,11:25:44,4958,5477,3116,268413490,0,0,0
hc2204,20220218,20220218,112545000,11:25:45,4958,5477,3116,268413490,0,0,0
hc2204,20220218,20220218,112545500,11:25:46,4958,5477,3116,268413490,0,0,0
hc2204,20220218,20220218,112546000,11:25:47,4958,5477,3116,268413490,0,0,0
hc2204,20220218,20220218,112546500,11:25:48,4958,5477,3116,268413490,0,0,0
hc2204,20220218,20220218,112547000,11:25:48,4958,5477,3116,268413490,0,0,0
hc2204,20220218,20220218,112547500,11:25:48,4958,5477,3116,268413490,0,0,0
hc2204,20220218,20220218,112548000,11:25:48,4958,5477,3116,268413490,0,0,0
hc2204,20220218,20220218,112548500,11:25:48,4958,5477,3116,268413490,0,0,0
hc2204,20220218,20220218,112549000,11:25:49,4958,5477,3116,268413490,0,0,0
hc2204,20220218,20220218,112549500,11:25:49,4958,5477,3116,268413490,0,0,0
hc2204,20220218,20220218,112550000,11:25:50,4958,5477,3116,268413490,0,0,0
hc2204,20220218,20220218,112550500,11:25:51,4958,5477,3116,268413490,0,0,0
hc2204,20220218,20220218,112551000,11:25:51,4958,5477,3116,268413490,0,0,0
hc2204,20220218,20220218,112551500,11:25:51,4958,5477,3116,268413490,0,0,0
hc2204,20220218,20220218,112552000,11:25:52,4958,5477,3116,268413490,0,0,0
hc2204,20220218,20220218,112552500,11:25:52,4958,5477,3116,268413490,0,0,0
hc2204,20220218,20220218,112553000,11:25:53,4958,5477,3116,268413490,0,0,0
hc2204,20220218,20220218,112553500,11:25:54,4958,5477,3116,268413490,0,0,0
hc2204,20220218,20220218,112554000,11:25:54,4958,5477,3116,268413490,0,0,0
hc2204,20220218,20220218,112554500,11:25:54,4958,5477,3116,268413490,0,0,0
hc2204,20220218,20220218,112555000,11:25:55,4958,5477,3116,268413490,0,0,0
hc2204,20220218,20220218,112555500,11:25:56,4958,5477,3116,268413490,0,0,0
hc2204,20220218,20220218,112556000,11:25:57,4958,5477,3116,268413490,0,0,0
hc2204,20220218,20220218,112556500,11:25:57,4958,5477,3116,268413490,0,0,0
hc2204,20220218,20220218,112557000,11:25:57,4958,5477,3116,268413490,0,0,0
hc2204,20220218,20220218,112557500,11:25:57,4958,5477,3116,268413490,0,0,0
hc2204,20220218,20220218,112558000,11:25:59,4958,5477,3116,268413490,0,0,0
hc2204,20220218,20220218,112558500,11:25:59,4958,5477,3116,268413490,0,0,0
hc2204,20220218,20220218,112559000,11:26:00,4958,5477,3116,268413490,0,0,0
hc2204,20220218,20220218,112559500,11:26:00,4958,5477,3116,268413490,0,0,0
hc2204,20220218,20220218,112600000,11:26:00,4958,5477,3116,268413490,0,0,0
hc2204,20220218,20220218,112600500,11:26:01,4958,5477,3116,268413490,0,0,0
hc2204,20220218,20220218,112601000,11:26:01,4958,5477,3116,268413490,0,0,0
hc2204,20220218,20220218,112601500,11:26:02,4958,5477,3116,268413490,0,0,0
hc2204,20220218,20220218,112602000,11:26:03,4958,5477,3116,268413490,0,0,0
hc2204,20220218,20220218,112602500,11:26:03,4958,5477,3116,268413490,0,0,0
hc2204,20220218,20220218,112603000,11:26:03,4958,5477,3116,268413490,0,0,0
hc2204,20220218,20220218,112603500,11:26:04,4958,5477,3116,268413490,0,0,0
hc2204,20220218,20220218,112604000,11:26:05,4958,5477,3116,268413490,0,0,0
hc2204,20220218,20220218,112604500,11:26:05,4958,5477,3116,268413490,0,0,0
hc2204,20220218,20220218,112605000,11:26:05,4958,5477,3116,268413490,0,0,0
hc2204,20220218,20220218,112605500,11:26:06,4958,5477,3116,268413490,0,0,0
hc2204,20220218,20220218,112606000,11:26:06,4958,5477,3116,268413490,0,0,0
hc2204,20220218,20220218,112606500,11:26:07,4958,5477,3116,268413490,0,0,0
hc2204,20220218,20220218,112607000,11:26:09,4958,5477,3116,268413490,0,0,0
hc2204,20220218,20220218,112607500,11:26:09,4958,5477,3116,268413490,0,0,0
hc2204,20220218,20220218,112608000,11:26:09,4958,5477,3116,268413490,0,0,0
hc2204,20220218,20220218,112609000,11:26:10,4958,5477,3116,268413490,0,0,0
hc2204,20220218,20220218,112609500,11:26:10,4958,5477,3116,268413490,0,0,0
hc2204,20220218,20220218,112610000,11:26:10,4958,5477,3116,268413490,0,0,0
hc2204,20220218,20220218,112610500,11:26:11,4958,5477,3116,268413490,0,0,0
hc2204,20220218,20220218,112611000,11:26:11,4958,5477,3116,268413490,0,0,0
hc2204,20220218,20220218,112611500,11:26:13,4958,5477,3116,268413490,0,0,0
hc2204,20220218,20220218,112612000,11:26:14,4958,5477,3116,268413490,0,0,0
hc2204,20220218,20220218,112612500,11:26:14,4958,5477,3116,268413490,0,0,0
hc2204,20220218,20220218,112613000,11:26:15,4958,5477,3116,268413490,0,0,0
hc2204,20220218,20220218,112613500,11:26:15,4958,5477,3116,268413490,0,0,0
hc2204,20220218,20220218,112614000,11:26:15,4958,5477,3116,268413490,0,0,0
hc2204,20220218,20220218,112614500,11:26:15,4958,5477,3116,268413490,0,0,0
hc2204,20220218,20220218,112615000,11:26:16,4958,5477,3116,268413490,0,0,0
hc2204,20220218,20220218,112615500,11:26:16,4958,5477,3116,268413490,0,0,0
hc2204,20220218,20220218,112616000,11:26:16,4958,5477,3116,268413490,0,0,0
hc2204,20220218,20220218,112616500,11:26:17,4958,5477,3116,268413490,0,0,0
hc2204,20220218,20220218,112617000,11:26:17,4958,5477,3116,268413490,0,0,0
hc2204,20220218,20220218,112617500,11:26:17,4958,5477,3116,268413490,0,0,0
hc2204,20220218,20220218,112618000,11:26:18,4958,5477,3116,268413490,0,0,0
hc2204,20220218,20220218,112618500,11:26:19,4958,5477,3116,268413490,0,0,0
hc2204,20220218,20220218,112619000,11:26:19,4958,5477,3116,268413490,0,0,0
hc2204,20220218,20220218,112619500,11:26:20,4958,5477,3116,268413490,0,0,0
hc2204,20220218,20220218,112620000,11:26:20,4958,5477,3116,268413490,0,0,0
hc2204,20220218,20220218,112620500,11:26:20,4958,5477,3116,268413490,0,0,0
hc2204,20220218,20220218,112621000,11:26:21,4958,5477,3116,268413490,0,0,0
hc2204,20220218,20220218,112621500,11:26:21,4958,5477,3116,268413490,0,0,0
hc2204,20220218,20220218,112622000,11:26:22,4958,5477,3116,268413490,0,0,0
hc2204,20220218,20220218,112622500,11:26:22,4958,5477,3116,268413490,0,0,0
hc2204,20220218,20220218,112623000,11:26:23,4958,5477,3116,268413490,0,0,0
hc2204,20220218,20220218,112623500,11:26:23,4958,5477,3116,268413490,0,0,0
hc2204,20220218,20220218,112624000,11:26:24,4958,5477,3116,268413490,0,0,0
hc2204,20220218,20220218,112624500,11:26:24,4958,5477,3116,268413490,0,0,0
hc2204,20220218,20220218,112625000,11:26:25,4958,5477,3116,268413490,0,0,0
hc2204,20220218,20220218,112625500,11:26:26,4958,5477,3116,268413490,0,0,0
hc2204,20220218,20220218,112626000,11:26:26,4958,5477,3116,268413490,0,0,0
hc2204,20220218,20220218,112626500,11:26:26,4958,5477,3116,268413490,0,0,0
hc2204,20220218,20220218,112627000,11:26:27,4958,5477,3116,268413490,0,0,0
hc2204,20220218,20220218,112627500,11:26:27,4958,5477,3116,268413490,0,0,0
hc2204,20220218,20220218,112628000,11:26:28,4958,5477,3116,268413490,0,0,0
hc2204,20220218,20220218,112628500,11:26:28,4957,5478,3115,268463060,1,-1,49570
hc2204,20220218,20220218,112629000,11:26:29,4957,5478,3115,268463060,0,0,0
hc2204,20220218,20220218,112629500,11:26:30,4957,5478,3115,268463060,0,0,0
hc2204,20220218,20220218,112630000,11:26:31,4957,5478,3115,268463060,0,0,0
hc2204,20220218,20220218,112630500,11:26:31,4957,5478,3115,268463060,0,0,0
hc2204,20220218,20220218,112631000,11:26:31,4957,5478,3115,268463060,0,0,0
hc2204,20220218,20220218,112631500,11:26:32,4957,5478,3115,268463060,0,0,0
hc2204,20220218,20220218,112632000,11:26:32,4957,5478,3115,268463060,0,0,0
hc2204,20220218,20220218,112632500,11:26:32,4957,5478,3115,268463060,0,0,0
hc2204,20220218,20220218,112633000,11:26:33,4957,5478,3115,268463060,0,0,0
hc2204,20220218,20220218,112633500,11:26:34,4957,5478,3115,268463060,0,0,0
hc2204,20220218,20220218,112634000,11:26:35,4957,5478,3115,268463060,0,0,0
hc2204,20220218,20220218,112634500,11:26:37,4957,5478,3115,268463060,0,0,0
hc2204,20220218,20220218,112635000,11:26:37,4957,5478,3115,268463060,0,0,0
hc2204,20220218,20220218,112635500,11:26:37,4957,5478,3115,268463060,0,0,0
hc2204,20220218,20220218,112637000,11:26:46,4957,5478,3115,268463060,0,0,0
hc2204,20220218,20220218,112637500,11:27:10,4957,5478,3115,268463060,0,0,0
hc2204,20220218,20220218,112638000,11:27:10,4957,5478,3115,268463060,0,0,0
hc2204,20220218,20220218,112638500,11:27:10,4957,5478,3115,268463060,0,0,0
hc2204,20220218,20220218,112653500,11:27:11,4957,5478,3115,268463060,0,0,0
hc2204,20220218,20220218,112710000,11:27:12,4957,5478,3115,268463060,0,0,0
hc2204,20220218,20220218,112710500,11:27:12,4957,5478,3115,268463060,0,0,0
hc2204,20220218,20220218,112712000,11:27:12,4957,5478,3115,268463060,0,0,0
hc2204,20220218,20220218,112712500,11:27:13,4957,5478,3115,268463060,0,0,0
hc2204,20220218,20220218,112713000,11:27:14,4957,5478,3115,268463060,0,0,0
hc2204,20220218,20220218,112713500,11:27:14,4957,5478,3115,268463060,0,0,0
hc2204,20220218,20220218,112714000,11:27:15,4957,5478,3115,268463060,0,0,0
hc2204,20220218,20220218,112714500,11:27:15,4957,5478,3115,268463060,0,0,0
hc2204,20220218,20220218,112715000,11:27:16,4957,5478,3115,268463060,0,0,0
hc2204,20220218,20220218,112715500,11:27:16,4957,5478,3115,268463060,0,0,0
hc2204,20220218,20220218,112716000,11:27:17,4957,5478,3115,268463060,0,0,0
hc2204,20220218,20220218,112716500,11:27:17,4957,5478,3115,268463060,0,0,0
hc2204,20220218,20220218,112717000,11:27:17,4957,5478,3115,268463060,0,0,0
hc2204,20220218,20220218,112717500,11:27:17,4957,5478,3115,268463060,0,0,0
hc2204,20220218,20220218,112718000,11:27:18,4957,5478,3115,268463060,0,0,0
hc2204,20220218,20220218,112718500,11:27:19,4957,5478,3115,268463060,0,0,0
hc2204,20220218,20220218,112719000,11:27:19,4957,5478,3115,268463060,0,0,0
hc2204,20220218,20220218,112719500,11:27:20,4957,5478,3115,268463060,0,0,0
hc2204,20220218,20220218,112720000,11:27:20,4957,5478,3115,268463060,0,0,0
hc2204,20220218,20220218,112720500,11:27:21,4957,5478,3115,268463060,0,0,0
hc2204,20220218,20220218,112721000,11:27:21,4957,5478,3115,268463060,0,0,0
hc2204,20220218,20220218,112721500,11:27:22,4957,5478,3115,268463060,0,0,0
hc2204,20220218,20220218,112722000,11:27:22,4957,5478,3115,268463060,0,0,0
hc2204,20220218,20220218,112722500,11:27:22,4957,5478,3115,268463060,0,0,0
hc2204,20220218,20220218,112723000,11:27:26,4957,5478,3115,268463060,0,0,0
hc2204,20220218,20220218,112723500,11:27:27,4957,5478,3115,268463060,0,0,0
hc2204,20220218,20220218,112724000,11:27:27,4957,5478,3115,268463060,0,0,0
hc2204,20220218,20220218,112726500,11:27:27,4957,5478,3115,268463060,0,0,0
hc2204,20220218,20220218,112727000,11:27:27,4957,5478,3115,268463060,0,0,0
hc2204,20220218,20220218,112727500,11:27:27,4957,5478,3115,268463060,0,0,0
hc2204,20220218,20220218,112728000,11:27:28,4957,5478,3115,268463060,0,0,0
hc2204,20220218,20220218,112728500,11:27:28,4957,5478,3115,268463060,0,0,0
hc2204,20220218,20220218,112729000,11:27:29,4957,5478,3115,268463060,0,0,0
hc2204,20220218,20220218,112729500,11:27:29,4957,5478,3115,268463060,0,0,0
hc2204,20220218,20220218,112730000,11:27:30,4957,5478,3115,268463060,0,0,0
hc2204,20220218,20220218,112730500,11:27:31,4957,5478,3115,268463060,0,0,0
hc2204,20220218,20220218,112731000,11:27:32,4957,5478,3115,268463060,0,0,0
hc2204,20220218,20220218,112731500,11:27:35,4957,5478,3115,268463060,0,0,0
hc2204,20220218,20220218,112732000,11:27:36,4957,5478,3115,268463060,0,0,0
hc2204,20220218,20220218,112732500,11:27:36,4957,5478,3115,268463060,0,0,0
hc2204,20220218,20220218,112735500,11:27:36,4957,5478,3115,268463060,0,0,0
hc2204,20220218,20220218,112736000,11:27:37,4957,5478,3115,268463060,0,0,0
hc2204,20220218,20220218,112736500,11:27:38,4957,5478,3115,268463060,0,0,0
hc2204,20220218,20220218,112737000,11:27:38,4957,5478,3115,268463060,0,0,0
hc2204,20220218,20220218,112737500,11:27:38,4957,5478,3115,268463060,0,0,0
hc2204,20220218,20220218,112738000,11:27:38,4957,5478,3115,268463060,0,0,0
hc2204,20220218,20220218,112738500,11:27:39,4957,5478,3115,268463060,0,0,0
hc2204,20220218,20220218,112739000,11:27:39,4957,5478,3115,268463060,0,0,0
hc2204,20220218,20220218,112739500,11:27:39,4957,5478,3115,268463060,0,0,0
hc2204,20220218,20220218,112740000,11:27:40,4957,5478,3115,268463060,0,0,0
hc2204,20220218,20220218,112740500,11:27:40,4957,5478,3115,268463060,0,0,0
hc2204,20220218,20220218,112741000,11:27:41,4957,5478,3115,268463060,0,0,0
hc2204,20220218,20220218,112741500,11:27:42,4957,5478,3115,268463060,0,0,0
hc2204,20220218,20220218,112742000,11:27:42,4957,5478,3115,268463060,0,0,0
hc2204,20220218,20220218,112742500,11:27:43,4957,5478,3115,268463060,0,0,0
hc2204,20220218,20220218,112743000,11:27:43,4957,5478,3115,268463060,0,0,0
hc2204,20220218,20220218,112743500,11:27:43,4957,5478,3115,268463060,0,0,0
hc2204,20220218,20220218,112744000,11:27:44,4957,5478,3115,268463060,0,0,0
hc2204,20220218,20220218,112744500,11:27:45,4957,5478,3115,268463060,0,0,0
hc2204,20220218,20220218,112745000,11:27:45,4957,5478,3115,268463060,0,0,0
hc2204,20220218,20220218,112745500,11:27:46,4957,5478,3115,268463060,0,0,0
hc2204,20220218,20220218,112746000,11:27:46,4957,5478,3115,268463060,0,0,0
hc2204,20220218,20220218,112746500,11:27:47,4957,5478,3115,268463060,0,0,0
hc2204,20220218,20220218,112747000,11:27:47,4957,5478,3115,268463060,0,0,0
hc2204,20220218,20220218,112747500,11:27:47,4957,5478,3115,268463060,0,0,0
hc2204,20220218,20220218,112748000,11:27:53,4957,5478,3115,268463060,0,0,0
hc2204,20220218,20220218,112748500,11:27:54,4957,5478,3115,268463060,0,0,0
hc2204,20220218,20220218,112749000,11:27:54,4957,5478,3115,268463060,0,0,0
hc2204,20220218,20220218,112749500,11:27:54,4957,5478,3115,268463060,0,0,0
hc2204,20220218,20220218,112754000,11:27:54,4957,5478,3115,268463060,0,0,0
hc2204,20220218,20220218,112754500,11:27:54,4957,5478,3115,268463060,0,0,0
hc2204,20220218,20220218,112755000,11:27:55,4957,5478,3115,268463060,0,0,0
hc2204,20220218,20220218,112755500,11:27:55,4957,5478,3115,268463060,0,0,0
hc2204,20220218,20220218,112756000,11:27:56,4957,5478,3115,268463060,0,0,0
hc2204,20220218,20220218,112756500,11:27:56,4957,5478,3115,268463060,0,0,0
hc2204,20220218,20220218,112757000,11:27:57,4957,5478,3115,268463060,0,0,0
hc2204,20220218,20220218,112757500,11:27:57,4957,5478,3115,268463060,0,0,0
hc2204,20220218,20220218,112758000,11:27:58,4957,5478,3115,268463060,0,0,0
hc2204,20220218,20220218,112758500,11:27:59,4957,5478,3115,268463060,0,0,0
hc2204,20220218,20220218,112759000,11:27:59,4957,5478,3115,268463060,0,0,0
hc2204,20220218,20220218,112759500,11:27:59,4957,5478,3115,268463060,0,0,0
hc2204,20220218,20220218,112800000,11:28:00,4957,5478,3115,268463060,0,0,0
hc2204,20220218,20220218,112800500,11:28:01,4957,5478,3115,268463060,0,0,0
hc2204,20220218,20220218,112801000,11:28:01,4957,5478,3115,268463060,0,0,0
hc2204,20220218,20220218,112801500,11:28:02,4957,5478,3115,268463060,0,0,0
hc2204,20220218,20220218,112802000,11:28:03,4957,5478,3115,268463060,0,0,0
hc2204,20220218,20220218,112802500,11:28:03,4957,5478,3115,268463060,0,0,0
hc2204,20220218,20220218,112803000,11:28:04,4957,5478,3115,268463060,0,0,0
hc2204,20220218,20220218,112803500,11:28:04,4957,5478,3115,268463060,0,0,0
hc2204,20220218,20220218,112804000,11:28:04,4957,5478,3115,268463060,0,0,0
hc2204,20220218,20220218,112804500,11:28:05,4957,5478,3115,268463060,0,0,0
hc2204,20220218,20220218,112805000,11:28:06,4961,5497,3098,269405320,19,-17,942260
hc2204,20220218,20220218,112805500,11:28:06,4961,5497,3098,269405320,0,0,0
hc2204,20220218,20220218,112806000,11:28:10,4961,5497,3098,269405320,0,0,0
hc2204,20220218,20220218,112806500,11:28:10,4961,5497,3098,269405320,0,0,0
hc2204,20220218,20220218,112807000,11:28:10,4961,5497,3098,269405320,0,0,0
hc2204,20220218,20220218,112810000,11:28:11,4961,5497,3098,269405320,0,0,0
hc2204,20220218,20220218,112810500,11:28:12,4961,5497,3098,269405320,0,0,0
hc2204,20220218,20220218,112811000,11:28:12,4961,5497,3098,269405320,0,0,0
hc2204,20220218,20220218,112811500,11:28:12,4961,5497,3098,269405320,0,0,0
hc2204,20220218,20220218,112812000,11:28:13,4961,5497,3098,269405320,0,0,0
hc2204,20220218,20220218,112812500,11:28:13,4961,5497,3098,269405320,0,0,0
hc2204,20220218,20220218,112813000,11:28:13,4961,5497,3098,269405320,0,0,0
hc2204,20220218,20220218,112813500,11:28:14,4961,5497,3098,269405320,0,0,0
hc2204,20220218,20220218,112814000,11:28:14,4961,5497,3098,269405320,0,0,0
hc2204,20220218,20220218,112814500,11:28:14,4961,5497,3098,269405320,0,0,0
hc2204,20220218,20220218,112815000,11:28:15,4961,5497,3098,269405320,0,0,0
hc2204,20220218,20220218,112815500,11:28:15,4961,5497,3098,269405320,0,0,0
hc2204,20220218,20220218,112816000,11:28:16,4961,5497,3098,269405320,0,0,0
hc2204,20220218,20220218,112816500,11:28:16,4961,5497,3098,269405320,0,0,0
hc2204,20220218,20220218,112817000,11:28:17,4961,5497,3098,269405320,0,0,0
hc2204,20220218,20220218,112817500,11:28:17,4961,5497,3098,269405320,0,0,0
hc2204,20220218,20220218,112818000,11:28:18,4961,5497,3098,269405320,0,0,0
hc2204,20220218,20220218,112818500,11:28:18,4961,5497,3098,269405320,0,0,0
hc2204,20220218,20220218,112819000,11:28:19,4961,5497,3098,269405320,0,0,0
hc2204,20220218,20220218,112821000,11:28:21,4961,5497,3098,269405320,0,0,0
hc2204,20220218,20220218,112821500,11:28:22,4961,5497,3098,269405320,0,0,0
hc2204,20220218,20220218,112822000,11:28:22,4961,5497,3098,269405320,0,0,0
hc2204,20220218,20220218,112822500,11:28:22,4961,5497,3098,269405320,0,0,0
hc2204,20220218,20220218,112823000,11:28:23,4961,5497,3098,269405320,0,0,0
hc2204,20220218,20220218,112823500,11:28:23,4961,5497,3098,269405320,0,0,0
hc2204,20220218,20220218,112825000,11:28:25,4961,5497,3098,269405320,0,0,0
hc2204,20220218,20220218,112825500,11:28:25,4961,5497,3098,269405320,0,0,0
hc2204,20220218,20220218,112826000,11:28:26,4961,5497,3098,269405320,0,0,0
hc2204,20220218,20220218,112827000,11:28:27,4961,5497,3098,269405320,0,0,0
hc2204,20220218,20220218,112827500,11:28:27,4961,5497,3098,269405320,0,0,0
hc2204,20220218,20220218,112828500,11:28:28,4961,5497,3098,269405320,0,0,0
hc2204,20220218,20220218,112829000,11:28:29,4958,5647,3099,276843050,150,1,7437730
hc2204,20220218,20220218,112829500,11:28:30,4957,5651,3095,277041330,4,-4,198280
hc2204,20220218,20220218,112830000,11:28:30,4957,5652,3095,277090900,1,0,49570
hc2204,20220218,20220218,112830500,11:28:31,4957,5652,3095,277090900,0,0,0
hc2204,20220218,20220218,112831000,11:28:31,4957,5653,3095,277140470,1,0,49570
hc2204,20220218,20220218,112831500,11:28:31,4957,5653,3095,277140470,0,0,0
hc2204,20220218,20220218,112832000,11:28:32,4957,5654,3095,277190040,1,0,49570
hc2204,20220218,20220218,112832500,11:28:33,4957,5654,3095,277190040,0,0,0
hc2204,20220218,20220218,112833000,11:28:33,4955,5655,3094,277239590,1,-1,49550
hc2204,20220218,20220218,112833500,11:28:34,4955,5655,3094,277239590,0,0,0
hc2204,20220218,20220218,112834000,11:28:34,4955,5655,3094,277239590,0,0,0
hc2204,20220218,20220218,112834500,11:28:34,4955,5655,3094,277239590,0,0,0
hc2204,20220218,20220218,112835000,11:28:35,4955,5655,3094,277239590,0,0,0
hc2204,20220218,20220218,112835500,11:28:37,4955,5655,3094,277239590,0,0,0
hc2204,20220218,20220218,112836000,11:28:37,4955,5655,3094,277239590,0,0,0
hc2204,20220218,20220218,112836500,11:28:37,4955,5655,3094,277239590,0,0,0
hc2204,20220218,20220218,112837000,11:28:37,4955,5655,3094,277239590,0,0,0
hc2204,20220218,20220218,112837500,11:28:37,4955,5655,3094,277239590,0,0,0
hc2204,20220218,20220218,112838000,11:28:38,4955,5655,3094,277239590,0,0,0
hc2204,20220218,20220218,112838500,11:28:38,4955,5655,3094,277239590,0,0,0
hc2204,20220218,20220218,112839000,11:28:40,4955,5655,3094,277239590,0,0,0
hc2204,20220218,20220218,112839500,11:28:40,4955,5655,3094,277239590,0,0,0
hc2204,20220218,20220218,112842000,11:28:42,4955,5655,3094,277239590,0,0,0
hc2204,20220218,20220218,112842500,11:28:42,4955,5655,3094,277239590,0,0,0
hc2204,20220218,20220218,112843000,11:28:43,4955,5655,3094,277239590,0,0,0
hc2204,20220218,20220218,112843500,11:28:44,4955,5655,3094,277239590,0,0,0
hc2204,20220218,20220218,112844000,11:28:44,4955,5655,3094,277239590,0,0,0
hc2204,20220218,20220218,112849000,11:28:49,4955,5655,3094,277239590,0,0,0
hc2204,20220218,20220218,112849500,11:28:50,4955,5655,3094,277239590,0,0,0
hc2204,20220218,20220218,112850500,11:28:50,4955,5655,3094,277239590,0,0,0
hc2204,20220218,20220218,112851000,11:28:51,4955,5655,3094,277239590,0,0,0
hc2204,20220218,20220218,112852000,11:28:53,4955,5655,3094,277239590,0,0,0
hc2204,20220218,20220218,112852500,11:28:53,4955,5655,3094,277239590,0,0,0
hc2204,20220218,20220218,112853500,11:28:54,4955,5655,3094,277239590,0,0,0
hc2204,20220218,20220218,112854500,11:28:54,4955,5655,3094,277239590,0,0,0
hc2204,20220218,20220218,112856500,11:28:56,4955,5655,3094,277239590,0,0,0
hc2204,20220218,20220218,112857000,11:28:57,4955,5655,3094,277239590,0,0,0
hc2204,20220218,20220218,112857500,11:28:58,4955,5655,3094,277239590,0,0,0
hc2204,20220218,20220218,112858000,11:28:59,4955,5655,3094,277239590,0,0,0
hc2204,20220218,20220218,112858500,11:28:59,4955,5655,3094,277239590,0,0,0
hc2204,20220218,20220218,112859500,11:29:00,4955,5655,3094,277239590,0,0,0
hc2204,20220218,20220218,112902500,11:29:03,4955,5655,3094,277239590,0,0,0
hc2204,20220218,20220218,112903000,11:29:03,4955,5655,3094,277239590,0,0,0
hc2204,20220218,20220218,112903500,11:29:04,4955,5655,3094,277239590,0,0,0
hc2204,20220218,20220218,112905500,11:29:06,4955,5655,3094,277239590,0,0,0
hc2204,20220218,20220218,112906000,11:29:06,4955,5655,3094,277239590,0,0,0
hc2204,20220218,20220218,112906500,11:29:06,4955,5655,3094,277239590,0,0,0
hc2204,20220218,20220218,112907000,11:29:08,4956,5657,3092,277338710,2,-2,99120
hc2204,20220218,20220218,112907500,11:29:08,4956,5657,3092,277338710,0,0,0
hc2204,20220218,20220218,112908000,11:29:08,4956,5657,3092,277338710,0,0,0
hc2204,20220218,20220218,112908500,11:29:08,4956,5657,3092,277338710,0,0,0
hc2204,20220218,20220218,112909000,11:29:09,4956,5657,3092,277338710,0,0,0
hc2204,20220218,20220218,112909500,11:29:09,4956,5657,3092,277338710,0,0,0
hc2204,20220218,20220218,112910000,11:29:10,4956,5657,3092,277338710,0,0,0
hc2204,20220218,20220218,112910500,11:29:10,4956,5657,3092,277338710,0,0,0
hc2204,20220218,20220218,112911000,11:29:11,4956,5657,3092,277338710,0,0,0
hc2204,20220218,20220218,112911500,11:29:12,4956,5657,3092,277338710,0,0,0
hc2204,20220218,20220218,112912000,11:29:12,4956,5657,3092,277338710,0,0,0
hc2204,20220218,20220218,112912500,11:29:12,4956,5657,3092,277338710,0,0,0
hc2204,20220218,20220218,112914000,11:29:14,4956,5657,3092,277338710,0,0,0
hc2204,20220218,20220218,112914500,11:29:15,4956,5657,3092,277338710,0,0,0
hc2204,20220218,20220218,112915000,11:29:15,4956,5657,3092,277338710,0,0,0
hc2204,20220218,20220218,112915500,11:29:16,4956,5657,3092,277338710,0,0,0
hc2204,20220218,20220218,112916000,11:29:16,4956,5657,3092,277338710,0,0,0
hc2204,20220218,20220218,112916500,11:29:18,4956,5657,3092,277338710,0,0,0
hc2204,20220218,20220218,112917000,11:29:20,4956,5657,3092,277338710,0,0,0
hc2204,20220218,20220218,112920500,11:29:21,4956,5657,3092,277338710,0,0,0
hc2204,20220218,20220218,112921500,11:29:24,4956,5657,3092,277338710,0,0,0
hc2204,20220218,20220218,112922500,11:29:24,4956,5657,3092,277338710,0,0,0
hc2204,20220218,20220218,112923000,11:29:24,4956,5657,3092,277338710,0,0,0
hc2204,20220218,20220218,112924000,11:29:24,4956,5657,3092,277338710,0,0,0
hc2204,20220218,20220218,112924500,11:29:24,4956,5657,3092,277338710,0,0,0
hc2204,20220218,20220218,112926500,11:29:26,4956,5657,3092,277338710,0,0,0
hc2204,20220218,20220218,112927500,11:29:27,4956,5657,3092,277338710,0,0,0
hc2204,20220218,20220218,112929500,11:29:29,4956,5657,3092,277338710,0,0,0
hc2204,20220218,20220218,112930500,11:29:30,4956,5657,3092,277338710,0,0,0
hc2204,20220218,20220218,112931000,11:29:32,4956,5657,3092,277338710,0,0,0
hc2204,20220218,20220218,112931500,11:29:32,4956,5657,3092,277338710,0,0,0
hc2204,20220218,20220218,112932000,11:29:32,4956,5657,3092,277338710,0,0,0
hc2204,20220218,20220218,112935500,11:29:38,4956,5657,3092,277338710,0,0,0
hc2204,20220218,20220218,112950500,11:29:51,4956,5657,3092,277338710,0,0,0
hc2204,20220218,20220218,112951500,11:29:52,4956,5657,3092,277338710,0,0,0
hc2204,20220218,20220218,112952000,11:29:53,4956,5657,3092,277338710,0,0,0
hc2204,20220218,20220218,112952500,11:29:53,4956,5657,3092,277338710,0,0,0
hc2204,20220218,20220218,112953000,11:29:53,4956,5657,3092,277338710,0,0,0
hc2204,20220218,20220218,112953500,11:29:54,4956,5657,3092,277338710,0,0,0
hc2204,20220218,20220218,112954000,11:29:54,4956,5657,3092,277338710,0,0,0
hc2204,20220218,20220218,112954500,11:29:54,4956,5657,3092,277338710,0,0,0
hc2204,20220218,20220218,112955000,11:29:55,4956,5657,3092,277338710,0,0,0
hc2204,20220218,20220218,112955500,11:29:56,4956,5657,3092,277338710,0,0,0
hc2204,20220218,20220218,112956000,11:29:56,4956,5657,3092,277338710,0,0,0
hc2204,20220218,20220218,112956500,11:30:00,4956,5657,3092,277338710,0,0,0
hc2204,20220218,20220218,112957000,11:30:01,4956,5657,3092,277338710,0,0,0
hc2204,20220218,20220218,112957500,11:30:02,4956,5657,3092,277338710,0,0,0
hc2204,20220218,20220218,112959500,11:30:02,4956,5657,3092,277338710,0,0,0
hc2204,20220218,20220218,113000000,11:30:03,4956,5657,3092,277338710,0,0,0
hc2204,20220218,20220218,113001000,11:30:03,4956,5657,3092,277338710,0,0,0
hc2204,20220218,20220218,113001500,11:30:03,4956,5657,3092,277338710,0,0,0
hc2204,20220218,20220218,133002000,13:30:08,4956,5657,3092,277338710,0,0,0
hc2204,20220218,20220218,133002500,13:30:10,4956,5657,3092,277338710,0,0,0
hc2204,20220218,20220218,133008000,13:30:10,4956,5657,3092,277338710,0,0,0
hc2204,20220218,20220218,133009500,13:30:10,4956,5657,3092,277338710,0,0,0
hc2204,20220218,20220218,133010000,13:30:11,4956,5657,3092,277338710,0,0,0
hc2204,20220218,20220218,133010500,13:30:12,4956,5657,3092,277338710,0,0,0
hc2204,20220218,20220218,133011000,13:30:13,4956,5657,3092,277338710,0,0,0
hc2204,20220218,20220218,133011500,13:30:13,4956,5657,3092,277338710,0,0,0
hc2204,20220218,20220218,133012500,13:30:13,4956,5657,3092,277338710,0,0,0
hc2204,20220218,20220218,133013000,13:30:14,4956,5657,3092,277338710,0,0,0
hc2204,20220218,20220218,133013500,13:30:14,4956,5657,3092,277338710,0,0,0
hc2204,20220218,20220218,133014000,13:30:15,4956,5657,3092,277338710,0,0,0
hc2204,20220218,20220218,133014500,13:30:16,4951,5662,3087,277586260,5,-5,247550
hc2204,20220218,20220218,133015000,13:30:17,4951,5662,3087,277586260,0,0,0
hc2204,20220218,20220218,133016500,13:30:18,4951,5662,3087,277586260,0,0,0
hc2204,20220218,20220218,133017000,13:30:18,4951,5662,3087,277586260,0,0,0
hc2204,20220218,20220218,133020000,13:30:21,4951,5662,3087,277586260,0,0,0
hc2204,20220218,20220218,133021500,13:30:22,4951,5662,3087,277586260,0,0,0
hc2204,20220218,20220218,133022500,13:30:38,4951,5662,3087,277586260,0,0,0
hc2204,20220218,20220218,133023000,13:30:38,4951,5662,3087,277586260,0,0,0
hc2204,20220218,20220218,133038000,13:30:40,4951,5662,3087,277586260,0,0,0
hc2204,20220218,20220218,133038500,13:30:41,4951,5662,3087,277586260,0,0,0
hc2204,20220218,20220218,133040500,13:30:42,4951,5662,3087,277586260,0,0,0
hc2204,20220218,20220218,133041000,13:30:43,4951,5662,3087,277586260,0,0,0
hc2204,20220218,20220218,133044000,13:30:46,4951,5662,3087,277586260,0,0,0
hc2204,20220218,20220218,133045500,13:30:46,4951,5662,3087,277586260,0,0,0
hc2204,20220218,20220218,133046000,13:30:47,4951,5662,3087,277586260,0,0,0
hc2204,20220218,20220218,133046500,13:30:47,4951,5662,3087,277586260,0,0,0
hc2204,20220218,20220218,133047000,13:30:48,4951,5662,3087,277586260,0,0,0
hc2204,20220218,20220218,133047500,13:30:48,4951,5662,3087,277586260,0,0,0
hc2204,20220218,20220218,133048000,13:30:48,4951,5662,3087,277586260,0,0,0
hc2204,20220218,20220218,133048500,13:30:49,4951,5662,3087,277586260,0,0,0
hc2204,20220218,20220218,133050000,13:30:51,4951,5662,3087,277586260,0,0,0
hc2204,20220218,20220218,133050500,13:30:51,4951,5662,3087,277586260,0,0,0
hc2204,20220218,20220218,133051000,13:30:52,4951,5662,3087,277586260,0,0,0
hc2204,20220218,20220218,133052000,13:30:53,4951,5662,3087,277586260,0,0,0
hc2204,20220218,20220218,133053000,13:30:54,4951,5662,3087,277586260,0,0,0
hc2204,20220218,20220218,133054500,13:30:55,4951,5662,3087,277586260,0,0,0
hc2204,20220218,20220218,133056000,13:30:57,4951,5662,3087,277586260,0,0,0
hc2204,20220218,20220218,133056500,13:30:57,4951,5662,3087,277586260,0,0,0
hc2204,20220218,20220218,133057000,13:30:58,4951,5662,3087,277586260,0,0,0
hc2204,20220218,20220218,133100000,13:31:00,4951,5662,3087,277586260,0,0,0
hc2204,20220218,20220218,133100500,13:31:00,4951,5662,3087,277586260,0,0,0
hc2204,20220218,20220218,133101000,13:31:01,4951,5662,3087,277586260,0,0,0
hc2204,20220218,20220218,133101500,13:31:01,4951,5662,3087,277586260,0,0,0
hc2204,20220218,20220218,133102000,13:31:02,4951,5662,3087,277586260,0,0,0
hc2204,20220218,20220218,133102500,13:31:03,4951,5662,3087,277586260,0,0,0
hc2204,20220218,20220218,133103000,13:31:03,4951,5662,3087,277586260,0,0,0
hc2204,20220218,20220218,133103500,13:31:04,4951,5662,3087,277586260,0,0,0
hc2204,20220218,20220218,133104000,13:31:06,4951,5662,3087,277586260,0,0,0
hc2204,20220218,20220218,133104500,13:31:07,4951,5662,3087,277586260,0,0,0
hc2204,20220218,20220218,133105500,13:31:08,4951,5662,3087,277586260,0,0,0
hc2204,20220218,20220218,133107000,13:31:08,4951,5662,3087,277586260,0,0,0
hc2204,20220218,20220218,133107500,13:31:09,4951,5662,3087,277586260,0,0,0
hc2204,20220218,20220218,133108500,13:31:09,4951,5662,3087,277586260,0,0,0
hc2204,20220218,20220218,133110500,13:31:11,4951,5662,3087,277586260,0,0,0
hc2204,20220218,20220218,133111000,13:31:11,4951,5662,3087,277586260,0,0,0
hc2204,20220218,20220218,133111500,13:31:12,4951,5662,3087,277586260,0,0,0
hc2204,20220218,20220218,133112000,13:31:12,4951,5662,3087,277586260,0,0,0
hc2204,20220218,20220218,133112500,13:31:13,4951,5662,3087,277586260,0,0,0
hc2204,20220218,20220218,133113000,13:31:13,4951,5662,3087,277586260,0,0,0
hc2204,20220218,20220218,133113500,13:31:14,4951,5662,3087,277586260,0,0,0
hc2204,20220218,20220218,133114000,13:31:15,4951,5662,3087,277586260,0,0,0
hc2204,20220218,20220218,133114500,13:31:15,4951,5662,3087,277586260,0,0,0
hc2204,20220218,20220218,133115000,13:31:15,4951,5662,3087,277586260,0,0,0
hc2204,20220218,20220218,133115500,13:31:16,4951,5662,3087,277586260,0,0,0
hc2204,20220218,20220218,133116000,13:31:16,4951,5662,3087,277586260,0,0,0
hc2204,20220218,20220218,133116500,13:31:17,4951,5662,3087,277586260,0,0,0
hc2204,20220218,20220218,133117000,13:31:17,4951,5662,3087,277586260,0,0,0
hc2204,20220218,20220218,133117500,13:31:18,4951,5662,3087,277586260,0,0,0
hc2204,20220218,20220218,133118000,13:31:19,4951,5662,3087,277586260,0,0,0
hc2204,20220218,20220218,133118500,13:31:19,4951,5662,3087,277586260,0,0,0
hc2204,20220218,20220218,133119000,13:31:19,4951,5662,3087,277586260,0,0,0
hc2204,20220218,20220218,133123000,13:31:25,4951,5662,3087,277586260,0,0,0
hc2204,20220218,20220218,133123500,13:31:25,4951,5662,3087,277586260,0,0,0
hc2204,20220218,20220218,133124000,13:31:25,4951,5662,3087,277586260,0,0,0
hc2204,20220218,20220218,133124500,13:31:25,4951,5662,3087,277586260,0,0,0
hc2204,20220218,20220218,133156000,13:31:56,4951,5662,3087,277586260,0,0,0
hc2204,20220218,20220218,133158000,13:31:58,4951,5662,3087,277586260,0,0,0
hc2204,20220218,20220218,133200500,13:32:01,4951,5662,3087,277586260,0,0,0
hc2204,20220218,20220218,133203500,13:32:05,4951,5662,3087,277586260,0,0,0
hc2204,20220218,20220218,133207500,13:32:07,4951,5662,3087,277586260,0,0,0
hc2204,20220218,20220218,133210000,13:32:11,4947,5663,3086,277635730,1,-1,49470
hc2204,20220218,20220218,133210500,13:32:13,4947,5663,3086,277635730,0,0,0
hc2204,20220218,20220218,133211000,13:32:14,4947,5663,3086,277635730,0,0,0
hc2204,20220218,20220218,133213000,13:32:15,4947,5663,3086,277635730,0,0,0
hc2204,20220218,20220218,133214000,13:32:15,4947,5663,3086,277635730,0,0,0
hc2204,20220218,20220218,133221000,13:32:21,4947,5663,3086,277635730,0,0,0
hc2204,20220218,20220218,133222000,13:32:22,4947,5663,3086,277635730,0,0,0
hc2204,20220218,20220218,133222500,13:32:24,4947,5663,3086,277635730,0,0,0
hc2204,20220218,20220218,133223500,13:32:24,4947,5663,3086,277635730,0,0,0
hc2204,20220218,20220218,133229000,13:32:33,4947,5664,3086,277685200,1,0,49470
hc2204,20220218,20220218,133232000,13:32:35,4947,5664,3086,277685200,0,0,0
hc2204,20220218,20220218,133232500,13:32:35,4947,5664,3086,277685200,0,0,0
hc2204,20220218,20220218,133233000,13:32:35,4947,5664,3086,277685200,0,0,0
hc2204,20220218,20220218,133236000,13:32:37,4947,5664,3086,277685200,0,0,0
hc2204,20220218,20220218,133236500,13:32:37,4947,5664,3086,277685200,0,0,0
hc2204,20220218,20220218,133237500,13:32:37,4947,5664,3086,277685200,0,0,0
hc2204,20220218,20220218,133238000,13:32:38,4947,5664,3086,277685200,0,0,0
hc2204,20220218,20220218,133245500,13:32:45,4947,5664,3086,277685200,0,0,0
hc2204,20220218,20220218,133246000,13:32:47,4947,5664,3086,277685200,0,0,0
hc2204,20220218,20220218,133247500,13:32:48,4945,5665,3085,277734650,1,-1,49450
hc2204,20220218,20220218,133248000,13:32:48,4945,5665,3085,277734650,0,0,0
hc2204,20220218,20220218,133248500,13:32:49,4945,5665,3085,277734650,0,0,0
hc2204,20220218,20220218,133249000,13:32:49,4945,5665,3085,277734650,0,0,0
hc2204,20220218,20220218,133251000,13:32:52,4945,5665,3085,277734650,0,0,0
hc2204,20220218,20220218,133251500,13:32:53,4945,5665,3085,277734650,0,0,0
hc2204,20220218,20220218,133252500,13:32:53,4945,5665,3085,277734650,0,0,0
hc2204,20220218,20220218,133253000,13:32:53,4945,5665,3085,277734650,0,0,0
hc2204,20220218,20220218,133254500,13:32:55,4945,5665,3085,277734650,0,0,0
hc2204,20220218,20220218,133255000,13:32:55,4945,5665,3085,277734650,0,0,0
hc2204,20220218,20220218,133255500,13:32:55,4945,5665,3085,277734650,0,0,0
hc2204,20220218,20220218,133257000,13:32:59,4945,5665,3085,277734650,0,0,0
hc2204,20220218,20220218,133258500,13:33:00,4945,5665,3085,277734650,0,0,0
hc2204,20220218,20220218,133302000,13:33:03,4945,5665,3085,277734650,0,0,0
hc2204,20220218,20220218,133302500,13:33:03,4945,5665,3085,277734650,0,0,0
hc2204,20220218,20220218,133304000,13:33:04,4945,5665,3085,277734650,0,0,0
hc2204,20220218,20220218,133304500,13:33:05,4945,5665,3085,277734650,0,0,0
hc2204,20220218,20220218,133306500,13:33:06,4945,5665,3085,277734650,0,0,0
hc2204,20220218,20220218,133310000,13:33:11,4946,5667,3086,277833570,2,1,98920
hc2204,20220218,20220218,133310500,13:33:12,4946,5667,3086,277833570,0,0,0
hc2204,20220218,20220218,133311000,13:33:13,4946,5667,3086,277833570,0,0,0
hc2204,20220218,20220218,133319000,13:33:20,4946,5667,3086,277833570,0,0,0
hc2204,20220218,20220218,133324500,13:33:25,4946,5667,3086,277833570,0,0,0
hc2204,20220218,20220218,133325000,13:33:26,4946,5667,3086,277833570,0,0,0
hc2204,20220218,20220218,133335000,13:33:35,4946,5668,3085,277883030,1,-1,49460
hc2204,20220218,20220218,133335500,13:33:35,4946,5668,3085,277883030,0,0,0
hc2204,20220218,20220218,133336000,13:33:36,4946,5668,3085,277883030,0,0,0
hc2204,20220218,20220218,133336500,13:33:36,4946,5668,3085,277883030,0,0,0
hc2204,20220218,20220218,133337000,13:33:37,4946,5668,3085,277883030,0,0,0
hc2204,20220218,20220218,133337500,13:33:37,4946,5668,3085,277883030,0,0,0
hc2204,20220218,20220218,133338000,13:33:38,4946,5668,3085,277883030,0,0,0
hc2204,20220218,20220218,133338500,13:33:39,4946,5668,3085,277883030,0,0,0
hc2204,20220218,20220218,133339000,13:33:39,4946,5668,3085,277883030,0,0,0
hc2204,20220218,20220218,133339500,13:33:40,4946,5668,3085,277883030,0,0,0
hc2204,20220218,20220218,133340000,13:33:40,4946,5668,3085,277883030,0,0,0
hc2204,20220218,20220218,133340500,13:33:41,4946,5668,3085,277883030,0,0,0
hc2204,20220218,20220218,133341000,13:33:41,4946,5668,3085,277883030,0,0,0
hc2204,20220218,20220218,133341500,13:33:42,4946,5668,3085,277883030,0,0,0
hc2204,20220218,20220218,133342000,13:33:42,4946,5668,3085,277883030,0,0,0
hc2204,20220218,20220218,133342500,13:33:42,4946,5668,3085,277883030,0,0,0
hc2204,20220218,20220218,133343000,13:33:43,4946,5668,3085,277883030,0,0,0
hc2204,20220218,20220218,133343500,13:33:44,4946,5668,3085,277883030,0,0,0
hc2204,20220218,20220218,133344000,13:33:44,4946,5668,3085,277883030,0,0,0
hc2204,20220218,20220218,133344500,13:33:45,4946,5668,3085,277883030,0,0,0
hc2204,20220218,20220218,133345000,13:33:45,4946,5668,3085,277883030,0,0,0
hc2204,20220218,20220218,133345500,13:33:47,4946,5668,3085,277883030,0,0,0
hc2204,20220218,20220218,133346000,13:33:47,4946,5668,3085,277883030,0,0,0
hc2204,20220218,20220218,133346500,13:33:48,4946,5668,3085,277883030,0,0,0
hc2204,20220218,20220218,133347000,13:33:48,4946,5668,3085,277883030,0,0,0
hc2204,20220218,20220218,133347500,13:33:49,4946,5668,3085,277883030,0,0,0
hc2204,20220218,20220218,133348000,13:33:49,4946,5668,3085,277883030,0,0,0
hc2204,20220218,20220218,133348500,13:33:49,4946,5668,3085,277883030,0,0,0
hc2204,20220218,20220218,133349000,13:33:50,4946,5668,3085,277883030,0,0,0
hc2204,20220218,20220218,133349500,13:33:50,4946,5668,3085,277883030,0,0,0
hc2204,20220218,20220218,133350000,13:33:50,4946,5668,3085,277883030,0,0,0
hc2204,20220218,20220218,133350500,13:33:50,4946,5668,3085,277883030,0,0,0
hc2204,20220218,20220218,133351000,13:33:51,4946,5668,3085,277883030,0,0,0
hc2204,20220218,20220218,133351500,13:33:52,4946,5668,3085,277883030,0,0,0
hc2204,20220218,20220218,133352000,13:33:52,4946,5668,3085,277883030,0,0,0
hc2204,20220218,20220218,133352500,13:33:52,4946,5668,3085,277883030,0,0,0
hc2204,20220218,20220218,133353000,13:33:53,4946,5668,3085,277883030,0,0,0
hc2204,20220218,20220218,133353500,13:33:53,4946,5668,3085,277883030,0,0,0
hc2204,20220218,20220218,133354000,13:33:54,4946,5668,3085,277883030,0,0,0
hc2204,20220218,20220218,133354500,13:33:55,4946,5668,3085,277883030,0,0,0
hc2204,20220218,20220218,133355000,13:33:56,4946,5668,3085,277883030,0,0,0
hc2204,20220218,20220218,133355500,13:33:56,4946,5668,3085,277883030,0,0,0
hc2204,20220218,20220218,133356000,13:33:57,4946,5668,3085,277883030,0,0,0
hc2204,20220218,20220218,133356500,13:33:57,4946,5668,3085,277883030,0,0,0
hc2204,20220218,20220218,133357000,13:33:57,4946,5668,3085,277883030,0,0,0
hc2204,20220218,20220218,133357500,13:33:58,4946,5668,3085,277883030,0,0,0
hc2204,20220218,20220218,133358000,13:33:58,4946,5668,3085,277883030,0,0,0
hc2204,20220218,20220218,133358500,13:33:59,4946,5668,3085,277883030,0,0,0
hc2204,20220218,20220218,133359000,13:33:59,4946,5668,3085,277883030,0,0,0
hc2204,20220218,20220218,133359500,13:33:59,4946,5668,3085,277883030,0,0,0
hc2204,20220218,20220218,133400000,13:34:00,4946,5668,3085,277883030,0,0,0
hc2204,20220218,20220218,133400500,13:34:01,4946,5668,3085,277883030,0,0,0
hc2204,20220218,20220218,133401000,13:34:01,4946,5668,3085,277883030,0,0,0
hc2204,20220218,20220218,133401500,13:34:02,4946,5668,3085,277883030,0,0,0
hc2204,20220218,20220218,133402000,13:34:10,4946,5668,3085,277883030,0,0,0
hc2204,20220218,20220218,133402500,13:34:10,4946,5668,3085,277883030,0,0,0
hc2204,20220218,20220218,133403000,13:34:10,4946,5668,3085,277883030,0,0,0
hc2204,20220218,20220218,133410000,13:34:12,4946,5668,3085,277883030,0,0,0
hc2204,20220218,20220218,133410500,13:34:12,4946,5668,3085,277883030,0,0,0
hc2204,20220218,20220218,133411000,13:34:12,4946,5668,3085,277883030,0,0,0
hc2204,20220218,20220218,133411500,13:34:12,4946,5668,3085,277883030,0,0,0
hc2204,20220218,20220218,133412000,13:34:12,4946,5668,3085,277883030,0,0,0
hc2204,20220218,20220218,133412500,13:34:13,4946,5668,3085,277883030,0,0,0
hc2204,20220218,20220218,133413000,13:34:13,4946,5668,3085,277883030,0,0,0
hc2204,20220218,20220218,133413500,13:34:14,4946,5668,3085,277883030,0,0,0
hc2204,20220218,20220218,133414000,13:34:14,4946,5668,3085,277883030,0,0,0
hc2204,20220218,20220218,133418500,13:34:19,4946,5668,3085,277883030,0,0,0
hc2204,20220218,20220218,133419000,13:34:19,4946,5668,3085,277883030,0,0,0
hc2204,20220218,20220218,133419500,13:34:20,4946,5668,3085,277883030,0,0,0
hc2204,20220218,20220218,133420000,13:34:20,4946,5668,3085,277883030,0,0,0
hc2204,20220218,20220218,133420500,13:34:23,4946,5668,3085,277883030,0,0,0
hc2204,20220218,20220218,133421000,13:34:23,4946,5668,3085,277883030,0,0,0
hc2204,20220218,20220218,133421500,13:34:23,4946,5668,3085,277883030,0,0,0
hc2204,20220218,20220218,133423000,13:34:24,4946,5668,3085,277883030,0,0,0
hc2204,20220218,20220218,133423500,13:34:24,4946,5668,3085,277883030,0,0,0
hc2204,20220218,20220218,133424000,13:34:24,4946,5668,3085,277883030,0,0,0
hc2204,20220218,20220218,133424500,13:34:24,4946,5668,3085,277883030,0,0,0
hc2204,20220218,20220218,133425000,13:34:25,4946,5668,3085,277883030,0,0,0
hc2204,20220218,20220218,133425500,13:34:25,4946,5668,3085,277883030,0,0,0
hc2204,20220218,20220218,133426000,13:34:26,4946,5668,3085,277883030,0,0,0
hc2204,20220218,20220218,133426500,13:34:26,4946,5668,3085,277883030,0,0,0
hc2204,20220218,20220218,133427000,13:34:27,4946,5668,3085,277883030,0,0,0
hc2204,20220218,20220218,133427500,13:34:28,4946,5668,3085,277883030,0,0,0
hc2204,20220218,20220218,133428000,13:34:28,4946,5668,3085,277883030,0,0,0
hc2204,20220218,20220218,133428500,13:34:29,4946,5668,3085,277883030,0,0,0
hc2204,20220218,20220218,133429000,13:34:29,4946,5668,3085,277883030,0,0,0
hc2204,20220218,20220218,133429500,13:34:29,4946,5668,3085,277883030,0,0,0
hc2204,20220218,20220218,133430000,13:34:30,4946,5668,3085,277883030,0,0,0
hc2204,20220218,20220218,133430500,13:34:30,4946,5668,3085,277883030,0,0,0
hc2204,20220218,20220218,133431000,13:34:31,4946,5668,3085,277883030,0,0,0
hc2204,20220218,20220218,133431500,13:34:31,4946,5668,3085,277883030,0,0,0
hc2204,20220218,20220218,133432000,13:34:32,4946,5668,3085,277883030,0,0,0
hc2204,20220218,20220218,133434500,13:34:35,4946,5668,3085,277883030,0,0,0
hc2204,20220218,20220218,133435000,13:34:35,4946,5668,3085,277883030,0,0,0
hc2204,20220218,20220218,133436000,13:34:36,4946,5668,3085,277883030,0,0,0
hc2204,20220218,20220218,133436500,13:34:36,4946,5668,3085,277883030,0,0,0
hc2204,20220218,20220218,133437000,13:34:37,4946,5668,3085,277883030,0,0,0
hc2204,20220218,20220218,133437500,13:34:38,4946,5668,3085,277883030,0,0,0
hc2204,20220218,20220218,133438000,13:34:38,4946,5668,3085,277883030,0,0,0
hc2204,20220218,20220218,133438500,13:34:38,4946,5668,3085,277883030,0,0,0
hc2204,20220218,20220218,133439000,13:34:39,4946,5668,3085,277883030,0,0,0
hc2204,20220218,20220218,133439500,13:34:39,4946,5668,3085,277883030,0,0,0
hc2204,20220218,20220218,133440000,13:34:40,4946,5668,3085,277883030,0,0,0
hc2204,20220218,20220218,133451000,13:34:51,4946,5668,3085,277883030,0,0,0
hc2204,20220218,20220218,133451500,13:34:52,4946,5668,3085,277883030,0,0,0
hc2204,20220218,20220218,133452000,13:34:52,4946,5668,3085,277883030,0,0,0
hc2204,20220218,20220218,133452500,13:34:53,4946,5668,3085,277883030,0,0,0
hc2204,20220218,20220218,133453000,13:34:53,4946,5668,3085,277883030,0,0,0
hc2204,20220218,20220218,133453500,13:34:55,4946,5668,3085,277883030,0,0,0
hc2204,20220218,20220218,133454000,13:34:56,4946,5668,3085,277883030,0,0,0
hc2204,20220218,20220218,133454500,13:34:56,4946,5668,3085,277883030,0,0,0
hc2204,20220218,20220218,133455000,13:34:56,4946,5668,3085,277883030,0,0,0
hc2204,20220218,20220218,133455500,13:34:56,4946,5668,3085,277883030,0,0,0
hc2204,20220218,20220218,133456000,13:34:57,4946,5668,3085,277883030,0,0,0
hc2204,20220218,20220218,133456500,13:34:57,4946,5668,3085,277883030,0,0,0
hc2204,20220218,20220218,133457000,13:34:57,4944,5669,3084,277932470,1,-1,49440
hc2204,20220218,20220218,133457500,13:34:58,4944,5669,3084,277932470,0,0,0
hc2204,20220218,20220218,133458000,13:34:58,4944,5669,3084,277932470,0,0,0
hc2204,20220218,20220218,133458500,13:34:59,4944,5669,3084,277932470,0,0,0
hc2204,20220218,20220218,133459000,13:34:59,4944,5669,3084,277932470,0,0,0
hc2204,20220218,20220218,133459500,13:35:00,4944,5669,3084,277932470,0,0,0
hc2204,20220218,20220218,133500000,13:35:00,4944,5669,3084,277932470,0,0,0
hc2204,20220218,20220218,133500500,13:35:00,4944,5669,3084,277932470,0,0,0
hc2204,20220218,20220218,133501000,13:35:04,4944,5669,3084,277932470,0,0,0
hc2204,20220218,20220218,133501500,13:35:05,4944,5669,3084,277932470,0,0,0
hc2204,20220218,20220218,133502000,13:35:10,4944,5669,3084,277932470,0,0,0
hc2204,20220218,20220218,133504500,13:35:10,4944,5669,3084,277932470,0,0,0
hc2204,20220218,20220218,133505000,13:35:10,4944,5669,3084,277932470,0,0,0
hc2204,20220218,20220218,133510000,13:35:10,4944,5669,3084,277932470,0,0,0
hc2204,20220218,20220218,133510500,13:35:11,4944,5669,3084,277932470,0,0,0
hc2204,20220218,20220218,133511000,13:35:11,4944,5669,3084,277932470,0,0,0
hc2204,20220218,20220218,133511500,13:35:12,4944,5669,3084,277932470,0,0,0
hc2204,20220218,20220218,133512000,13:35:13,4944,5669,3084,277932470,0,0,0
hc2204,20220218,20220218,133512500,13:35:13,4944,5669,3084,277932470,0,0,0
hc2204,20220218,20220218,133513000,13:35:13,4944,5669,3084,277932470,0,0,0
hc2204,20220218,20220218,133513500,13:35:14,4944,5669,3084,277932470,0,0,0
hc2204,20220218,20220218,133514000,13:35:14,4944,5669,3084,277932470,0,0,0
hc2204,20220218,20220218,133514500,13:35:15,4944,5669,3084,277932470,0,0,0
hc2204,20220218,20220218,133515000,13:35:15,4944,5669,3084,277932470,0,0,0
hc2204,20220218,20220218,133515500,13:35:16,4944,5669,3084,277932470,0,0,0
hc2204,20220218,20220218,133516000,13:35:16,4944,5669,3084,277932470,0,0,0
hc2204,20220218,20220218,133516500,13:35:16,4944,5669,3084,277932470,0,0,0
hc2204,20220218,20220218,133517000,13:35:17,4944,5669,3084,277932470,0,0,0
hc2204,20220218,20220218,133517500,13:35:18,4947,5672,3083,278080860,3,-1,148390
hc2204,20220218,20220218,133518000,13:35:19,4950,5928,3146,290748300,256,63,12667440
hc2204,20220218,20220218,133518500,13:35:19,4949,5929,3145,290797790,1,-1,49490
hc2204,20220218,20220218,133519000,13:35:19,4952,5930,3145,290847310,1,0,49520
hc2204,20220218,20220218,133519500,13:35:20,4950,5939,3144,291292890,9,-1,445580
hc2204,20220218,20220218,133520000,13:35:20,4953,5940,3144,291342420,1,0,49530
hc2204,20220218,20220218,133520500,13:35:21,4953,5947,3144,291689010,7,0,346590
hc2204,20220218,20220218,133521000,13:35:21,4950,5955,3144,292085010,8,0,396000
hc2204,20220218,20220218,133521500,13:35:22,4951,5956,3143,292134520,1,-1,49510
hc2204,20220218,20220218,133522000,13:35:22,4951,5956,3143,292134520,0,0,0
hc2204,20220218,20220218,133522500,13:35:23,4951,5956,3143,292134520,0,0,0
hc2204,20220218,20220218,133523000,13:35:23,4951,5956,3143,292134520,0,0,0
hc2204,20220218,20220218,133523500,13:35:23,4951,5956,3143,292134520,0,0,0
hc2204,20220218,20220218,133524000,13:35:25,4953,5957,3142,292184050,1,-1,49530
hc2204,20220218,20220218,133524500,13:35:25,4953,5957,3142,292184050,0,0,0
hc2204,20220218,20220218,133525000,13:35:25,4953,5957,3142,292184050,0,0,0
hc2204,20220218,20220218,133525500,13:35:26,4953,5957,3142,292184050,0,0,0
hc2204,20220218,20220218,133526000,13:35:26,4955,5958,3142,292233600,1,0,49550
hc2204,20220218,20220218,133526500,13:35:27,4955,5958,3142,292233600,0,0,0
hc2204,20220218,20220218,133527000,13:35:27,4955,5958,3142,292233600,0,0,0
hc2204,20220218,20220218,133527500,13:35:31,4955,5958,3142,292233600,0,0,0
hc2204,20220218,20220218,133528000,13:35:31,4955,5958,3142,292233600,0,0,0
hc2204,20220218,20220218,133531000,13:35:33,4958,5975,3136,293076290,17,-6,842690
hc2204,20220218,20220218,133531500,13:35:41,4958,5975,3136,293076290,0,0,0
hc2204,20220218,20220218,133532000,13:35:42,4958,5976,3136,293125870,1,0,49580
hc2204,20220218,20220218,133540500,13:35:43,4958,5976,3136,293125870,0,0,0
hc2204,20220218,20220218,133541000,13:35:43,4958,5976,3136,293125870,0,0,0
hc2204,20220218,20220218,133542000,13:35:44,4958,5981,3135,293373760,5,-1,247890
hc2204,20220218,20220218,133542500,13:35:44,4958,5981,3135,293373760,0,0,0
hc2204,20220218,20220218,133543500,13:35:44,4958,5982,3134,293423340,1,-1,49580
hc2204,20220218,20220218,133544000,13:35:44,4958,5982,3134,293423340,0,0,0
hc2204,20220218,20220218,133544500,13:35:45,4957,5983,3133,293472910,1,-1,49570
hc2204,20220218,20220218,133545000,13:35:46,4957,5983,3133,293472910,0,0,0
hc2204,20220218,20220218,133545500,13:35:46,4957,5983,3133,293472910,0,0,0
hc2204,20220218,20220218,133546000,13:35:46,4957,5983,3133,293472910,0,0,0
hc2204,20220218,20220218,133546500,13:35:46,4957,5983,3133,293472910,0,0,0
hc2204,20220218,20220218,133547000,13:35:47,4957,5983,3133,293472910,0,0,0
hc2204,20220218,20220218,133547500,13:35:48,4957,5983,3133,293472910,0,0,0
hc2204,20220218,20220218,133548000,13:35:48,4957,5983,3133,293472910,0,0,0
hc2204,20220218,20220218,133548500,13:35:48,4957,5983,3133,293472910,0,0,0
hc2204,20220218,20220218,133549000,13:35:49,4957,5983,3133,293472910,0,0,0
hc2204,20220218,20220218,133549500,13:35:49,4957,5983,3133,293472910,0,0,0
hc2204,20220218,20220218,133550000,13:35:50,4957,5983,3133,293472910,0,0,0
hc2204,20220218,20220218,133550500,13:35:50,4957,5983,3133,293472910,0,0,0
hc2204,20220218,20220218,133551000,13:35:51,4957,5983,3133,293472910,0,0,0
hc2204,20220218,20220218,133551500,13:35:51,4957,5983,3133,293472910,0,0,0
hc2204,20220218,20220218,133552000,13:35:52,4957,5983,3133,293472910,0,0,0
hc2204,20220218,20220218,133552500,13:35:53,4957,5983,3133,293472910,0,0,0
hc2204,20220218,20220218,133553000,13:35:53,4957,5983,3133,293472910,0,0,0
hc2204,20220218,20220218,133553500,13:35:55,4957,5983,3133,293472910,0,0,0
hc2204,20220218,20220218,133554000,13:35:55,4957,5983,3133,293472910,0,0,0
hc2204,20220218,20220218,133554500,13:35:55,4957,5983,3133,293472910,0,0,0
hc2204,20220218,20220218,133555000,13:35:56,4957,5983,3133,293472910,0,0,0
hc2204,20220218,20220218,133555500,13:35:56,4957,5983,3133,293472910,0,0,0
hc2204,20220218,20220218,133556000,13:35:56,4957,5983,3133,293472910,0,0,0
hc2204,20220218,20220218,133556500,13:35:57,4957,5983,3133,293472910,0,0,0
hc2204,20220218,20220218,133557000,13:35:59,4957,5983,3133,293472910,0,0,0
hc2204,20220218,20220218,133557500,13:36:01,4957,5983,3133,293472910,0,0,0
hc2204,20220218,20220218,133558000,13:36:01,4957,5983,3133,293472910,0,0,0
hc2204,20220218,20220218,133559500,13:36:03,4957,5983,3133,293472910,0,0,0
hc2204,20220218,20220218,133601500,13:36:03,4957,5983,3133,293472910,0,0,0
hc2204,20220218,20220218,133602500,13:36:03,4957,5983,3133,293472910,0,0,0
hc2204,20220218,20220218,133603000,13:36:05,4957,5983,3133,293472910,0,0,0
hc2204,20220218,20220218,133603500,13:36:05,4957,5983,3133,293472910,0,0,0
hc2204,20220218,20220218,133605000,13:36:06,4957,5983,3133,293472910,0,0,0
hc2204,20220218,20220218,133605500,13:36:07,4957,5983,3133,293472910,0,0,0
hc2204,20220218,20220218,133606000,13:36:07,4957,5983,3133,293472910,0,0,0
hc2204,20220218,20220218,133606500,13:36:07,4957,5983,3133,293472910,0,0,0
hc2204,20220218,20220218,133607000,13:36:08,4957,5983,3133,293472910,0,0,0
hc2204,20220218,20220218,133607500,13:36:08,4957,5983,3133,293472910,0,0,0
hc2204,20220218,20220218,133608000,13:36:08,4957,5983,3133,293472910,0,0,0
hc2204,20220218,20220218,133608500,13:36:08,4957,5983,3133,293472910,0,0,0
hc2204,20220218,20220218,133609000,13:36:09,4957,5983,3133,293472910,0,0,0
hc2204,20220218,20220218,133609500,13:36:10,4957,5983,3133,293472910,0,0,0
hc2204,20220218,20220218,133610000,13:36:11,4957,5983,3133,293472910,0,0,0
hc2204,20220218,20220218,133610500,13:36:11,4957,5983,3133,293472910,0,0,0
hc2204,20220218,20220218,133611000,13:36:12,4957,5983,3133,293472910,0,0,0
hc2204,20220218,20220218,133611500,13:36:12,4957,5983,3133,293472910,0,0,0
hc2204,20220218,20220218,133612000,13:36:12,4957,5983,3133,293472910,0,0,0
hc2204,20220218,20220218,133612500,13:36:12,4957,5983,3133,293472910,0,0,0
hc2204,20220218,20220218,133613000,13:36:13,4957,5983,3133,293472910,0,0,0
hc2204,20220218,20220218,133613500,13:36:14,4957,5983,3133,293472910,0,0,0
hc2204,20220218,20220218,133614000,13:36:14,4957,5983,3133,293472910,0,0,0
hc2204,20220218,20220218,133614500,13:36:14,4957,5983,3133,293472910,0,0,0
hc2204,20220218,20220218,133615000,13:36:15,4957,5983,3133,293472910,0,0,0
hc2204,20220218,20220218,133615500,13:36:15,4957,5983,3133,293472910,0,0,0
hc2204,20220218,20220218,133616000,13:36:16,4957,5983,3133,293472910,0,0,0
hc2204,20220218,20220218,133616500,13:36:17,4957,5983,3133,293472910,0,0,0
hc2204,20220218,20220218,133617000,13:36:19,4957,5983,3133,293472910,0,0,0
hc2204,20220218,20220218,133617500,13:36:19,4957,5983,3133,293472910,0,0,0
hc2204,20220218,20220218,133618000,13:36:19,4957,5983,3133,293472910,0,0,0
hc2204,20220218,20220218,133618500,13:36:19,4957,5983,3133,293472910,0,0,0
hc2204,20220218,20220218,133619000,13:36:19,4957,5983,3133,293472910,0,0,0
hc2204,20220218,20220218,133619500,13:36:19,4957,5983,3133,293472910,0,0,0
hc2204,20220218,20220218,133620000,13:36:20,4957,5983,3133,293472910,0,0,0
hc2204,20220218,20220218,133620500,13:36:20,4957,5983,3133,293472910,0,0,0
hc2204,20220218,20220218,133621000,13:36:21,4957,5983,3133,293472910,0,0,0
hc2204,20220218,20220218,133621500,13:36:21,4957,5983,3133,293472910,0,0,0
hc2204,20220218,20220218,133622000,13:36:22,4957,5983,3133,293472910,0,0,0
hc2204,20220218,20220218,133622500,13:36:22,4957,5983,3133,293472910,0,0,0
hc2204,20220218,20220218,133623000,13:36:23,4957,5983,3133,293472910,0,0,0
hc2204,20220218,20220218,133623500,13:36:23,4957,5983,3133,293472910,0,0,0
hc2204,20220218,20220218,133624000,13:36:24,4957,5983,3133,293472910,0,0,0
hc2204,20220218,20220218,133624500,13:36:24,4957,5983,3133,293472910,0,0,0
hc2204,20220218,20220218,133625000,13:36:25,4957,5983,3133,293472910,0,0,0
hc2204,20220218,20220218,133625500,13:36:26,4957,5983,3133,293472910,0,0,0
hc2204,20220218,20220218,133626000,13:36:26,4957,5983,3133,293472910,0,0,0
hc2204,20220218,20220218,133626500,13:36:27,4957,5983,3133,293472910,0,0,0
hc2204,20220218,20220218,133627000,13:36:28,4957,5983,3133,293472910,0,0,0
hc2204,20220218,20220218,133627500,13:36:28,4957,5983,3133,293472910,0,0,0
hc2204,20220218,20220218,133628000,13:36:28,4957,5983,3133,293472910,0,0,0
hc2204,20220218,20220218,133628500,13:36:29,4957,5983,3133,293472910,0,0,0
hc2204,20220218,20220218,133629000,13:36:29,4957,5983,3133,293472910,0,0,0
hc2204,20220218,20220218,133629500,13:36:30,4957,5983,3133,293472910,0,0,0
hc2204,20220218,20220218,133630000,13:36:30,4957,5983,3133,293472910,0,0,0
hc2204,20220218,20220218,133630500,13:36:31,4957,5983,3133,293472910,0,0,0
hc2204,20220218,20220218,133631000,13:36:31,4957,5983,3133,293472910,0,0,0
hc2204,20220218,20220218,133631500,13:36:31,4957,5983,3133,293472910,0,0,0
hc2204,20220218,20220218,133632000,13:36:32,4957,5983,3133,293472910,0,0,0
hc2204,20220218,20220218,133632500,13:36:32,4957,5983,3133,293472910,0,0,0
hc2204,20220218,20220218,133633000,13:36:33,4957,5983,3133,293472910,0,0,0
hc2204,20220218,20220218,133633500,13:36:33,4957,5983,3133,293472910,0,0,0
hc2204,20220218,20220218,133634000,13:36:34,4957,5983,3133,293472910,0,0,0
hc2204,20220218,20220218,133634500,13:36:35,4957,5983,3133,293472910,0,0,0
hc2204,20220218,20220218,133635000,13:36:35,4957,5983,3133,293472910,0,0,0
hc2204,20220218,20220218,133635500,13:36:36,4957,5983,3133,293472910,0,0,0
hc2204,20220218,20220218,133636000,13:36:36,4957,5983,3133,293472910,0,0,0
hc2204,20220218,20220218,133636500,13:36:36,4957,5983,3133,293472910,0,0,0
hc2204,20220218,20220218,133637000,13:36:38,4957,5983,3133,293472910,0,0,0
hc2204,20220218,20220218,133637500,13:36:38,4957,5983,3133,293472910,0,0,0
hc2204,20220218,20220218,133638000,13:36:38,4957,5983,3133,293472910,0,0,0
hc2204,20220218,20220218,133638500,13:36:39,4957,5983,3133,293472910,0,0,0
hc2204,20220218,20220218,133639000,13:36:39,4957,5983,3133,293472910,0,0,0
hc2204,20220218,20220218,133639500,13:36:39,4957,5983,3133,293472910,0,0,0
hc2204,20220218,20220218,133640000,13:36:40,4957,5983,3133,293472910,0,0,0
hc2204,20220218,20220218,133640500,13:36:40,4957,5983,3133,293472910,0,0,0
hc2204,20220218,20220218,133641000,13:36:41,4957,5983,3133,293472910,0,0,0
hc2204,20220218,20220218,133641500,13:36:42,4957,5983,3133,293472910,0,0,0
hc2204,20220218,20220218,133642000,13:36:42,4957,5983,3133,293472910,0,0,0
hc2204,20220218,20220218,133642500,13:36:43,4957,5983,3133,293472910,0,0,0
hc2204,20220218,20220218,133643000,13:36:43,4957,5983,3133,293472910,0,0,0
hc2204,20220218,20220218,133643500,13:36:44,4957,5983,3133,293472910,0,0,0
hc2204,20220218,20220218,133644000,13:36:44,4957,5983,3133,293472910,0,0,0
hc2204,20220218,20220218,133644500,13:36:44,4957,5983,3133,293472910,0,0,0
hc2204,20220218,20220218,133645000,13:36:45,4957,5983,3133,293472910,0,0,0
hc2204,20220218,20220218,133645500,13:36:46,4957,5983,3133,293472910,0,0,0
hc2204,20220218,20220218,133646000,13:36:46,4957,5983,3133,293472910,0,0,0
hc2204,20220218,20220218,133646500,13:36:46,4957,5983,3133,293472910,0,0,0
hc2204,20220218,20220218,133647000,13:36:47,4957,5983,3133,293472910,0,0,0
hc2204,20220218,20220218,133647500,13:36:48,4957,5983,3133,293472910,0,0,0
hc2204,20220218,20220218,133648000,13:36:48,4957,5983,3133,293472910,0,0,0
hc2204,20220218,20220218,133648500,13:36:48,4957,5983,3133,293472910,0,0,0
hc2204,20220218,20220218,133649000,13:36:49,4957,5983,3133,293472910,0,0,0
hc2204,20220218,20220218,133649500,13:36:49,4957,5983,3133,293472910,0,0,0
hc2204,20220218,20220218,133650000,13:36:50,4957,5983,3133,293472910,0,0,0
hc2204,20220218,20220218,133650500,13:36:50,4957,5983,3133,293472910,0,0,0
hc2204,20220218,20220218,133651000,13:36:51,4957,5983,3133,293472910,0,0,0
hc2204,20220218,20220218,133651500,13:36:52,4957,5983,3133,293472910,0,0,0
hc2204,20220218,20220218,133652000,13:36:52,4957,5983,3133,293472910,0,0,0
hc2204,20220218,20220218,133652500,13:36:53,4957,5983,3133,293472910,0,0,0
hc2204,20220218,20220218,133653000,13:36:53,4957,5983,3133,293472910,0,0,0
hc2204,20220218,20220218,133653500,13:36:54,4957,5983,3133,293472910,0,0,0
hc2204,20220218,20220218,133654000,13:36:54,4957,5983,3133,293472910,0,0,0
hc2204,20220218,20220218,133654500,13:36:54,4957,5983,3133,293472910,0,0,0
hc2204,20220218,20220218,133655000,13:36:55,4957,5983,3133,293472910,0,0,0
hc2204,20220218,20220218,133655500,13:36:56,4957,5983,3133,293472910,0,0,0
hc2204,20220218,20220218,133656000,13:36:56,4957,5983,3133,293472910,0,0,0
hc2204,20220218,20220218,133656500,13:36:57,4957,5983,3133,293472910,0,0,0
hc2204,20220218,20220218,133657000,13:36:58,4957,5983,3133,293472910,0,0,0
hc2204,20220218,20220218,133657500,13:36:58,4957,5983,3133,293472910,0,0,0
hc2204,20220218,20220218,133658000,13:36:58,4957,5983,3133,293472910,0,0,0
hc2204,20220218,20220218,133658500,13:36:59,4957,5983,3133,293472910,0,0,0
hc2204,20220218,20220218,133659000,13:36:59,4957,5983,3133,293472910,0,0,0
hc2204,20220218,20220218,133659500,13:36:59,4957,5983,3133,293472910,0,0,0
hc2204,20220218,20220218,133700000,13:37:00,4957,5983,3133,293472910,0,0,0
hc2204,20220218,20220218,133700500,13:37:00,4957,5983,3133,293472910,0,0,0
hc2204,20220218,20220218,133701000,13:37:01,4957,5983,3133,293472910,0,0,0
hc2204,20220218,20220218,133701500,13:37:02,4957,5983,3133,293472910,0,0,0
hc2204,20220218,20220218,133702000,13:37:02,4957,5983,3133,293472910,0,0,0
hc2204,20220218,20220218,133702500,13:37:03,4957,5983,3133,293472910,0,0,0
hc2204,20220218,20220218,133703000,13:37:03,4957,5983,3133,293472910,0,0,0
hc2204,20220218,20220218,133703500,13:37:03,4957,5983,3133,293472910,0,0,0
hc2204,20220218,20220218,133704000,13:37:04,4957,5983,3133,293472910,0,0,0
hc2204,20220218,20220218,133704500,13:37:05,4957,5983,3133,293472910,0,0,0
hc2204,20220218,20220218,133705000,13:37:05,4957,5983,3133,293472910,0,0,0
hc2204,20220218,20220218,133705500,13:37:07,4957,5983,3133,293472910,0,0,0
hc2204,20220218,20220218,133706000,13:37:08,4957,5983,3133,293472910,0,0,0
hc2204,20220218,20220218,133706500,13:37:08,4957,5983,3133,293472910,0,0,0
hc2204,20220218,20220218,133707000,13:37:08,4957,5983,3133,293472910,0,0,0
hc2204,20220218,20220218,133707500,13:37:08,4957,5983,3133,293472910,0,0,0
hc2204,20220218,20220218,133708000,13:37:08,4957,5983,3133,293472910,0,0,0
hc2204,20220218,20220218,133708500,13:37:08,4957,5983,3133,293472910,0,0,0
hc2204,20220218,20220218,133709000,13:37:09,4957,5983,3133,293472910,0,0,0
hc2204,20220218,20220218,133709500,13:37:10,4957,5983,3133,293472910,0,0,0
hc2204,20220218,20220218,133710000,13:37:11,4957,5983,3133,293472910,0,0,0
hc2204,20220218,20220218,133710500,13:37:11,4957,5983,3133,293472910,0,0,0
hc2204,20220218,20220218,133711000,13:37:11,4957,5983,3133,293472910,0,0,0
hc2204,20220218,20220218,133711500,13:37:13,4957,5983,3133,293472910,0,0,0
hc2204,20220218,20220218,133712000,13:37:13,4957,5983,3133,293472910,0,0,0
hc2204,20220218,20220218,133712500,13:37:13,4957,5983,3133,293472910,0,0,0
hc2204,20220218,20220218,133713000,13:37:14,4957,5983,3133,293472910,0,0,0
hc2204,20220218,20220218,133713500,13:37:14,4957,5983,3133,293472910,0,0,0
hc2204,20220218,20220218,133714000,13:37:14,4957,5983,3133,293472910,0,0,0
hc2204,20220218,20220218,133714500,13:37:15,4957,5983,3133,293472910,0,0,0
hc2204,20220218,20220218,133715000,13:37:15,4957,5983,3133,293472910,0,0,0
hc2204,20220218,20220218,133715500,13:37:16,4957,5983,3133,293472910,0,0,0
hc2204,20220218,20220218,133716000,13:37:16,4957,5983,3133,293472910,0,0,0
hc2204,20220218,20220218,133716500,13:37:17,4957,5983,3133,293472910,0,0,0
hc2204,20220218,20220218,133717000,13:37:18,4957,5983,3133,293472910,0,0,0
hc2204,20220218,20220218,133717500,13:37:18,4957,5983,3133,293472910,0,0,0
hc2204,20220218,20220218,133718000,13:37:18,4957,5983,3133,293472910,0,0,0
hc2204,20220218,20220218,133718500,13:37:19,4957,5983,3133,293472910,0,0,0
hc2204,20220218,20220218,133719000,13:37:19,4957,5983,3133,293472910,0,0,0
hc2204,20220218,20220218,133719500,13:37:20,4957,5983,3133,293472910,0,0,0
hc2204,20220218,20220218,133720000,13:37:21,4957,5983,3133,293472910,0,0,0
hc2204,20220218,20220218,133720500,13:37:21,4957,5983,3133,293472910,0,0,0
hc2204,20220218,20220218,133721000,13:37:21,4957,5983,3133,293472910,0,0,0
hc2204,20220218,20220218,133721500,13:37:22,4957,5983,3133,293472910,0,0,0
hc2204,20220218,20220218,133722000,13:37:22,4957,5983,3133,293472910,0,0,0
hc2204,20220218,20220218,133722500,13:37:22,4957,5983,3133,293472910,0,0,0
hc2204,20220218,20220218,133723000,13:37:23,4957,5983,3133,293472910,0,0,0
hc2204,20220218,20220218,133723500,13:37:23,4957,5983,3133,293472910,0,0,0
hc2204,20220218,20220218,133724000,13:37:24,4957,5983,3133,293472910,0,0,0
hc2204,20220218,20220218,133724500,13:37:25,4957,5983,3133,293472910,0,0,0
hc2204,20220218,20220218,133725000,13:37:25,4957,5983,3133,293472910,0,0,0
hc2204,20220218,20220218,133725500,13:37:26,4957,5983,3133,293472910,0,0,0
hc2204,20220218,20220218,133726000,13:37:26,4957,5983,3133,293472910,0,0,0
hc2204,20220218,20220218,133726500,13:37:27,4957,5983,3133,293472910,0,0,0
hc2204,20220218,20220218,133727000,13:37:27,4957,5983,3133,293472910,0,0,0
hc2204,20220218,20220218,133727500,13:37:27,4957,5983,3133,293472910,0,0,0
hc2204,20220218,20220218,133728000,13:37:28,4957,5983,3133,293472910,0,0,0
hc2204,20220218,20220218,133728500,13:37:28,4957,5983,3133,293472910,0,0,0
hc2204,20220218,20220218,133729000,13:37:29,4957,5983,3133,293472910,0,0,0
hc2204,20220218,20220218,133729500,13:37:30,4957,5983,3133,293472910,0,0,0
hc2204,20220218,20220218,133730000,13:37:30,4957,5983,3133,293472910,0,0,0
hc2204,20220218,20220218,133730500,13:37:31,4957,5983,3133,293472910,0,0,0
hc2204,20220218,20220218,133731000,13:37:31,4957,5983,3133,293472910,0,0,0
hc2204,20220218,20220218,133731500,13:37:31,4957,5983,3133,293472910,0,0,0
hc2204,20220218,20220218,133732000,13:37:32,4957,5983,3133,293472910,0,0,0
hc2204,20220218,20220218,133732500,13:37:33,4957,5983,3133,293472910,0,0,0
hc2204,20220218,20220218,133733000,13:37:33,4957,5983,3133,293472910,0,0,0
hc2204,20220218,20220218,133733500,13:37:33,4957,5983,3133,293472910,0,0,0
hc2204,20220218,20220218,133734000,13:37:34,4957,5983,3133,293472910,0,0,0
hc2204,20220218,20220218,133734500,13:37:34,4957,5983,3133,293472910,0,0,0
hc2204,20220218,20220218,133735000,13:37:35,4957,5983,3133,293472910,0,0,0
hc2204,20220218,20220218,133735500,13:37:36,4957,5983,3133,293472910,0,0,0
hc2204,20220218,20220218,133736000,13:37:36,4957,5983,3133,293472910,0,0,0
hc2204,20220218,20220218,133736500,13:37:37,4957,5983,3133,293472910,0,0,0
hc2204,20220218,20220218,133737000,13:37:37,4957,5983,3133,293472910,0,0,0
hc2204,20220218,20220218,133737500,13:37:37,4957,5983,3133,293472910,0,0,0
hc2204,20220218,20220218,133738000,13:37:38,4957,5983,3133,293472910,0,0,0
hc2204,20220218,20220218,133738500,13:37:39,4957,5983,3133,293472910,0,0,0
hc2204,20220218,20220218,133739000,13:37:39,4957,5983,3133,293472910,0,0,0
hc2204,20220218,20220218,133739500,13:37:39,4957,5983,3133,293472910,0,0,0
hc2204,20220218,20220218,133740000,13:37:40,4957,5983,3133,293472910,0,0,0
hc2204,20220218,20220218,133740500,13:37:40,4957,5983,3133,293472910,0,0,0
hc2204,20220218,20220218,133741000,13:37:41,4957,5983,3133,293472910,0,0,0
hc2204,20220218,20220218,133741500,13:37:41,4957,5983,3133,293472910,0,0,0
hc2204,20220218,20220218,133742000,13:37:42,4957,5983,3133,293472910,0,0,0
hc2204,20220218,20220218,133742500,13:37:43,4957,5983,3133,293472910,0,0,0
hc2204,20220218,20220218,133743000,13:37:44,4957,5983,3133,293472910,0,0,0
hc2204,20220218,20220218,133743500,13:37:44,4957,5983,3133,293472910,0,0,0
hc2204,20220218,20220218,133744000,13:37:45,4957,5983,3133,293472910,0,0,0
hc2204,20220218,20220218,133744500,13:37:45,4957,5983,3133,293472910,0,0,0
hc2204,20220218,20220218,133745000,13:37:45,4957,5983,3133,293472910,0,0,0
hc2204,20220218,20220218,133745500,13:37:45,4957,5983,3133,293472910,0,0,0
hc2204,20220218,20220218,133746000,13:37:46,4957,5983,3133,293472910,0,0,0
hc2204,20220218,20220218,133746500,13:37:47,4957,5983,3133,293472910,0,0,0
hc2204,20220218,20220218,133747000,13:37:47,4957,5983,3133,293472910,0,0,0
hc2204,20220218,20220218,133747500,13:37:48,4957,5983,3133,293472910,0,0,0
hc2204,20220218,20220218,133748000,13:37:48,4957,5983,3133,293472910,0,0,0
hc2204,20220218,20220218,133748500,13:37:48,4957,5983,3133,293472910,0,0,0
hc2204,20220218,20220218,133749000,13:37:49,4957,5983,3133,293472910,0,0,0
hc2204,20220218,20220218,133749500,13:37:49,4957,5983,3133,293472910,0,0,0
hc2204,20220218,20220218,133750000,13:37:50,4957,5983,3133,293472910,0,0,0
hc2204,20220218,20220218,133750500,13:37:51,4957,5983,3133,293472910,0,0,0
hc2204,20220218,20220218,133751000,13:37:51,4957,5983,3133,293472910,0,0,0
hc2204,20220218,20220218,133751500,13:37:52,4957,5983,3133,293472910,0,0,0
hc2204,20220218,20220218,133752000,13:37:53,4957,5983,3133,293472910,0,0,0
hc2204,20220218,20220218,133752500,13:37:54,4957,5983,3133,293472910,0,0,0
hc2204,20220218,20220218,133753000,13:37:54,4957,5983,3133,293472910,0,0,0
hc2204,20220218,20220218,133753500,13:37:55,4957,5983,3133,293472910,0,0,0
hc2204,20220218,20220218,133754000,13:37:55,4957,5983,3133,293472910,0,0,0
hc2204,20220218,20220218,133754500,13:37:55,4957,5983,3133,293472910,0,0,0
hc2204,20220218,20220218,133755000,13:37:55,4957,5983,3133,293472910,0,0,0
hc2204,20220218,20220218,133755500,13:37:55,4957,5983,3133,293472910,0,0,0
hc2204,20220218,20220218,133756000,13:37:56,4957,5983,3133,293472910,0,0,0
hc2204,20220218,20220218,133756500,13:37:57,4957,5983,3133,293472910,0,0,0
hc2204,20220218,20220218,133757000,13:37:57,4957,5983,3133,293472910,0,0,0
hc2204,20220218,20220218,133757500,13:37:58,4957,5983,3133,293472910,0,0,0
hc2204,20220218,20220218,133758000,13:37:58,4957,5983,3133,293472910,0,0,0
hc2204,20220218,20220218,133758500,13:37:59,4957,5983,3133,293472910,0,0,0
hc2204,20220218,20220218,133759000,13:38:00,4957,5983,3133,293472910,0,0,0
hc2204,20220218,20220218,133759500,13:38:00,4957,5983,3133,293472910,0,0,0
hc2204,20220218,20220218,133800000,13:38:02,4957,5983,3133,293472910,0,0,0
hc2204,20220218,20220218,133800500,13:38:02,4957,5983,3133,293472910,0,0,0
hc2204,20220218,20220218,133801000,13:38:03,4957,5983,3133,293472910,0,0,0
hc2204,20220218,20220218,133802000,13:38:03,4957,5983,3133,293472910,0,0,0
hc2204,20220218,20220218,133802500,13:38:05,4957,5983,3133,293472910,0,0,0
hc2204,20220218,20220218,133803000,13:38:06,4957,5983,3133,293472910,0,0,0
hc2204,20220218,20220218,133805000,13:38:06,4957,5983,3133,293472910,0,0,0
hc2204,20220218,20220218,133806000,13:38:09,4957,5983,3133,293472910,0,0,0
hc2204,20220218,20220218,133806500,13:38:09,4957,5983,3133,293472910,0,0,0
hc2204,20220218,20220218,133807000,13:38:09,4957,5983,3133,293472910,0,0,0
hc2204,20220218,20220218,133809000,13:38:09,4957,5983,3133,293472910,0,0,0
hc2204,20220218,20220218,133809500,13:38:10,4957,5983,3133,293472910,0,0,0
hc2204,20220218,20220218,133810000,13:38:10,4957,5983,3133,293472910,0,0,0
hc2204,20220218,20220218,133810500,13:38:10,4957,5983,3133,293472910,0,0,0
hc2204,20220218,20220218,133811000,13:38:11,4957,5983,3133,293472910,0,0,0
hc2204,20220218,20220218,133811500,13:38:14,4957,5983,3133,293472910,0,0,0
hc2204,20220218,20220218,133812000,13:38:14,4957,5983,3133,293472910,0,0,0
