ni2203,20220218,20220218,112003000,11:20:03,0,0,0,0,0,0,0
ni2203,20220218,20220218,112002700,11:20:04,178140,182945,121183,32303314460,182945,121183,32303314460
ni2203,20220218,20220218,112004500,11:20:09,178160,182949,121182,32304027090,4,-1,712630
ni2203,20220218,20220218,112006000,11:20:10,178160,182949,121182,32304027090,0,0,0
ni2203,20220218,20220218,112006500,11:20:10,178170,182952,121180,32304561620,3,-2,534530
ni2203,20220218,20220218,112007000,11:20:10,178170,182952,121180,32304561620,0,0,0
ni2203,20220218,20220218,112007500,11:20:10,178170,182952,121180,32304561620,0,0,0
ni2203,20220218,20220218,112008000,11:20:10,178170,182952,121180,32304561620,0,0,0
ni2203,20220218,20220218,112008500,11:20:10,178170,182952,121180,32304561620,0,0,0
ni2203,20220218,20220218,112009000,11:20:10,178170,182952,121180,32304561620,0,0,0
ni2203,20220218,20220218,112009500,11:20:10,178170,182952,121180,32304561620,0,0,0
ni2203,20220218,20220218,112010000,11:20:10,178170,182953,121179,32304739790,1,-1,178170
ni2203,20220218,20220218,112010500,11:20:10,178170,182953,121179,32304739790,0,0,0
ni2203,20220218,20220218,112011000,11:20:11,178170,182953,121179,32304739790,0,0,0
ni2203,20220218,20220218,112011500,11:20:12,178170,182953,121179,32304739790,0,0,0
ni2203,20220218,20220218,112012000,11:20:12,178200,182954,121178,32304917990,1,-1,178200
ni2203,20220218,20220218,112012500,11:20:13,178200,182954,121178,32304917990,0,0,0
ni2203,20220218,20220218,112013000,11:20:13,178200,182954,121178,32304917990,0,0,0
ni2203,20220218,20220218,112013500,11:20:13,178200,182954,121178,32304917990,0,0,0
ni2203,20220218,20220218,112014000,11:20:14,178170,182956,121180,32305274330,2,2,356340
ni2203,20220218,20220218,112014500,11:20:14,178170,182956,121180,32305274330,0,0,0
ni2203,20220218,20220218,112015000,11:20:15,178210,182957,121179,32305452540,1,-1,178210
ni2203,20220218,20220218,112015500,11:20:16,178210,182957,121179,32305452540,0,0,0
ni2203,20220218,20220218,112016000,11:20:16,178210,182957,121179,32305452540,0,0,0
ni2203,20220218,20220218,112016500,11:20:16,178210,182957,121179,32305452540,0,0,0
ni2203,20220218,20220218,112017000,11:20:17,178210,182957,121179,32305452540,0,0,0
ni2203,20220218,20220218,112017500,11:20:17,178210,182957,121179,32305452540,0,0,0
ni2203,20220218,20220218,112018000,11:20:18,178190,182958,121178,32305630730,1,-1,178190
ni2203,20220218,20220218,112018500,11:20:18,178190,182958,121178,32305630730,0,0,0
ni2203,20220218,20220218,112019000,11:20:19,178210,182959,121178,32305808940,1,0,178210
ni2203,20220218,20220218,112019500,11:20:20,178210,182959,121178,32305808940,0,0,0
ni2203,20220218,20220218,112020000,11:20:20,178210,182959,121178,32305808940,0,0,0
ni2203,20220218,20220218,112020500,11:20:21,178210,182959,121178,32305808940,0,0,0
ni2203,20220218,20220218,112021000,11:20:21,178210,182959,121178,32305808940,0,0,0
ni2203,20220218,20220218,112021500,11:20:21,178210,182959,121178,32305808940,0,0,0
ni2203,20220218,20220218,112022000,11:20:22,178210,182959,121178,32305808940,0,0,0
ni2203,20220218,20220218,112022500,11:20:23,178210,182959,121178,32305808940,0,0,0
ni2203,20220218,20220218,112023000,11:20:23,178210,182959,121178,32305808940,0,0,0
ni2203,20220218,20220218,112023500,11:20:23,178170,182960,121178,32305987110,1,0,178170
ni2203,20220218,20220218,112024000,11:20:24,178170,182960,121178,32305987110,0,0,0
ni2203,20220218,20220218,112024500,11:20:24,178170,182960,121178,32305987110,0,0,0
ni2203,20220218,20220218,112025000,11:20:25,178170,182960,121178,32305987110,0,0,0
ni2203,20220218,20220218,112025500,11:20:25,178170,182960,121178,32305987110,0,0,0
ni2203,20220218,20220218,112026000,11:20:26,178170,182960,121178,32305987110,0,0,0
ni2203,20220218,20220218,112026500,11:20:26,178180,182961,121178,32306165290,1,0,178180
ni2203,20220218,20220218,112027000,11:20:27,178180,182961,121178,32306165290,0,0,0
ni2203,20220218,20220218,112027500,11:20:28,178170,182967,121184,32307234310,6,6,1069020
ni2203,20220218,20220218,112028000,11:20:28,178170,182967,121184,32307234310,0,0,0
ni2203,20220218,20220218,112028500,11:20:28,178160,182970,121185,32307768790,3,1,534480
ni2203,20220218,20220218,112029000,11:20:29,178160,182971,121185,32307946950,1,0,178160
ni2203,20220218,20220218,112029500,11:20:30,178140,182973,121184,32308303240,2,-1,356290
ni2203,20220218,20220218,112030000,11:20:31,178130,182974,121185,32308481370,1,1,178130
ni2203,20220218,20220218,112030500,11:20:31,178120,182977,121185,32309015730,3,0,534360
ni2203,20220218,20220218,112031000,11:20:32,178100,182979,121185,32309371930,2,0,356200
ni2203,20220218,20220218,112031500,11:20:32,178080,182984,121186,32310262360,5,1,890430
ni2203,20220218,20220218,112032000,11:20:32,178080,182984,121186,32310262360,0,0,0
ni2203,20220218,20220218,112032500,11:20:32,178070,182988,121185,32310974640,4,-1,712280
ni2203,20220218,20220218,112033000,11:20:33,178050,182998,121181,32312755210,10,-4,1780570
ni2203,20220218,20220218,112033500,11:20:33,178050,183002,121184,32313467410,4,3,712200
ni2203,20220218,20220218,112034000,11:20:34,178030,183006,121185,32314179540,4,1,712130
ni2203,20220218,20220218,112034500,11:20:35,178010,183010,121184,32314891590,4,-1,712050
ni2203,20220218,20220218,112035000,11:20:35,178000,183029,121176,32318273760,19,-8,3382170
ni2203,20220218,20220218,112035500,11:20:35,178020,183059,121162,32323613790,30,-14,5340030
ni2203,20220218,20220218,112036000,11:20:36,177990,183061,121160,32323969780,2,-2,355990
ni2203,20220218,20220218,112036500,11:20:37,177980,183066,121156,32324859700,5,-4,889920
ni2203,20220218,20220218,112037000,11:20:37,177970,183077,121148,32326817420,11,-8,1957720
ni2203,20220218,20220218,112037500,11:20:38,177920,183084,121149,32328063080,7,1,1245660
ni2203,20220218,20220218,112038000,11:20:38,177910,183103,121142,32331443060,19,-7,3379980
ni2203,20220218,20220218,112038500,11:20:38,177890,183123,121148,32335001250,20,6,3558190
ni2203,20220218,20220218,112039000,11:20:39,177920,183139,121142,32337847600,16,-6,2846350
ni2203,20220218,20220218,112039500,11:20:40,177880,183161,121132,32341762480,22,-10,3914880
ni2203,20220218,20220218,112040000,11:20:40,177900,183167,121130,32342830060,6,-2,1067580
ni2203,20220218,20220218,112040500,11:20:41,177920,183173,121127,32343897730,6,-3,1067670
ni2203,20220218,20220218,112041000,11:20:41,178010,183175,121125,32344253740,2,-2,356010
ni2203,20220218,20220218,112041500,11:20:41,178010,183197,121111,32348169960,22,-14,3916220
ni2203,20220218,20220218,112042000,11:20:42,178010,183207,121116,32349950100,10,5,1780140
ni2203,20220218,20220218,112042500,11:20:42,178010,183211,121116,32350662180,4,0,712080
ni2203,20220218,20220218,112043000,11:20:43,178010,183212,121116,32350840190,1,0,178010
ni2203,20220218,20220218,112043500,11:20:44,178050,183213,121116,32351018240,1,0,178050
ni2203,20220218,20220218,112044000,11:20:44,178050,183214,121115,32351196290,1,-1,178050
ni2203,20220218,20220218,112044500,11:20:45,178010,183219,121112,32352086460,5,-3,890170
ni2203,20220218,20220218,112045000,11:20:45,178010,183219,121112,32352086460,0,0,0
ni2203,20220218,20220218,112045500,11:20:46,178050,183220,121112,32352264510,1,0,178050
ni2203,20220218,20220218,112046000,11:20:46,178050,183220,121112,32352264510,0,0,0
ni2203,20220218,20220218,112046500,11:20:46,178050,183222,121112,32352620610,2,0,356100
ni2203,20220218,20220218,112047000,11:20:48,178050,183222,121112,32352620610,0,0,0
ni2203,20220218,20220218,112047500,11:20:48,178060,183227,121114,32353510920,5,2,890310
ni2203,20220218,20220218,112048000,11:20:49,178090,183230,121116,32354045190,3,2,534270
ni2203,20220218,20220218,112048500,11:20:50,178090,183234,121116,32354757550,4,0,712360
ni2203,20220218,20220218,112049000,11:20:50,178090,183234,121116,32354757550,0,0,0
ni2203,20220218,20220218,112049500,11:20:50,178090,183234,121116,32354757550,0,0,0
ni2203,20220218,20220218,112050500,11:20:51,178090,183237,121116,32355291830,3,0,534280
ni2203,20220218,20220218,112051000,11:20:51,178080,183240,121118,32355826070,3,2,534240
ni2203,20220218,20220218,112051500,11:20:52,178080,183240,121118,32355826070,0,0,0
ni2203,20220218,20220218,112052000,11:20:53,178080,183240,121118,32355826070,0,0,0
ni2203,20220218,20220218,112052500,11:20:53,178080,183241,121118,32356004150,1,0,178080
ni2203,20220218,20220218,112053000,11:20:53,178080,183241,121118,32356004150,0,0,0
ni2203,20220218,20220218,112053500,11:20:53,178080,183241,121118,32356004150,0,0,0
ni2203,20220218,20220218,112054000,11:20:54,178060,183242,121119,32356182210,1,1,178060
ni2203,20220218,20220218,112054500,11:20:55,178060,183242,121119,32356182210,0,0,0
ni2203,20220218,20220218,112055000,11:20:55,178060,183243,121119,32356360270,1,0,178060
ni2203,20220218,20220218,112055500,11:20:56,178060,183243,121119,32356360270,0,0,0
ni2203,20220218,20220218,112056000,11:20:56,178060,183243,121119,32356360270,0,0,0
ni2203,20220218,20220218,112056500,11:20:56,178060,183243,121119,32356360270,0,0,0
ni2203,20220218,20220218,112057000,11:20:58,178120,183258,121112,32359031700,15,-7,2671430
ni2203,20220218,20220218,112057500,11:20:58,178110,183259,121111,32359209810,1,-1,178110
ni2203,20220218,20220218,112058000,11:20:59,178130,183260,121110,32359387940,1,-1,178130
ni2203,20220218,20220218,112058500,11:20:59,178130,183260,121110,32359387940,0,0,0
ni2203,20220218,20220218,112059000,11:21:00,178130,183260,121110,32359387940,0,0,0
ni2203,20220218,20220218,112059500,11:21:00,178130,183260,121110,32359387940,0,0,0
ni2203,20220218,20220218,112100000,11:21:00,178130,183260,121110,32359387940,0,0,0
ni2203,20220218,20220218,112100500,11:21:01,178140,183261,121111,32359566080,1,1,178140
ni2203,20220218,20220218,112101000,11:21:01,178150,183263,121110,32359922380,2,-1,356300
ni2203,20220218,20220218,112101500,11:21:02,178150,183269,121110,32360991280,6,0,1068900
ni2203,20220218,20220218,112102000,11:21:03,178140,183271,121111,32361347570,2,1,356290
ni2203,20220218,20220218,112102500,11:21:03,178130,183274,121111,32361881960,3,0,534390
ni2203,20220218,20220218,112103000,11:21:03,178140,183276,121113,32362238220,2,2,356260
ni2203,20220218,20220218,112103500,11:21:04,178100,183280,121112,32362950640,4,-1,712420
ni2203,20220218,20220218,112104000,11:21:05,178080,183289,121115,32364553440,9,3,1602800
ni2203,20220218,20220218,112104500,11:21:05,178050,183314,121137,32369004950,25,22,4451510
ni2203,20220218,20220218,112105000,11:21:06,178050,183320,121137,32370073250,6,0,1068300
ni2203,20220218,20220218,112105500,11:21:07,178010,183322,121137,32370429300,2,0,356050
ni2203,20220218,20220218,112106000,11:21:07,178010,183322,121137,32370429300,0,0,0
ni2203,20220218,20220218,112106500,11:21:08,178020,183326,121137,32371141440,4,0,712140
ni2203,20220218,20220218,112107000,11:21:10,178040,183328,121137,32371497520,2,0,356080
ni2203,20220218,20220218,112107500,11:21:10,178020,183330,121137,32371853560,2,0,356040
ni2203,20220218,20220218,112108000,11:21:10,178040,183331,121137,32372031600,1,0,178040
ni2203,20220218,20220218,112110000,11:21:10,178050,183356,121140,32376482820,25,3,4451220
ni2203,20220218,20220218,112110500,11:21:11,178050,183369,121150,32378797470,13,10,2314650
ni2203,20220218,20220218,112111000,11:21:11,178050,183369,121150,32378797470,0,0,0
ni2203,20220218,20220218,112111500,11:21:12,178070,183375,121153,32379865850,6,3,1068380
ni2203,20220218,20220218,112112000,11:21:12,178070,183375,121153,32379865850,0,0,0
ni2203,20220218,20220218,112112500,11:21:13,178030,183377,121153,32380221910,2,0,356060
ni2203,20220218,20220218,112113000,11:21:13,178070,183378,121153,32380399980,1,0,178070
ni2203,20220218,20220218,112113500,11:21:13,178070,183379,121154,32380578050,1,1,178070
ni2203,20220218,20220218,112114000,11:21:14,178070,183379,121154,32380578050,0,0,0
ni2203,20220218,20220218,112114500,11:21:14,178070,183382,121154,32381112260,3,0,534210
ni2203,20220218,20220218,112115000,11:21:15,178070,183383,121154,32381290330,1,0,178070
ni2203,20220218,20220218,112115500,11:21:15,178090,183385,121154,32381646500,2,0,356170
ni2203,20220218,20220218,112116000,11:21:16,178050,183389,121153,32382358760,4,-1,712260
ni2203,20220218,20220218,112116500,11:21:17,178050,183389,121153,32382358760,0,0,0
ni2203,20220218,20220218,112117000,11:21:17,178110,183390,121152,32382536870,1,-1,178110
ni2203,20220218,20220218,112117500,11:21:18,178110,183394,121152,32383249310,4,0,712440
ni2203,20220218,20220218,112118000,11:21:18,178120,183396,121151,32383605550,2,-1,356240
ni2203,20220218,20220218,112118500,11:21:18,178120,183396,121151,32383605550,0,0,0
ni2203,20220218,20220218,112119000,11:21:19,178150,183397,121151,32383783700,1,0,178150
ni2203,20220218,20220218,112119500,11:21:20,178150,183399,121151,32384140000,2,0,356300
ni2203,20220218,20220218,112120000,11:21:21,178150,183399,121151,32384140000,0,0,0
ni2203,20220218,20220218,112120500,11:21:22,178150,183399,121151,32384140000,0,0,0
ni2203,20220218,20220218,112121000,11:21:22,178110,183402,121150,32384674370,3,-1,534370
ni2203,20220218,20220218,112121500,11:21:22,178110,183403,121149,32384852480,1,-1,178110
ni2203,20220218,20220218,112122000,11:21:22,178070,183404,121148,32385030550,1,-1,178070
ni2203,20220218,20220218,112122500,11:21:23,178080,183407,121151,32385564790,3,3,534240
ni2203,20220218,20220218,112123000,11:21:23,178080,183407,121151,32385564790,0,0,0
ni2203,20220218,20220218,112123500,11:21:23,178080,183407,121151,32385564790,0,0,0
ni2203,20220218,20220218,112124000,11:21:24,178080,183407,121151,32385564790,0,0,0
ni2203,20220218,20220218,112124500,11:21:25,178080,183407,121151,32385564790,0,0,0
ni2203,20220218,20220218,112125000,11:23:32,178080,183407,121151,32385564790,0,0,0
ni2203,20220218,20220218,112125500,11:23:32,178080,183407,121151,32385564790,0,0,0
ni2203,20220218,20220218,112126000,11:23:33,178090,183408,121151,32385742880,1,0,178090
ni2203,20220218,20220218,112332500,11:23:33,178090,183765,121123,32449343870,357,-28,63600990
ni2203,20220218,20220218,112333000,11:23:33,178090,183765,121123,32449343870,0,0,0
ni2203,20220218,20220218,112333500,11:23:33,178090,183765,121123,32449343870,0,0,0
ni2203,20220218,20220218,112334000,11:23:34,178090,183766,121123,32449521960,1,0,178090
ni2203,20220218,20220218,112334500,11:23:34,178090,183766,121123,32449521960,0,0,0
ni2203,20220218,20220218,112335000,11:23:35,178090,183766,121123,32449521960,0,0,0
ni2203,20220218,20220218,112335500,11:23:35,178080,183767,121122,32449700040,1,-1,178080
ni2203,20220218,20220218,112336000,11:23:36,178080,183767,121122,32449700040,0,0,0
ni2203,20220218,20220218,112336500,11:23:38,178080,183767,121122,32449700040,0,0,0
ni2203,20220218,20220218,112337000,11:23:38,178080,183767,121122,32449700040,0,0,0
ni2203,20220218,20220218,112337500,11:23:38,178080,183767,121122,32449700040,0,0,0
ni2203,20220218,20220218,112338000,11:23:38,178080,183767,121122,32449700040,0,0,0
ni2203,20220218,20220218,112338500,11:23:38,178080,183767,121122,32449700040,0,0,0
ni2203,20220218,20220218,112339000,11:23:39,178080,183767,121122,32449700040,0,0,0
ni2203,20220218,20220218,112339500,11:23:39,178080,183767,121122,32449700040,0,0,0
ni2203,20220218,20220218,112340000,11:23:40,178080,183767,121122,32449700040,0,0,0
ni2203,20220218,20220218,112340500,11:23:40,178080,183767,121122,32449700040,0,0,0
ni2203,20220218,20220218,112341000,11:23:41,178080,183767,121122,32449700040,0,0,0
ni2203,20220218,20220218,112341500,11:23:42,178080,183767,121122,32449700040,0,0,0
ni2203,20220218,20220218,112342000,11:23:42,178080,183767,121122,32449700040,0,0,0
ni2203,20220218,20220218,112342500,11:23:42,178080,183767,121122,32449700040,0,0,0
ni2203,20220218,20220218,112343000,11:23:43,178110,183768,121123,32449878150,1,1,178110
ni2203,20220218,20220218,112343500,11:23:43,178110,183768,121123,32449878150,0,0,0
ni2203,20220218,20220218,112344000,11:23:46,178130,183770,121125,32450234410,2,2,356260
ni2203,20220218,20220218,112344500,11:23:48,178140,183772,121126,32450590690,2,1,356280
ni2203,20220218,20220218,112345000,11:23:48,178140,183773,121127,32450768830,1,1,178140
ni2203,20220218,20220218,112345500,11:23:48,178150,183774,121128,32450946980,1,1,178150
ni2203,20220218,20220218,112348000,11:23:48,178150,183779,121130,32451837770,5,2,890790
ni2203,20220218,20220218,112348500,11:23:49,178160,183780,121130,32452015930,1,0,178160
ni2203,20220218,20220218,112349000,11:23:49,178160,183780,121130,32452015930,0,0,0
ni2203,20220218,20220218,112349500,11:23:50,178160,183780,121130,32452015930,0,0,0
ni2203,20220218,20220218,112350000,11:23:50,178160,183780,121130,32452015930,0,0,0
ni2203,20220218,20220218,112350500,11:23:50,178160,183780,121130,32452015930,0,0,0
ni2203,20220218,20220218,112351000,11:23:51,178140,183781,121130,32452194070,1,0,178140
ni2203,20220218,20220218,112351500,11:23:51,178170,183789,121122,32453619430,8,-8,1425360
ni2203,20220218,20220218,112352000,11:23:52,178150,183790,121123,32453797580,1,1,178150
ni2203,20220218,20220218,112352500,11:23:52,178150,183790,121123,32453797580,0,0,0
ni2203,20220218,20220218,112353000,11:23:53,178150,183790,121123,32453797580,0,0,0
ni2203,20220218,20220218,112353500,11:23:53,178150,183790,121123,32453797580,0,0,0
ni2203,20220218,20220218,112354000,11:23:54,178150,183790,121123,32453797580,0,0,0
ni2203,20220218,20220218,112354500,11:23:55,178130,183794,121126,32454510120,4,3,712540
ni2203,20220218,20220218,112355000,11:23:55,178130,183794,121126,32454510120,0,0,0
ni2203,20220218,20220218,112355500,11:23:55,178130,183794,121126,32454510120,0,0,0
ni2203,20220218,20220218,112356000,11:23:56,178120,183795,121127,32454688240,1,1,178120
ni2203,20220218,20220218,112356500,11:23:56,178110,183796,121128,32454866350,1,1,178110
ni2203,20220218,20220218,112357000,11:23:57,178120,183800,121128,32455578830,4,0,712480
ni2203,20220218,20220218,112357500,11:23:57,178110,183801,121128,32455756940,1,0,178110
ni2203,20220218,20220218,112358000,11:23:58,178110,183802,121129,32455935050,1,1,178110
ni2203,20220218,20220218,112358500,11:23:58,178130,183803,121129,32456113180,1,0,178130
ni2203,20220218,20220218,112359000,11:23:59,178130,183803,121129,32456113180,0,0,0
ni2203,20220218,20220218,112359500,11:23:59,178130,183803,121129,32456113180,0,0,0
ni2203,20220218,20220218,112400000,11:24:00,178130,183804,121129,32456291310,1,0,178130
ni2203,20220218,20220218,112400500,11:24:00,178130,183804,121129,32456291310,0,0,0
ni2203,20220218,20220218,112401000,11:24:01,178140,183806,121131,32456647590,2,2,356280
ni2203,20220218,20220218,112401500,11:24:01,178140,183806,121131,32456647590,0,0,0
ni2203,20220218,20220218,112402000,11:24:02,178140,183806,121131,32456647590,0,0,0
ni2203,20220218,20220218,112402500,11:24:02,178130,183807,121131,32456825720,1,0,178130
ni2203,20220218,20220218,112403000,11:24:03,178130,183807,121131,32456825720,0,0,0
ni2203,20220218,20220218,112403500,11:24:04,178130,183807,121131,32456825720,0,0,0
ni2203,20220218,20220218,112404000,11:24:04,178120,183810,121131,32457360080,3,0,534360
ni2203,20220218,20220218,112404500,11:24:04,178120,183817,121129,32458606920,7,-2,1246840
ni2203,20220218,20220218,112405000,11:24:05,178120,183817,121129,32458606920,0,0,0
ni2203,20220218,20220218,112405500,11:24:05,178120,183819,121129,32458963160,2,0,356240
ni2203,20220218,20220218,112406000,11:24:06,178110,183822,121132,32459497490,3,3,534330
ni2203,20220218,20220218,112406500,11:24:06,178110,183823,121133,32459675600,1,1,178110
ni2203,20220218,20220218,112407000,11:24:07,178110,183823,121133,32459675600,0,0,0
ni2203,20220218,20220218,112407500,11:24:08,178110,183823,121133,32459675600,0,0,0
ni2203,20220218,20220218,112408000,11:24:08,178110,183823,121133,32459675600,0,0,0
ni2203,20220218,20220218,112408500,11:24:08,178120,183826,121133,32460209950,3,0,534350
ni2203,20220218,20220218,112409000,11:24:11,178120,183828,121135,32460566190,2,2,356240
ni2203,20220218,20220218,112409500,11:24:12,178120,183830,121137,32460922430,2,2,356240
ni2203,20220218,20220218,112410000,11:24:12,178120,183830,121137,32460922430,0,0,0
ni2203,20220218,20220218,112410500,11:24:12,178110,183834,121141,32461634870,4,4,712440
ni2203,20220218,20220218,112411500,11:24:12,178060,183859,121157,32466087210,25,16,4452340
ni2203,20220218,20220218,112412000,11:24:12,178060,183859,121157,32466087210,0,0,0
ni2203,20220218,20220218,112412500,11:24:13,178060,183861,121157,32466443340,2,0,356130
ni2203,20220218,20220218,112413000,11:24:14,178060,183861,121157,32466443340,0,0,0
ni2203,20220218,20220218,112413500,11:24:14,178060,183861,121157,32466443340,0,0,0
ni2203,20220218,20220218,112414000,11:24:14,178080,183863,121159,32466799500,2,2,356160
ni2203,20220218,20220218,112414500,11:24:15,178120,183864,121159,32466977620,1,0,178120
ni2203,20220218,20220218,112415000,11:24:15,178120,183865,121158,32467155740,1,-1,178120
ni2203,20220218,20220218,112415500,11:24:15,178050,183868,121159,32467689920,3,1,534180
ni2203,20220218,20220218,112416000,11:24:16,178050,183869,121160,32467867970,1,1,178050
ni2203,20220218,20220218,112416500,11:24:17,178050,183870,121159,32468046020,1,-1,178050
ni2203,20220218,20220218,112417000,11:24:17,178050,183870,121159,32468046020,0,0,0
ni2203,20220218,20220218,112417500,11:24:18,178050,183870,121159,32468046020,0,0,0
ni2203,20220218,20220218,112418000,11:24:18,178050,183870,121159,32468046020,0,0,0
ni2203,20220218,20220218,112418500,11:24:19,178050,183870,121159,32468046020,0,0,0
ni2203,20220218,20220218,112419000,11:24:19,178080,183872,121158,32468402190,2,-1,356170
ni2203,20220218,20220218,112419500,11:24:20,178090,183876,121160,32469114550,4,2,712360
ni2203,20220218,20220218,112420000,11:24:20,178070,183880,121160,32469826870,4,0,712320
ni2203,20220218,20220218,112420500,11:24:21,178070,183880,121160,32469826870,0,0,0
ni2203,20220218,20220218,112421000,11:24:21,178070,183880,121160,32469826870,0,0,0
ni2203,20220218,20220218,112421500,11:24:22,178070,183880,121160,32469826870,0,0,0
ni2203,20220218,20220218,112422000,11:24:22,178070,183880,121160,32469826870,0,0,0
ni2203,20220218,20220218,112422500,11:24:23,178070,183880,121160,32469826870,0,0,0
ni2203,20220218,20220218,112423000,11:24:23,178070,183880,121160,32469826870,0,0,0
ni2203,20220218,20220218,112423500,11:24:23,178110,183881,121159,32470004980,1,-1,178110
ni2203,20220218,20220218,112424000,11:24:24,178110,183881,121159,32470004980,0,0,0
ni2203,20220218,20220218,112424500,11:24:24,178110,183881,121159,32470004980,0,0,0
ni2203,20220218,20220218,112425000,11:24:25,178110,183881,121159,32470004980,0,0,0
ni2203,20220218,20220218,112425500,11:24:25,178110,183881,121159,32470004980,0,0,0
ni2203,20220218,20220218,112426000,11:24:26,178110,183881,121159,32470004980,0,0,0
ni2203,20220218,20220218,112426500,11:24:26,178110,183881,121159,32470004980,0,0,0
ni2203,20220218,20220218,112427000,11:24:27,178110,183881,121159,32470004980,0,0,0
ni2203,20220218,20220218,112427500,11:24:28,178110,183881,121159,32470004980,0,0,0
ni2203,20220218,20220218,112428000,11:24:28,178110,183881,121159,32470004980,0,0,0
ni2203,20220218,20220218,112428500,11:24:28,178110,183881,121159,32470004980,0,0,0
ni2203,20220218,20220218,112429000,11:24:29,178110,183881,121159,32470004980,0,0,0
ni2203,20220218,20220218,112429500,11:24:29,178110,183881,121159,32470004980,0,0,0
ni2203,20220218,20220218,112430000,11:24:30,178110,183881,121159,32470004980,0,0,0
ni2203,20220218,20220218,112430500,11:24:30,178120,183882,121159,32470183100,1,0,178120
ni2203,20220218,20220218,112431000,11:24:31,178120,183882,121159,32470183100,0,0,0
ni2203,20220218,20220218,112431500,11:24:31,178130,183883,121159,32470361230,1,0,178130
ni2203,20220218,20220218,112432000,11:24:32,178130,183883,121159,32470361230,0,0,0
ni2203,20220218,20220218,112432500,11:24:32,178150,183884,121160,32470539380,1,1,178150
ni2203,20220218,20220218,112433000,11:24:33,178140,183885,121161,32470717520,1,1,178140
ni2203,20220218,20220218,112433500,11:24:33,178140,183887,121160,32471073800,2,-1,356280
ni2203,20220218,20220218,112434000,11:24:34,178130,183888,121161,32471251930,1,1,178130
ni2203,20220218,20220218,112434500,11:24:34,178120,183891,121162,32471786290,3,1,534360
ni2203,20220218,20220218,112435000,11:24:35,178120,183891,121162,32471786290,0,0,0
ni2203,20220218,20220218,112435500,11:24:35,178120,183891,121162,32471786290,0,0,0
ni2203,20220218,20220218,112436000,11:24:36,178120,183891,121162,32471786290,0,0,0
ni2203,20220218,20220218,112436500,11:24:36,178120,183891,121162,32471786290,0,0,0
ni2203,20220218,20220218,112437000,11:24:37,178130,183892,121162,32471964420,1,0,178130
ni2203,20220218,20220218,112437500,11:24:38,178130,183892,121162,32471964420,0,0,0
ni2203,20220218,20220218,112438000,11:24:39,178130,183892,121162,32471964420,0,0,0
ni2203,20220218,20220218,112438500,11:24:39,178130,183892,121162,32471964420,0,0,0
ni2203,20220218,20220218,112439000,11:24:40,178130,183892,121162,32471964420,0,0,0
ni2203,20220218,20220218,112439500,11:24:40,178060,183902,121159,32473745230,10,-3,1780810
ni2203,20220218,20220218,112440000,11:24:40,178060,183916,121154,32476238070,14,-5,2492840
ni2203,20220218,20220218,112440500,11:24:40,178110,183918,121153,32476594250,2,-1,356180
ni2203,20220218,20220218,112441000,11:24:41,178110,183918,121153,32476594250,0,0,0
ni2203,20220218,20220218,112441500,11:24:41,178110,183918,121153,32476594250,0,0,0
ni2203,20220218,20220218,112442000,11:24:42,178110,183918,121153,32476594250,0,0,0
ni2203,20220218,20220218,112442500,11:24:42,178110,183918,121153,32476594250,0,0,0
ni2203,20220218,20220218,112443000,11:24:43,178110,183918,121153,32476594250,0,0,0
ni2203,20220218,20220218,112443500,11:24:43,178070,183920,121154,32476950410,2,1,356160
ni2203,20220218,20220218,112444000,11:24:44,178070,183921,121154,32477128480,1,0,178070
ni2203,20220218,20220218,112444500,11:24:44,178070,183921,121154,32477128480,0,0,0
ni2203,20220218,20220218,112445000,11:24:45,178070,183921,121154,32477128480,0,0,0
ni2203,20220218,20220218,112445500,11:24:45,178100,183922,121154,32477306580,1,0,178100
ni2203,20220218,20220218,112446000,11:24:46,178100,183922,121154,32477306580,0,0,0
ni2203,20220218,20220218,112446500,11:24:46,178110,183923,121154,32477484690,1,0,178110
ni2203,20220218,20220218,112447000,11:24:47,178110,183923,121154,32477484690,0,0,0
ni2203,20220218,20220218,112447500,11:24:47,178110,183923,121154,32477484690,0,0,0
ni2203,20220218,20220218,112448000,11:24:48,178110,183923,121154,32477484690,0,0,0
ni2203,20220218,20220218,112448500,11:24:49,178110,183923,121154,32477484690,0,0,0
ni2203,20220218,20220218,112449000,11:24:49,178110,183923,121154,32477484690,0,0,0
ni2203,20220218,20220218,112449500,11:24:49,178100,183924,121154,32477662790,1,0,178100
ni2203,20220218,20220218,112450000,11:24:50,178100,183925,121154,32477840890,1,0,178100
ni2203,20220218,20220218,112450500,11:24:50,178100,183927,121153,32478197090,2,-1,356200
ni2203,20220218,20220218,112451000,11:24:51,178100,183927,121153,32478197090,0,0,0
ni2203,20220218,20220218,112451500,11:24:52,178100,183927,121153,32478197090,0,0,0
ni2203,20220218,20220218,112452000,11:24:52,178100,183927,121153,32478197090,0,0,0
ni2203,20220218,20220218,112452500,11:24:52,178100,183927,121153,32478197090,0,0,0
ni2203,20220218,20220218,112453000,11:24:53,178150,183928,121153,32478375240,1,0,178150
ni2203,20220218,20220218,112453500,11:24:53,178150,183928,121153,32478375240,0,0,0
ni2203,20220218,20220218,112454000,11:24:54,178120,183929,121153,32478553360,1,0,178120
ni2203,20220218,20220218,112454500,11:24:54,178120,183929,121153,32478553360,0,0,0
ni2203,20220218,20220218,112455000,11:24:55,178120,183929,121153,32478553360,0,0,0
ni2203,20220218,20220218,112455500,11:24:56,178130,183931,121151,32478909600,2,-2,356240
ni2203,20220218,20220218,112456000,11:24:56,178140,183936,121150,32479800300,5,-1,890700
ni2203,20220218,20220218,112456500,11:24:56,178130,183938,121150,32480156560,2,0,356260
ni2203,20220218,20220218,112457000,11:24:57,178110,183939,121150,32480334670,1,0,178110
ni2203,20220218,20220218,112457500,11:24:57,178110,183939,121150,32480334670,0,0,0
ni2203,20220218,20220218,112458000,11:24:58,178110,183939,121150,32480334670,0,0,0
ni2203,20220218,20220218,112458500,11:24:58,178110,183939,121150,32480334670,0,0,0
ni2203,20220218,20220218,112459000,11:24:59,178110,183939,121150,32480334670,0,0,0
ni2203,20220218,20220218,112459500,11:24:59,178110,183939,121150,32480334670,0,0,0
ni2203,20220218,20220218,112500000,11:25:00,178160,183944,121150,32481225450,5,0,890780
ni2203,20220218,20220218,112500500,11:25:01,178160,183944,121150,32481225450,0,0,0
ni2203,20220218,20220218,112501000,11:25:02,178160,183944,121150,32481225450,0,0,0
ni2203,20220218,20220218,112501500,11:25:05,178160,183944,121150,32481225450,0,0,0
ni2203,20220218,20220218,112502000,11:25:05,178160,183944,121150,32481225450,0,0,0
ni2203,20220218,20220218,112502500,11:25:06,178160,183944,121150,32481225450,0,0,0
ni2203,20220218,20220218,112504500,11:25:06,178160,183944,121150,32481225450,0,0,0
ni2203,20220218,20220218,112505500,11:25:06,178160,183944,121150,32481225450,0,0,0
ni2203,20220218,20220218,112506000,11:25:06,178160,183944,121150,32481225450,0,0,0
ni2203,20220218,20220218,112506500,11:25:07,178160,183944,121150,32481225450,0,0,0
ni2203,20220218,20220218,112507000,11:25:07,178160,183944,121150,32481225450,0,0,0
ni2203,20220218,20220218,112507500,11:25:07,178160,183944,121150,32481225450,0,0,0
ni2203,20220218,20220218,112508000,11:25:08,178160,183944,121150,32481225450,0,0,0
ni2203,20220218,20220218,112508500,11:25:08,178160,183944,121150,32481225450,0,0,0
ni2203,20220218,20220218,112509000,11:25:09,178110,183946,121150,32481581690,2,0,356240
ni2203,20220218,20220218,112509500,11:25:09,178110,183946,121150,32481581690,0,0,0
ni2203,20220218,20220218,112510000,11:25:10,178110,183946,121150,32481581690,0,0,0
ni2203,20220218,20220218,112510500,11:25:10,178110,183946,121150,32481581690,0,0,0
ni2203,20220218,20220218,112511000,11:25:11,178160,183960,121147,32484075930,14,-3,2494240
ni2203,20220218,20220218,112511500,11:25:11,178150,183965,121147,32484966720,5,0,890790
ni2203,20220218,20220218,112512000,11:25:12,178160,183978,121137,32487282790,13,-10,2316070
ni2203,20220218,20220218,112512500,11:25:12,178170,184051,121088,32500289160,73,-49,13006370
ni2203,20220218,20220218,112513000,11:25:13,178170,184051,121088,32500289160,0,0,0
ni2203,20220218,20220218,112513500,11:25:15,178170,184051,121088,32500289160,0,0,0
ni2203,20220218,20220218,112514000,11:25:15,178180,184052,121088,32500467340,1,0,178180
ni2203,20220218,20220218,112514500,11:25:15,178180,184052,121088,32500467340,0,0,0
ni2203,20220218,20220218,112515000,11:25:16,178180,184052,121088,32500467340,0,0,0
ni2203,20220218,20220218,112515500,11:25:16,178180,184053,121088,32500645520,1,0,178180
ni2203,20220218,20220218,112516000,11:25:16,178180,184053,121088,32500645520,0,0,0
ni2203,20220218,20220218,112516500,11:25:16,178200,184064,121081,32502605720,11,-7,1960200
ni2203,20220218,20220218,112517000,11:25:18,178200,184070,121082,32503674970,6,1,1069250
ni2203,20220218,20220218,112517500,11:25:18,178160,184077,121082,32504922210,7,0,1247240
ni2203,20220218,20220218,112518000,11:25:18,178200,184079,121082,32505278610,2,0,356400
ni2203,20220218,20220218,112518500,11:25:19,178120,184083,121080,32505991270,4,-2,712660
ni2203,20220218,20220218,112519000,11:25:19,178120,184083,121080,32505991270,0,0,0
ni2203,20220218,20220218,112519500,11:25:19,178120,184083,121080,32505991270,0,0,0
ni2203,20220218,20220218,112520000,11:25:21,178120,184083,121080,32505991270,0,0,0
ni2203,20220218,20220218,112520500,11:25:21,178120,184083,121080,32505991270,0,0,0
ni2203,20220218,20220218,112521000,11:25:22,178130,184084,121081,32506169400,1,1,178130
ni2203,20220218,20220218,112521500,11:25:22,178160,184087,121079,32506703880,3,-2,534480
ni2203,20220218,20220218,112522000,11:25:22,178160,184087,121079,32506703880,0,0,0
ni2203,20220218,20220218,112522500,11:25:23,178120,184089,121077,32507060120,2,-2,356240
ni2203,20220218,20220218,112523000,11:25:23,178110,184091,121078,32507416340,2,1,356220
ni2203,20220218,20220218,112523500,11:25:24,178110,184091,121078,32507416340,0,0,0
ni2203,20220218,20220218,112524000,11:25:25,178050,184099,121071,32508840760,8,-7,1424420
ni2203,20220218,20220218,112524500,11:25:25,178040,184101,121073,32509196840,2,2,356080
ni2203,20220218,20220218,112525000,11:25:25,178040,184103,121075,32509552920,2,2,356080
ni2203,20220218,20220218,112525500,11:25:26,178040,184104,121075,32509730960,1,0,178040
ni2203,20220218,20220218,112526000,11:25:26,178040,184111,121079,32510977280,7,4,1246320
ni2203,20220218,20220218,112526500,11:25:27,178050,184117,121082,32512045540,6,3,1068260
ni2203,20220218,20220218,112527000,11:25:28,178050,184119,121082,32512401640,2,0,356100
ni2203,20220218,20220218,112527500,11:25:28,178050,184121,121080,32512757740,2,-2,356100
ni2203,20220218,20220218,112528000,11:25:28,178040,184125,121080,32513469920,4,0,712180
ni2203,20220218,20220218,112528500,11:25:28,178030,184140,121082,32516140510,15,2,2670590
ni2203,20220218,20220218,112529000,11:25:29,178030,184144,121082,32516852620,4,0,712110
ni2203,20220218,20220218,112529500,11:25:30,178050,184146,121080,32517208710,2,-2,356090
ni2203,20220218,20220218,112530000,11:25:31,178010,184149,121078,32517742750,3,-2,534040
ni2203,20220218,20220218,112530500,11:25:31,178010,184151,121077,32518098770,2,-1,356020
ni2203,20220218,20220218,112531000,11:25:31,178020,184153,121077,32518454810,2,0,356040
ni2203,20220218,20220218,112531500,11:25:32,178020,184154,121077,32518632830,1,0,178020
ni2203,20220218,20220218,112532000,11:25:32,178020,184154,121077,32518632830,0,0,0
ni2203,20220218,20220218,112532500,11:25:33,178010,184155,121078,32518810840,1,1,178010
ni2203,20220218,20220218,112533000,11:25:33,178010,184155,121078,32518810840,0,0,0
ni2203,20220218,20220218,112533500,11:25:33,178010,184155,121078,32518810840,0,0,0
ni2203,20220218,20220218,112534000,11:25:34,178010,184155,121078,32518810840,0,0,0
ni2203,20220218,20220218,112534500,11:25:35,178040,184158,121078,32519344970,3,0,534130
ni2203,20220218,20220218,112535000,11:25:36,178060,184160,121079,32519701090,2,1,356120
ni2203,20220218,20220218,112535500,11:25:37,178030,184163,121077,32520235220,3,-2,534130
ni2203,20220218,20220218,112536000,11:25:37,178040,184165,121077,32520591310,2,0,356090
ni2203,20220218,20220218,112536500,11:25:37,178030,184169,121078,32521303520,4,1,712210
ni2203,20220218,20220218,112537000,11:25:38,178020,184171,121079,32521659570,2,1,356050
ni2203,20220218,20220218,112537500,11:25:38,178020,184173,121080,32522015610,2,1,356040
ni2203,20220218,20220218,112538000,11:25:38,178000,184175,121082,32522371610,2,2,356000
ni2203,20220218,20220218,112538500,11:25:39,177990,184178,121082,32522905570,3,0,533960
ni2203,20220218,20220218,112539000,11:25:39,177990,184196,121082,32526109230,18,0,3203660
ni2203,20220218,20220218,112539500,11:25:40,177980,184213,121088,32529134910,17,6,3025680
ni2203,20220218,20220218,112540000,11:25:40,177980,184215,121088,32529490870,2,0,355960
ni2203,20220218,20220218,112540500,11:25:41,177950,184217,121087,32529846810,2,-1,355940
ni2203,20220218,20220218,112541000,11:25:41,177990,184222,121087,32530736800,5,0,889990
ni2203,20220218,20220218,112541500,11:25:41,178030,184263,121085,32538034030,41,-2,7297230
ni2203,20220218,20220218,112542000,11:25:42,177960,184269,121085,32539102100,6,0,1068070
ni2203,20220218,20220218,112542500,11:25:43,177960,184271,121087,32539458020,2,2,355920
ni2203,20220218,20220218,112543000,11:25:43,177960,184275,121089,32540169890,4,2,711870
ni2203,20220218,20220218,112543500,11:25:43,177990,184278,121090,32540703800,3,1,533910
ni2203,20220218,20220218,112544000,11:25:44,177990,184284,121091,32541771740,6,1,1067940
ni2203,20220218,20220218,112544500,11:25:44,177990,184291,121092,32543017630,7,1,1245890
ni2203,20220218,20220218,112545000,11:25:45,178000,184293,121094,32543373630,2,2,356000
ni2203,20220218,20220218,112545500,11:25:46,178000,184293,121094,32543373630,0,0,0
ni2203,20220218,20220218,112546000,11:25:47,177990,184294,121094,32543551620,1,0,177990
ni2203,20220218,20220218,112546500,11:25:48,177990,184294,121094,32543551620,0,0,0
ni2203,20220218,20220218,112547000,11:25:48,178010,184295,121094,32543729630,1,0,178010
ni2203,20220218,20220218,112547500,11:25:48,178020,184297,121096,32544085670,2,2,356040
ni2203,20220218,20220218,112548000,11:25:48,178020,184298,121097,32544263690,1,1,178020
ni2203,20220218,20220218,112548500,11:25:48,178020,184300,121097,32544619730,2,0,356040
ni2203,20220218,20220218,112549000,11:25:49,178020,184301,121097,32544797750,1,0,178020
ni2203,20220218,20220218,112549500,11:25:49,178020,184301,121097,32544797750,0,0,0
ni2203,20220218,20220218,112550000,11:25:50,178020,184301,121097,32544797750,0,0,0
ni2203,20220218,20220218,112550500,11:25:51,178020,184301,121097,32544797750,0,0,0
ni2203,20220218,20220218,112551000,11:25:51,178020,184301,121097,32544797750,0,0,0
ni2203,20220218,20220218,112551500,11:25:51,178020,184301,121097,32544797750,0,0,0
ni2203,20220218,20220218,112552000,11:25:52,178020,184301,121097,32544797750,0,0,0
ni2203,20220218,20220218,112552500,11:25:52,178020,184301,121097,32544797750,0,0,0
ni2203,20220218,20220218,112553000,11:25:53,178020,184301,121097,32544797750,0,0,0
ni2203,20220218,20220218,112553500,11:25:54,178020,184301,121097,32544797750,0,0,0
ni2203,20220218,20220218,112554000,11:25:54,178030,184302,121097,32544975780,1,0,178030
ni2203,20220218,20220218,112554500,11:25:55,178030,184303,121097,32545153810,1,0,178030
ni2203,20220218,20220218,112555000,11:25:55,178020,184304,121097,32545331830,1,0,178020
ni2203,20220218,20220218,112555500,11:25:56,178020,184304,121097,32545331830,0,0,0
ni2203,20220218,20220218,112556000,11:25:57,178020,184304,121097,32545331830,0,0,0
ni2203,20220218,20220218,112556500,11:25:57,178020,184304,121097,32545331830,0,0,0
ni2203,20220218,20220218,112557000,11:25:57,178020,184307,121096,32545865890,3,-1,534060
ni2203,20220218,20220218,112557500,11:25:57,178040,184308,121096,32546043930,1,0,178040
ni2203,20220218,20220218,112558000,11:25:59,178040,184308,121096,32546043930,0,0,0
ni2203,20220218,20220218,112558500,11:25:59,178040,184308,121096,32546043930,0,0,0
ni2203,20220218,20220218,112559000,11:26:00,178030,184309,121097,32546221960,1,1,178030
ni2203,20220218,20220218,112559500,11:26:00,178050,184322,121097,32548536570,13,0,2314610
ni2203,20220218,20220218,112600000,11:26:00,178060,184327,121101,32549426910,5,4,890340
ni2203,20220218,20220218,112600500,11:26:01,178060,184328,121101,32549604970,1,0,178060
ni2203,20220218,20220218,112601000,11:26:01,178060,184328,121101,32549604970,0,0,0
ni2203,20220218,20220218,112601500,11:26:03,178060,184328,121101,32549604970,0,0,0
ni2203,20220218,20220218,112602000,11:26:03,178080,184331,121098,32550139160,3,-3,534190
ni2203,20220218,20220218,112602500,11:26:03,178080,184332,121098,32550317240,1,0,178080
ni2203,20220218,20220218,112603000,11:26:03,178050,184333,121099,32550495290,1,1,178050
ni2203,20220218,20220218,112603500,11:26:04,178080,184335,121098,32550851440,2,-1,356150
ni2203,20220218,20220218,112604000,11:26:05,178060,184336,121098,32551029500,1,0,178060
ni2203,20220218,20220218,112604500,11:26:05,178060,184336,121098,32551029500,0,0,0
ni2203,20220218,20220218,112605000,11:26:05,178060,184336,121098,32551029500,0,0,0
ni2203,20220218,20220218,112605500,11:26:06,178050,184338,121097,32551385600,2,-1,356100
ni2203,20220218,20220218,112606000,11:26:06,178050,184338,121097,32551385600,0,0,0
ni2203,20220218,20220218,112606500,11:26:09,178050,184338,121097,32551385600,0,0,0
ni2203,20220218,20220218,112607000,11:26:09,178050,184338,121097,32551385600,0,0,0
ni2203,20220218,20220218,112607500,11:26:09,178080,184339,121096,32551563680,1,-1,178080
ni2203,20220218,20220218,112608000,11:26:09,178080,184339,121096,32551563680,0,0,0
ni2203,20220218,20220218,112609000,11:26:10,178030,184341,121096,32551919750,2,0,356070
ni2203,20220218,20220218,112609500,11:26:10,178030,184341,121096,32551919750,0,0,0
ni2203,20220218,20220218,112610000,11:26:10,178030,184341,121096,32551919750,0,0,0
ni2203,20220218,20220218,112610500,11:26:11,178030,184341,121096,32551919750,0,0,0
ni2203,20220218,20220218,112611000,11:26:11,178030,184341,121096,32551919750,0,0,0
ni2203,20220218,20220218,112611500,11:26:13,178030,184341,121096,32551919750,0,0,0
ni2203,20220218,20220218,112612000,11:26:14,178030,184341,121096,32551919750,0,0,0
ni2203,20220218,20220218,112612500,11:26:14,178040,184342,121096,32552097790,1,0,178040
ni2203,20220218,20220218,112613000,11:26:15,178060,184344,121094,32552453910,2,-2,356120
ni2203,20220218,20220218,112613500,11:26:15,178060,184344,121094,32552453910,0,0,0
ni2203,20220218,20220218,112614000,11:26:15,178060,184344,121094,32552453910,0,0,0
ni2203,20220218,20220218,112614500,11:26:15,178060,184344,121094,32552453910,0,0,0
ni2203,20220218,20220218,112615000,11:26:16,178060,184344,121094,32552453910,0,0,0
ni2203,20220218,20220218,112615500,11:26:16,178060,184344,121094,32552453910,0,0,0
ni2203,20220218,20220218,112616000,11:26:16,178060,184344,121094,32552453910,0,0,0
ni2203,20220218,20220218,112616500,11:26:17,178060,184344,121094,32552453910,0,0,0
ni2203,20220218,20220218,112617000,11:26:17,178070,184345,121093,32552631980,1,-1,178070
ni2203,20220218,20220218,112617500,11:26:17,178040,184348,121090,32553166120,3,-3,534140
ni2203,20220218,20220218,112618000,11:26:18,178040,184348,121090,32553166120,0,0,0
ni2203,20220218,20220218,112618500,11:26:19,178040,184348,121090,32553166120,0,0,0
ni2203,20220218,20220218,112619000,11:26:19,178040,184348,121090,32553166120,0,0,0
ni2203,20220218,20220218,112619500,11:26:20,178040,184349,121089,32553344160,1,-1,178040
ni2203,20220218,20220218,112620000,11:26:20,178030,184350,121090,32553522190,1,1,178030
ni2203,20220218,20220218,112620500,11:26:20,178030,184351,121091,32553700220,1,1,178030
ni2203,20220218,20220218,112621000,11:26:21,178030,184351,121091,32553700220,0,0,0
ni2203,20220218,20220218,112621500,11:26:21,178030,184351,121091,32553700220,0,0,0
ni2203,20220218,20220218,112622000,11:26:22,178030,184351,121091,32553700220,0,0,0
ni2203,20220218,20220218,112622500,11:26:22,178030,184351,121091,32553700220,0,0,0
ni2203,20220218,20220218,112623000,11:26:23,178040,184366,121085,32556370820,15,-6,2670600
ni2203,20220218,20220218,112623500,11:26:23,178040,184371,121088,32557261080,5,3,890260
ni2203,20220218,20220218,112624000,11:26:24,178040,184373,121087,32557617160,2,-1,356080
ni2203,20220218,20220218,112624500,11:26:24,178040,184376,121086,32558151280,3,-1,534120
ni2203,20220218,20220218,112625000,11:26:25,178040,184376,121086,32558151280,0,0,0
ni2203,20220218,20220218,112625500,11:26:26,178040,184376,121086,32558151280,0,0,0
ni2203,20220218,20220218,112626000,11:26:26,178040,184376,121086,32558151280,0,0,0
ni2203,20220218,20220218,112626500,11:26:26,178040,184382,121080,32559219520,6,-6,1068240
ni2203,20220218,20220218,112627000,11:26:27,178040,184388,121079,32560287750,6,-1,1068230
ni2203,20220218,20220218,112627500,11:26:27,178040,184392,121081,32560999850,4,2,712100
ni2203,20220218,20220218,112628000,11:26:28,178040,184392,121081,32560999850,0,0,0
ni2203,20220218,20220218,112628500,11:26:28,178040,184392,121081,32560999850,0,0,0
ni2203,20220218,20220218,112629000,11:26:29,178020,184393,121081,32561177870,1,0,178020
ni2203,20220218,20220218,112629500,11:26:31,178020,184393,121081,32561177870,0,0,0
ni2203,20220218,20220218,112630000,11:26:31,178020,184396,121080,32561711970,3,-1,534100
ni2203,20220218,20220218,112630500,11:26:31,178020,184396,121080,32561711970,0,0,0
ni2203,20220218,20220218,112631000,11:26:31,178020,184396,121080,32561711970,0,0,0
ni2203,20220218,20220218,112631500,11:26:32,178020,184396,121080,32561711970,0,0,0
ni2203,20220218,20220218,112632000,11:26:32,178020,184396,121080,32561711970,0,0,0
ni2203,20220218,20220218,112632500,11:26:32,178020,184397,121081,32561889990,1,1,178020
ni2203,20220218,20220218,112633000,11:26:33,178020,184397,121081,32561889990,0,0,0
ni2203,20220218,20220218,112633500,11:26:34,178040,184399,121081,32562246070,2,0,356080
ni2203,20220218,20220218,112634000,11:26:37,178020,184410,121084,32564204470,11,3,1958400
ni2203,20220218,20220218,112634500,11:26:37,178020,184410,121084,32564204470,0,0,0
ni2203,20220218,20220218,112635000,11:26:37,178020,184410,121084,32564204470,0,0,0
ni2203,20220218,20220218,112635500,11:26:38,178020,184410,121084,32564204470,0,0,0
ni2203,20220218,20220218,112637000,11:26:54,178020,184410,121084,32564204470,0,0,0
ni2203,20220218,20220218,112637500,11:27:10,178020,184410,121084,32564204470,0,0,0
ni2203,20220218,20220218,112638000,11:27:10,178020,184410,121084,32564204470,0,0,0
ni2203,20220218,20220218,112653500,11:27:11,178020,184410,121084,32564204470,0,0,0
ni2203,20220218,20220218,112710000,11:27:12,178020,184410,121084,32564204470,0,0,0
ni2203,20220218,20220218,112712000,11:27:12,178060,184491,121069,32578629630,81,-15,14425160
ni2203,20220218,20220218,112712500,11:27:13,178060,184492,121069,32578807690,1,0,178060
ni2203,20220218,20220218,112713000,11:27:14,178060,184494,121068,32579163810,2,-1,356120
ni2203,20220218,20220218,112713500,11:27:14,178060,184494,121068,32579163810,0,0,0
ni2203,20220218,20220218,112714000,11:27:15,178050,184495,121067,32579341860,1,-1,178050
ni2203,20220218,20220218,112714500,11:27:15,178050,184495,121067,32579341860,0,0,0
ni2203,20220218,20220218,112715000,11:27:16,178050,184497,121065,32579697960,2,-2,356100
ni2203,20220218,20220218,112715500,11:27:16,178050,184497,121065,32579697960,0,0,0
ni2203,20220218,20220218,112716000,11:27:17,178060,184500,121065,32580232140,3,0,534180
ni2203,20220218,20220218,112716500,11:27:17,178060,184500,121065,32580232140,0,0,0
ni2203,20220218,20220218,112717000,11:27:17,178060,184500,121065,32580232140,0,0,0
ni2203,20220218,20220218,112717500,11:27:17,178060,184504,121066,32580944400,4,1,712260
ni2203,20220218,20220218,112718000,11:27:18,178060,184504,121066,32580944400,0,0,0
ni2203,20220218,20220218,112718500,11:27:19,178050,184505,121065,32581122450,1,-1,178050
ni2203,20220218,20220218,112719000,11:27:19,178050,184508,121064,32581656600,3,-1,534150
ni2203,20220218,20220218,112719500,11:27:20,178070,184514,121064,32582725020,6,0,1068420
ni2203,20220218,20220218,112720000,11:27:20,178070,184514,121064,32582725020,0,0,0
ni2203,20220218,20220218,112720500,11:27:21,178070,184514,121064,32582725020,0,0,0
ni2203,20220218,20220218,112721000,11:27:21,178070,184514,121064,32582725020,0,0,0
ni2203,20220218,20220218,112721500,11:27:22,178070,184514,121064,32582725020,0,0,0
ni2203,20220218,20220218,112722000,11:27:22,178050,184515,121065,32582903070,1,1,178050
ni2203,20220218,20220218,112722500,11:27:22,178060,184516,121066,32583081130,1,1,178060
ni2203,20220218,20220218,112723000,11:27:26,178060,184516,121066,32583081130,0,0,0
ni2203,20220218,20220218,112723500,11:27:27,178060,184516,121066,32583081130,0,0,0
ni2203,20220218,20220218,112724000,11:27:27,178060,184516,121066,32583081130,0,0,0
ni2203,20220218,20220218,112726500,11:27:27,178030,184528,121069,32585217570,12,3,2136440
ni2203,20220218,20220218,112727000,11:27:27,178040,184529,121068,32585395610,1,-1,178040
ni2203,20220218,20220218,112727500,11:27:27,178040,184530,121068,32585573650,1,0,178040
ni2203,20220218,20220218,112728000,11:27:28,178040,184530,121068,32585573650,0,0,0
ni2203,20220218,20220218,112728500,11:27:28,178040,184530,121068,32585573650,0,0,0
ni2203,20220218,20220218,112729000,11:27:29,178040,184530,121068,32585573650,0,0,0
ni2203,20220218,20220218,112729500,11:27:30,178040,184530,121068,32585573650,0,0,0
ni2203,20220218,20220218,112730000,11:27:30,178060,184531,121068,32585751710,1,0,178060
ni2203,20220218,20220218,112730500,11:27:31,178060,184531,121068,32585751710,0,0,0
ni2203,20220218,20220218,112731000,11:27:33,178060,184531,121068,32585751710,0,0,0
ni2203,20220218,20220218,112731500,11:27:35,178040,184532,121067,32585929750,1,-1,178040
ni2203,20220218,20220218,112732000,11:27:36,178040,184533,121066,32586107790,1,-1,178040
ni2203,20220218,20220218,112732500,11:27:36,178040,184533,121066,32586107790,0,0,0
ni2203,20220218,20220218,112735500,11:27:36,178020,184541,121065,32587532100,8,-1,1424310
ni2203,20220218,20220218,112736000,11:27:37,178020,184541,121065,32587532100,0,0,0
ni2203,20220218,20220218,112736500,11:27:38,178020,184541,121065,32587532100,0,0,0
ni2203,20220218,20220218,112737000,11:27:38,178020,184544,121064,32588066180,3,-1,534080
ni2203,20220218,20220218,112737500,11:27:38,178020,184544,121064,32588066180,0,0,0
ni2203,20220218,20220218,112738000,11:27:39,178020,184554,121074,32589846380,10,10,1780200
ni2203,20220218,20220218,112738500,11:27:39,178020,184558,121075,32590558460,4,1,712080
ni2203,20220218,20220218,112739000,11:27:39,178020,184558,121075,32590558460,0,0,0
ni2203,20220218,20220218,112739500,11:27:39,178010,184559,121074,32590736470,1,-1,178010
ni2203,20220218,20220218,112740000,11:27:40,178000,184560,121073,32590914470,1,-1,178000
ni2203,20220218,20220218,112740500,11:27:40,177960,184562,121071,32591270420,2,-2,355950
ni2203,20220218,20220218,112741000,11:27:41,177950,184565,121070,32591804310,3,-1,533890
ni2203,20220218,20220218,112741500,11:27:42,177950,184565,121070,32591804310,0,0,0
ni2203,20220218,20220218,112742000,11:27:42,177940,184566,121069,32591982250,1,-1,177940
ni2203,20220218,20220218,112742500,11:27:43,177950,184570,121065,32592694050,4,-4,711800
ni2203,20220218,20220218,112743000,11:27:43,177980,184572,121063,32593050010,2,-2,355960
ni2203,20220218,20220218,112743500,11:27:43,177990,184574,121063,32593405990,2,0,355980
ni2203,20220218,20220218,112744000,11:27:44,177990,184579,121063,32594295950,5,0,889960
ni2203,20220218,20220218,112744500,11:27:45,178040,184584,121062,32595186030,5,-1,890080
ni2203,20220218,20220218,112745000,11:27:45,178040,184584,121062,32595186030,0,0,0
ni2203,20220218,20220218,112745500,11:27:46,178040,184584,121062,32595186030,0,0,0
ni2203,20220218,20220218,112746000,11:27:46,177990,184585,121062,32595364020,1,0,177990
ni2203,20220218,20220218,112746500,11:27:47,177990,184585,121062,32595364020,0,0,0
ni2203,20220218,20220218,112747000,11:27:47,177990,184585,121062,32595364020,0,0,0
ni2203,20220218,20220218,112747500,11:27:47,177990,184586,121063,32595542010,1,1,177990
ni2203,20220218,20220218,112748000,11:27:53,177990,184593,121060,32596787950,7,-3,1245940
ni2203,20220218,20220218,112748500,11:27:54,177990,184596,121058,32597321920,3,-2,533970
ni2203,20220218,20220218,112749000,11:27:54,177990,184596,121058,32597321920,0,0,0
ni2203,20220218,20220218,112749500,11:27:54,177980,184620,121049,32601593440,24,-9,4271520
ni2203,20220218,20220218,112754000,11:27:54,177980,184665,121040,32609602030,45,-9,8008590
ni2203,20220218,20220218,112754500,11:27:55,177970,184666,121039,32609780000,1,-1,177970
ni2203,20220218,20220218,112755000,11:27:55,177930,184667,121039,32609957930,1,0,177930
ni2203,20220218,20220218,112755500,11:27:55,177930,184668,121039,32610135860,1,0,177930
ni2203,20220218,20220218,112756000,11:27:56,177930,184668,121039,32610135860,0,0,0
ni2203,20220218,20220218,112756500,11:27:56,177980,184669,121039,32610313840,1,0,177980
ni2203,20220218,20220218,112757000,11:27:57,177980,184669,121039,32610313840,0,0,0
ni2203,20220218,20220218,112757500,11:27:57,177980,184669,121039,32610313840,0,0,0
ni2203,20220218,20220218,112758000,11:27:58,177980,184670,121038,32610491820,1,-1,177980
ni2203,20220218,20220218,112758500,11:27:59,177920,184672,121037,32610847660,2,-1,355840
ni2203,20220218,20220218,112759000,11:27:59,177960,184681,121042,32612448980,9,5,1601320
ni2203,20220218,20220218,112759500,11:27:59,177960,184681,121042,32612448980,0,0,0
ni2203,20220218,20220218,112800000,11:28:00,177960,184683,121040,32612804900,2,-2,355920
ni2203,20220218,20220218,112800500,11:28:01,177960,184683,121040,32612804900,0,0,0
ni2203,20220218,20220218,112801000,11:28:01,177960,184685,121039,32613160820,2,-1,355920
ni2203,20220218,20220218,112801500,11:28:02,177960,184690,121035,32614050640,5,-4,889820
ni2203,20220218,20220218,112802000,11:28:03,177960,184691,121035,32614228600,1,0,177960
ni2203,20220218,20220218,112802500,11:28:03,177960,184692,121036,32614406560,1,1,177960
ni2203,20220218,20220218,112803000,11:28:04,177960,184697,121037,32615296400,5,1,889840
ni2203,20220218,20220218,112803500,11:28:04,177960,184702,121037,32616186200,5,0,889800
ni2203,20220218,20220218,112804000,11:28:05,177960,184702,121037,32616186200,0,0,0
ni2203,20220218,20220218,112804500,11:28:06,177960,184702,121037,32616186200,0,0,0
ni2203,20220218,20220218,112805000,11:28:06,177970,184704,121039,32616542140,2,2,355940
ni2203,20220218,20220218,112805500,11:28:08,177970,184705,121040,32616720110,1,1,177970
ni2203,20220218,20220218,112806000,11:28:10,177960,184706,121040,32616898070,1,0,177960
ni2203,20220218,20220218,112806500,11:28:10,177980,184709,121039,32617431990,3,-1,533920
ni2203,20220218,20220218,112807000,11:28:10,177980,184709,121039,32617431990,0,0,0
ni2203,20220218,20220218,112810000,11:28:11,178040,184791,121038,32632027470,82,-1,14595480
ni2203,20220218,20220218,112810500,11:28:12,178030,184798,121034,32633273680,7,-4,1246210
ni2203,20220218,20220218,112811000,11:28:12,178040,184801,121035,32633807840,3,1,534160
ni2203,20220218,20220218,112811500,11:28:12,178040,184802,121035,32633985880,1,0,178040
ni2203,20220218,20220218,112812000,11:28:13,178060,184803,121036,32634163940,1,1,178060
ni2203,20220218,20220218,112812500,11:28:13,178040,184804,121036,32634341980,1,0,178040
ni2203,20220218,20220218,112813000,11:28:13,178040,184804,121036,32634341980,0,0,0
ni2203,20220218,20220218,112813500,11:28:14,178060,184806,121034,32634698100,2,-2,356120
ni2203,20220218,20220218,112814000,11:28:14,178070,184807,121034,32634876170,1,0,178070
ni2203,20220218,20220218,112814500,11:28:14,178070,184809,121032,32635232310,2,-2,356140
ni2203,20220218,20220218,112815000,11:28:15,178090,184813,121031,32635944610,4,-1,712300
ni2203,20220218,20220218,112815500,11:28:15,178060,184814,121031,32636122670,1,0,178060
ni2203,20220218,20220218,112816000,11:28:16,178060,184816,121029,32636478790,2,-2,356120
ni2203,20220218,20220218,112816500,11:28:16,178060,184817,121028,32636656850,1,-1,178060
ni2203,20220218,20220218,112817000,11:28:17,178060,184828,121029,32638615520,11,1,1958670
ni2203,20220218,20220218,112817500,11:28:17,178060,184830,121029,32638971640,2,0,356120
ni2203,20220218,20220218,112818000,11:28:18,178060,184830,121029,32638971640,0,0,0
ni2203,20220218,20220218,112818500,11:28:18,178060,184830,121029,32638971640,0,0,0
ni2203,20220218,20220218,112819000,11:28:19,178060,184830,121029,32638971640,0,0,0
ni2203,20220218,20220218,112819500,11:28:20,178020,184833,121026,32639505710,3,-3,534070
ni2203,20220218,20220218,112820000,11:28:20,178020,184833,121026,32639505710,0,0,0
ni2203,20220218,20220218,112820500,11:28:20,178020,184833,121026,32639505710,0,0,0
ni2203,20220218,20220218,112821000,11:28:21,178030,184834,121026,32639683740,1,0,178030
ni2203,20220218,20220218,112821500,11:28:22,178030,184834,121026,32639683740,0,0,0
ni2203,20220218,20220218,112822000,11:28:22,178010,184836,121028,32640039770,2,2,356030
ni2203,20220218,20220218,112822500,11:28:22,178010,184838,121030,32640395790,2,2,356020
ni2203,20220218,20220218,112823000,11:28:23,178020,184839,121029,32640573810,1,-1,178020
ni2203,20220218,20220218,112823500,11:28:23,178020,184839,121029,32640573810,0,0,0
ni2203,20220218,20220218,112824000,11:28:24,178020,184839,121029,32640573810,0,0,0
ni2203,20220218,20220218,112824500,11:28:24,178050,184840,121029,32640751860,1,0,178050
ni2203,20220218,20220218,112825000,11:28:25,178050,184840,121029,32640751860,0,0,0
ni2203,20220218,20220218,112825500,11:28:25,178010,184841,121028,32640929870,1,-1,178010
ni2203,20220218,20220218,112826000,11:28:26,178010,184841,121028,32640929870,0,0,0
ni2203,20220218,20220218,112826500,11:28:27,178060,184848,121034,32642176210,7,6,1246340
ni2203,20220218,20220218,112827000,11:28:27,178060,184851,121035,32642710390,3,1,534180
ni2203,20220218,20220218,112827500,11:28:27,178060,184851,121035,32642710390,0,0,0
ni2203,20220218,20220218,112828000,11:28:28,178060,184851,121035,32642710390,0,0,0
ni2203,20220218,20220218,112828500,11:28:28,178060,184851,121035,32642710390,0,0,0
ni2203,20220218,20220218,112829000,11:28:29,178060,184851,121035,32642710390,0,0,0
ni2203,20220218,20220218,112829500,11:28:30,178010,184859,121037,32644134410,8,2,1424020
ni2203,20220218,20220218,112830000,11:28:30,178010,184859,121037,32644134410,0,0,0
ni2203,20220218,20220218,112830500,11:28:31,177980,184860,121037,32644312390,1,0,177980
ni2203,20220218,20220218,112831000,11:28:31,177980,184861,121037,32644490370,1,0,177980
ni2203,20220218,20220218,112831500,11:28:31,177970,184879,121043,32647693810,18,6,3203440
ni2203,20220218,20220218,112832000,11:28:32,177980,184885,121043,32648761650,6,0,1067840
ni2203,20220218,20220218,112832500,11:28:33,177980,184886,121043,32648939630,1,0,177980
ni2203,20220218,20220218,112833000,11:28:33,177970,184887,121044,32649117600,1,1,177970
ni2203,20220218,20220218,112833500,11:28:34,177960,184933,121066,32657303760,46,22,8186160
ni2203,20220218,20220218,112834000,11:28:34,178000,184936,121069,32657837760,3,3,534000
ni2203,20220218,20220218,112834500,11:28:34,178000,184936,121069,32657837760,0,0,0
ni2203,20220218,20220218,112835000,11:28:35,178000,184936,121069,32657837760,0,0,0
ni2203,20220218,20220218,112835500,11:28:37,177980,184937,121070,32658015740,1,1,177980
ni2203,20220218,20220218,112836000,11:28:37,177980,184938,121070,32658193720,1,0,177980
ni2203,20220218,20220218,112836500,11:28:37,177980,184939,121071,32658371700,1,1,177980
ni2203,20220218,20220218,112837000,11:28:37,177980,184939,121071,32658371700,0,0,0
ni2203,20220218,20220218,112837500,11:28:37,177960,184946,121076,32659617460,7,5,1245760
ni2203,20220218,20220218,112838000,11:28:38,178000,184950,121079,32660329340,4,3,711880
ni2203,20220218,20220218,112838500,11:28:38,178000,184950,121079,32660329340,0,0,0
ni2203,20220218,20220218,112839000,11:28:40,178000,184951,121079,32660507340,1,0,178000
ni2203,20220218,20220218,112839500,11:28:40,177970,184952,121078,32660685310,1,-1,177970
ni2203,20220218,20220218,112840000,11:28:40,177970,184953,121077,32660863280,1,-1,177970
ni2203,20220218,20220218,112840500,11:28:40,177970,184953,121077,32660863280,0,0,0
ni2203,20220218,20220218,112841000,11:28:41,177970,184953,121077,32660863280,0,0,0
ni2203,20220218,20220218,112841500,11:28:41,177970,184953,121077,32660863280,0,0,0
ni2203,20220218,20220218,112842000,11:28:42,177970,184953,121077,32660863280,0,0,0
ni2203,20220218,20220218,112842500,11:28:43,177970,184953,121077,32660863280,0,0,0
ni2203,20220218,20220218,112843000,11:28:43,177980,184957,121076,32661575230,4,-1,711950
ni2203,20220218,20220218,112843500,11:28:44,177980,184960,121076,32662109170,3,0,533940
ni2203,20220218,20220218,112844000,11:28:44,177990,184961,121076,32662287160,1,0,177990
ni2203,20220218,20220218,112844500,11:28:45,177990,184962,121077,32662465150,1,1,177990
ni2203,20220218,20220218,112845000,11:28:45,177970,184963,121077,32662643120,1,0,177970
ni2203,20220218,20220218,112845500,11:28:46,177970,184965,121079,32662999060,2,2,355940
ni2203,20220218,20220218,112846000,11:28:46,178000,184966,121079,32663177060,1,0,178000
ni2203,20220218,20220218,112846500,11:28:46,178000,184967,121078,32663355060,1,-1,178000
ni2203,20220218,20220218,112847000,11:28:47,178000,184967,121078,32663355060,0,0,0
ni2203,20220218,20220218,112847500,11:28:48,177980,184970,121078,32663889020,3,0,533960
ni2203,20220218,20220218,112848000,11:28:48,177980,184970,121078,32663889020,0,0,0
ni2203,20220218,20220218,112848500,11:28:48,177980,184970,121078,32663889020,0,0,0
ni2203,20220218,20220218,112849000,11:28:49,177980,184970,121078,32663889020,0,0,0
ni2203,20220218,20220218,112849500,11:28:50,178030,184978,121074,32665313240,8,-4,1424220
ni2203,20220218,20220218,112850000,11:28:50,178030,184984,121074,32666381420,6,0,1068180
ni2203,20220218,20220218,112850500,11:28:51,178020,184989,121074,32667271380,5,0,889960
ni2203,20220218,20220218,112851000,11:28:51,178020,184989,121074,32667271380,0,0,0
ni2203,20220218,20220218,112851500,11:28:51,178020,184989,121074,32667271380,0,0,0
ni2203,20220218,20220218,112852000,11:28:53,178020,184989,121074,32667271380,0,0,0
ni2203,20220218,20220218,112852500,11:28:53,178020,184989,121074,32667271380,0,0,0
ni2203,20220218,20220218,112853000,11:28:54,178020,184989,121074,32667271380,0,0,0
ni2203,20220218,20220218,112853500,11:28:54,177990,184991,121076,32667627360,2,2,355980
ni2203,20220218,20220218,112854000,11:28:54,178000,184992,121075,32667805360,1,-1,178000
ni2203,20220218,20220218,112854500,11:28:54,178000,184993,121074,32667983360,1,-1,178000
ni2203,20220218,20220218,112855000,11:28:55,178030,184996,121076,32668517420,3,2,534060
ni2203,20220218,20220218,112855500,11:28:56,178030,184996,121076,32668517420,0,0,0
ni2203,20220218,20220218,112856000,11:28:56,178030,184996,121076,32668517420,0,0,0
ni2203,20220218,20220218,112856500,11:28:56,178020,184997,121076,32668695440,1,0,178020
ni2203,20220218,20220218,112857000,11:28:57,178010,184999,121078,32669051460,2,2,356020
ni2203,20220218,20220218,112857500,11:28:58,178010,184999,121078,32669051460,0,0,0
ni2203,20220218,20220218,112858000,11:28:59,178010,184999,121078,32669051460,0,0,0
ni2203,20220218,20220218,112858500,11:28:59,178040,185000,121078,32669229500,1,0,178040
ni2203,20220218,20220218,112859000,11:28:59,178040,185000,121078,32669229500,0,0,0
ni2203,20220218,20220218,112859500,11:29:00,178060,185002,121076,32669585620,2,-2,356120
ni2203,20220218,20220218,112900000,11:29:00,178060,185002,121076,32669585620,0,0,0
ni2203,20220218,20220218,112900500,11:29:01,178030,185004,121076,32669941680,2,0,356060
ni2203,20220218,20220218,112901000,11:29:01,178030,185007,121073,32670475770,3,-3,534090
ni2203,20220218,20220218,112901500,11:29:02,178050,185009,121074,32670831830,2,1,356060
ni2203,20220218,20220218,112902000,11:29:03,178090,185044,121102,32677064640,35,28,6232810
ni2203,20220218,20220218,112902500,11:29:03,177970,185109,121124,32688635160,65,22,11570520
ni2203,20220218,20220218,112903000,11:29:03,177970,185110,121124,32688813130,1,0,177970
ni2203,20220218,20220218,112903500,11:29:04,177970,185110,121124,32688813130,0,0,0
ni2203,20220218,20220218,112904000,11:29:04,178030,185111,121123,32688991160,1,-1,178030
ni2203,20220218,20220218,112904500,11:29:04,178030,185113,121121,32689347220,2,-2,356060
ni2203,20220218,20220218,112905000,11:29:05,177980,185114,121121,32689525200,1,0,177980
ni2203,20220218,20220218,112905500,11:29:06,177980,185114,121121,32689525200,0,0,0
ni2203,20220218,20220218,112906000,11:29:06,178030,185117,121123,32690059290,3,2,534090
ni2203,20220218,20220218,112906500,11:29:06,177990,185119,121123,32690415270,2,0,355980
ni2203,20220218,20220218,112907000,11:29:08,177990,185124,121123,32691305220,5,0,889950
ni2203,20220218,20220218,112907500,11:29:08,177990,185126,121123,32691661200,2,0,355980
ni2203,20220218,20220218,112908000,11:29:08,178030,185129,121122,32692195290,3,-1,534090
ni2203,20220218,20220218,112908500,11:29:08,178040,185134,121119,32693085470,5,-3,890180
ni2203,20220218,20220218,112909000,11:29:09,178040,185136,121117,32693441550,2,-2,356080
ni2203,20220218,20220218,112909500,11:29:09,178040,185136,121117,32693441550,0,0,0
ni2203,20220218,20220218,112910000,11:29:10,178040,185136,121117,32693441550,0,0,0
ni2203,20220218,20220218,112910500,11:29:10,178030,185139,121114,32693975640,3,-3,534090
ni2203,20220218,20220218,112911000,11:29:11,178030,185140,121113,32694153670,1,-1,178030
ni2203,20220218,20220218,112911500,11:29:12,178010,185141,121113,32694331680,1,0,178010
ni2203,20220218,20220218,112912000,11:29:12,178010,185141,121113,32694331680,0,0,0
ni2203,20220218,20220218,112912500,11:29:12,178010,185141,121113,32694331680,0,0,0
ni2203,20220218,20220218,112913000,11:29:13,178010,185141,121113,32694331680,0,0,0
ni2203,20220218,20220218,112913500,11:29:14,178010,185141,121113,32694331680,0,0,0
ni2203,20220218,20220218,112914000,11:29:14,178020,185142,121113,32694509700,1,0,178020
ni2203,20220218,20220218,112914500,11:29:15,178030,185145,121113,32695043770,3,0,534070
ni2203,20220218,20220218,112915000,11:29:15,178030,185147,121112,32695399830,2,-1,356060
ni2203,20220218,20220218,112915500,11:29:16,178030,185151,121111,32696111950,4,-1,712120
ni2203,20220218,20220218,112916000,11:29:16,178010,185153,121110,32696467980,2,-1,356030
ni2203,20220218,20220218,112916500,11:29:18,178030,185155,121108,32696824040,2,-2,356060
ni2203,20220218,20220218,112917000,11:29:20,178020,185157,121110,32697180080,2,2,356040
ni2203,20220218,20220218,112917500,11:29:21,178020,185157,121110,32697180080,0,0,0
ni2203,20220218,20220218,112918000,11:29:21,178030,185158,121109,32697358110,1,-1,178030
ni2203,20220218,20220218,112920500,11:29:21,178030,185164,121108,32698426290,6,-1,1068180
ni2203,20220218,20220218,112921000,11:29:22,178040,185174,121111,32700206610,10,3,1780320
ni2203,20220218,20220218,112921500,11:29:24,178030,185176,121111,32700562670,2,0,356060
ni2203,20220218,20220218,112922000,11:29:24,178040,185177,121110,32700740710,1,-1,178040
ni2203,20220218,20220218,112922500,11:29:24,178040,185177,121110,32700740710,0,0,0
ni2203,20220218,20220218,112923000,11:29:24,178030,185178,121110,32700918740,1,0,178030
ni2203,20220218,20220218,112924000,11:29:24,178020,185184,121108,32701986950,6,-2,1068210
ni2203,20220218,20220218,112924500,11:29:25,178030,185187,121106,32702521060,3,-2,534110
ni2203,20220218,20220218,112925000,11:29:25,178060,185190,121105,32703055200,3,-1,534140
ni2203,20220218,20220218,112925500,11:29:25,178050,185191,121105,32703233250,1,0,178050
ni2203,20220218,20220218,112926000,11:29:26,178050,185191,121105,32703233250,0,0,0
ni2203,20220218,20220218,112926500,11:29:26,178050,185192,121104,32703411300,1,-1,178050
ni2203,20220218,20220218,112927000,11:29:27,178050,185193,121103,32703589350,1,-1,178050
ni2203,20220218,20220218,112927500,11:29:27,178050,185193,121103,32703589350,0,0,0
ni2203,20220218,20220218,112928000,11:29:28,178050,185193,121103,32703589350,0,0,0
ni2203,20220218,20220218,112928500,11:29:29,178040,185196,121102,32704123470,3,-1,534120
ni2203,20220218,20220218,112929000,11:29:29,178030,185198,121104,32704479540,2,2,356070
ni2203,20220218,20220218,112929500,11:29:29,178040,185199,121103,32704657580,1,-1,178040
ni2203,20220218,20220218,112930000,11:29:30,178060,185205,121102,32705725900,6,-1,1068320
ni2203,20220218,20220218,112930500,11:29:31,178060,185209,121102,32706438200,4,0,712300
ni2203,20220218,20220218,112931000,11:29:32,178090,185218,121102,32708040890,9,0,1602690
ni2203,20220218,20220218,112931500,11:29:32,178090,185218,121102,32708040890,0,0,0
ni2203,20220218,20220218,112932000,11:29:36,178070,185228,121099,32709821590,10,-3,1780700
ni2203,20220218,20220218,112932500,11:29:36,178070,185228,121099,32709821590,0,0,0
ni2203,20220218,20220218,112933000,11:29:37,178070,185228,121099,32709821590,0,0,0
ni2203,20220218,20220218,112933500,11:29:38,178090,185231,121100,32710355860,3,1,534270
ni2203,20220218,20220218,112936500,11:29:38,178140,185324,121138,32726919270,93,38,16563410
ni2203,20220218,20220218,112937500,11:29:38,178200,185344,121141,32730483000,20,3,3563730
ni2203,20220218,20220218,112938000,11:29:38,178200,185351,121137,32731730350,7,-4,1247350
ni2203,20220218,20220218,112938500,11:29:39,178150,185363,121127,32733868200,12,-10,2137850
ni2203,20220218,20220218,112939000,11:29:39,178150,185363,121127,32733868200,0,0,0
ni2203,20220218,20220218,112939500,11:29:40,178180,185365,121126,32734224530,2,-1,356330
ni2203,20220218,20220218,112940000,11:29:40,178140,185370,121124,32735115370,5,-2,890840
ni2203,20220218,20220218,112940500,11:29:40,178200,185375,121128,32736006350,5,4,890980
ni2203,20220218,20220218,112941000,11:29:41,178200,185379,121132,32736719150,4,4,712800
ni2203,20220218,20220218,112941500,11:29:42,178190,185384,121132,32737610020,5,0,890870
ni2203,20220218,20220218,112942000,11:29:44,178240,185402,121141,32740818150,18,9,3208130
ni2203,20220218,20220218,112942500,11:29:44,178270,185426,121156,32745096020,24,15,4277870
ni2203,20220218,20220218,112943000,11:29:45,178240,185440,121157,32747591540,14,1,2495520
ni2203,20220218,20220218,112943500,11:29:45,178280,185443,121159,32748126380,3,2,534840
ni2203,20220218,20220218,112944500,11:29:45,178300,185453,121160,32749909180,10,1,1782800
ni2203,20220218,20220218,112945000,11:29:46,178280,185456,121159,32750444060,3,-1,534880
ni2203,20220218,20220218,112945500,11:29:46,178300,185464,121159,32751870390,8,0,1426330
ni2203,20220218,20220218,112946000,11:29:47,178260,185468,121159,32752583460,4,0,713070
ni2203,20220218,20220218,112946500,11:29:47,178270,185471,121160,32753118300,3,1,534840
ni2203,20220218,20220218,112947000,11:29:47,178300,185476,121156,32754009800,5,-4,891500
ni2203,20220218,20220218,112947500,11:29:48,178260,185481,121156,32754901090,5,0,891290
ni2203,20220218,20220218,112948000,11:29:49,178290,185483,121158,32755257640,2,2,356550
ni2203,20220218,20220218,112948500,11:29:50,178260,185485,121160,32755614160,2,2,356520
ni2203,20220218,20220218,112949000,11:29:50,178250,185486,121159,32755792410,1,-1,178250
ni2203,20220218,20220218,112949500,11:29:51,178260,185489,121160,32756327230,3,1,534820
ni2203,20220218,20220218,112950000,11:29:51,178260,185489,121160,32756327230,0,0,0
ni2203,20220218,20220218,112950500,11:29:51,178260,185490,121161,32756505490,1,1,178260
ni2203,20220218,20220218,112951500,11:29:52,178250,185495,121158,32757396750,5,-3,891260
ni2203,20220218,20220218,112952000,11:29:53,178250,185509,121158,32759892310,14,0,2495560
ni2203,20220218,20220218,112952500,11:29:53,178220,185515,121156,32760961780,6,-2,1069470
ni2203,20220218,20220218,112953000,11:29:54,178260,185520,121158,32761853080,5,2,891300
ni2203,20220218,20220218,112953500,11:29:54,178170,185524,121162,32762565760,4,4,712680
ni2203,20220218,20220218,112954000,11:29:54,178170,185529,121163,32763456810,5,1,891050
ni2203,20220218,20220218,112954500,11:29:54,178240,185536,121161,32764704170,7,-2,1247360
ni2203,20220218,20220218,112955000,11:29:55,178160,185540,121161,32765416980,4,0,712810
ni2203,20220218,20220218,112955500,11:29:56,178210,185541,121161,32765595190,1,0,178210
ni2203,20220218,20220218,112956000,11:30:00,178210,185541,121161,32765595190,0,0,0
ni2203,20220218,20220218,112956500,11:30:00,178170,185544,121161,32766129700,3,0,534510
ni2203,20220218,20220218,112957000,11:30:02,178170,185547,121160,32766664210,3,-1,534510
ni2203,20220218,20220218,112957500,11:30:02,178170,185550,121162,32767198720,3,2,534510
ni2203,20220218,20220218,112959500,11:30:02,178170,185550,121162,32767198720,0,0,0
ni2203,20220218,20220218,113000000,11:30:03,178170,185550,121162,32767198720,0,0,0
ni2203,20220218,20220218,113001000,11:30:03,178170,185550,121162,32767198720,0,0,0
ni2203,20220218,20220218,113001500,11:30:03,178170,185550,121162,32767198720,0,0,0
ni2203,20220218,20220218,133002000,13:30:08,178240,185580,121171,32772545320,30,9,5346600
ni2203,20220218,20220218,133002500,13:30:10,178240,185586,121170,32773614830,6,-1,1069510
ni2203,20220218,20220218,133008000,13:30:10,178260,185721,121167,32797680290,135,-3,24065460
ni2203,20220218,20220218,133009500,13:30:10,178250,185728,121167,32798927780,7,0,1247490
ni2203,20220218,20220218,133010000,13:30:11,178190,185732,121165,32799640560,4,-2,712780
ni2203,20220218,20220218,133010500,13:30:12,178170,185740,121167,32801065920,8,2,1425360
ni2203,20220218,20220218,133011000,13:30:13,178120,185744,121167,32801778400,4,0,712480
ni2203,20220218,20220218,133011500,13:30:13,178120,185746,121168,32802134640,2,1,356240
ni2203,20220218,20220218,133012500,13:30:13,178180,185751,121169,32803025250,5,1,890610
ni2203,20220218,20220218,133013000,13:30:14,178180,185753,121169,32803381610,2,0,356360
ni2203,20220218,20220218,133013500,13:30:14,178140,185756,121169,32803916110,3,0,534500
ni2203,20220218,20220218,133014000,13:30:16,178190,185758,121167,32804272490,2,-2,356380
ni2203,20220218,20220218,133014500,13:30:16,178190,185762,121164,32804985220,4,-3,712730
ni2203,20220218,20220218,133015000,13:30:18,178190,185794,121165,32810687300,32,1,5702080
ni2203,20220218,20220218,133016500,13:30:18,178300,185805,121167,32812648020,11,2,1960720
ni2203,20220218,20220218,133017000,13:30:18,178250,185807,121168,32813004570,2,1,356550
ni2203,20220218,20220218,133017500,13:30:19,178250,185810,121169,32813539320,3,1,534750
ni2203,20220218,20220218,133018000,13:30:19,178290,185827,121169,32816569860,17,0,3030540
ni2203,20220218,20220218,133018500,13:30:20,178100,185839,121174,32818707380,12,5,2137520
ni2203,20220218,20220218,133019000,13:30:20,178110,185854,121177,32821379030,15,3,2671650
ni2203,20220218,20220218,133019500,13:30:21,178230,185861,121174,32822626590,7,-3,1247560
ni2203,20220218,20220218,133020000,13:30:21,178150,185862,121174,32822804740,1,0,178150
ni2203,20220218,20220218,133020500,13:30:21,178150,185871,121170,32824408080,9,-4,1603340
ni2203,20220218,20220218,133021000,13:30:21,178150,185872,121170,32824586230,1,0,178150
ni2203,20220218,20220218,133021500,13:30:22,178150,185872,121170,32824586230,0,0,0
ni2203,20220218,20220218,133022000,13:30:38,178150,185873,121170,32824764380,1,0,178150
ni2203,20220218,20220218,133022500,13:30:38,178150,185879,121170,32825833120,6,0,1068740
ni2203,20220218,20220218,133023000,13:30:40,178150,185879,121170,32825833120,0,0,0
ni2203,20220218,20220218,133038000,13:30:40,178260,185921,121181,32833318230,42,11,7485110
ni2203,20220218,20220218,133038500,13:30:42,178260,185921,121181,32833318230,0,0,0
ni2203,20220218,20220218,133040500,13:30:43,178270,185934,121184,32835636120,13,3,2317890
ni2203,20220218,20220218,133041000,13:30:43,178270,185936,121184,32835992710,2,0,356590
ni2203,20220218,20220218,133042000,13:30:44,178270,185955,121199,32839379840,19,15,3387130
ni2203,20220218,20220218,133042500,13:30:44,178270,185969,121201,32841876040,14,2,2496200
ni2203,20220218,20220218,133043000,13:30:44,178260,185978,121208,32843480430,9,7,1604390
ni2203,20220218,20220218,133044500,13:30:46,178250,185980,121208,32843836980,2,0,356550
ni2203,20220218,20220218,133045000,13:30:46,178250,185980,121208,32843836980,0,0,0
ni2203,20220218,20220218,133045500,13:30:46,178300,185982,121208,32844193580,2,0,356600
ni2203,20220218,20220218,133046000,13:30:47,178270,185984,121210,32844550170,2,2,356590
ni2203,20220218,20220218,133046500,13:30:47,178270,185984,121210,32844550170,0,0,0
ni2203,20220218,20220218,133047000,13:30:48,178270,185984,121210,32844550170,0,0,0
ni2203,20220218,20220218,133047500,13:30:48,178330,185986,121208,32844906830,2,-2,356660
ni2203,20220218,20220218,133048000,13:30:49,178330,185987,121209,32845085160,1,1,178330
ni2203,20220218,20220218,133048500,13:30:49,178330,185987,121209,32845085160,0,0,0
ni2203,20220218,20220218,133049000,13:30:50,178300,185989,121211,32845441760,2,2,356600
ni2203,20220218,20220218,133049500,13:30:50,178300,185989,121211,32845441760,0,0,0
ni2203,20220218,20220218,133050000,13:30:51,178300,185989,121211,32845441760,0,0,0
ni2203,20220218,20220218,133050500,13:30:51,178300,185989,121211,32845441760,0,0,0
ni2203,20220218,20220218,133051000,13:30:52,178300,185992,121211,32845976600,3,0,534840
ni2203,20220218,20220218,133051500,13:30:52,178300,185992,121211,32845976600,0,0,0
ni2203,20220218,20220218,133052000,13:30:53,178300,185992,121211,32845976600,0,0,0
ni2203,20220218,20220218,133052500,13:30:54,178250,185993,121212,32846154850,1,1,178250
ni2203,20220218,20220218,133053000,13:30:54,178250,185993,121212,32846154850,0,0,0
ni2203,20220218,20220218,133053500,13:30:54,178230,185994,121213,32846333080,1,1,178230
ni2203,20220218,20220218,133054000,13:30:55,178230,185994,121213,32846333080,0,0,0
ni2203,20220218,20220218,133054500,13:30:55,178210,185995,121214,32846511290,1,1,178210
ni2203,20220218,20220218,133055000,13:30:56,178240,185996,121213,32846689530,1,-1,178240
ni2203,20220218,20220218,133055500,13:30:56,178210,186002,121215,32847758830,6,2,1069300
ni2203,20220218,20220218,133056500,13:30:57,178210,186002,121215,32847758830,0,0,0
ni2203,20220218,20220218,133057500,13:30:58,178210,186002,121215,32847758830,0,0,0
ni2203,20220218,20220218,133058000,13:30:58,178240,186003,121215,32847937070,1,0,178240
ni2203,20220218,20220218,133059000,13:30:59,178240,186003,121215,32847937070,0,0,0
ni2203,20220218,20220218,133059500,13:31:00,178240,186003,121215,32847937070,0,0,0
ni2203,20220218,20220218,133100000,13:31:00,178250,186005,121215,32848293570,2,0,356500
ni2203,20220218,20220218,133100500,13:31:00,178300,186023,121201,32851502330,18,-14,3208760
ni2203,20220218,20220218,133101000,13:31:01,178300,186023,121201,32851502330,0,0,0
ni2203,20220218,20220218,133101500,13:31:01,178300,186023,121201,32851502330,0,0,0
ni2203,20220218,20220218,133102000,13:31:02,178310,186024,121202,32851680640,1,1,178310
ni2203,20220218,20220218,133102500,13:31:03,178310,186028,121199,32852393880,4,-3,713240
ni2203,20220218,20220218,133103000,13:31:03,178310,186028,121199,32852393880,0,0,0
ni2203,20220218,20220218,133103500,13:31:05,178290,186035,121206,32853641910,7,7,1248030
ni2203,20220218,20220218,133104000,13:31:06,178270,186048,121213,32855959460,13,7,2317550
ni2203,20220218,20220218,133104500,13:31:07,178270,186048,121213,32855959460,0,0,0
ni2203,20220218,20220218,133105500,13:31:08,178270,186048,121213,32855959460,0,0,0
ni2203,20220218,20220218,133107000,13:31:09,178310,186073,121227,32860416340,25,14,4456880
ni2203,20220218,20220218,133107500,13:31:09,178310,186084,121221,32862377750,11,-6,1961410
ni2203,20220218,20220218,133108500,13:31:09,178290,186086,121223,32862734330,2,2,356580
ni2203,20220218,20220218,133109000,13:31:09,178270,186091,121226,32863625680,5,3,891350
ni2203,20220218,20220218,133109500,13:31:10,178270,186092,121226,32863803950,1,0,178270
ni2203,20220218,20220218,133110000,13:31:11,178270,186092,121226,32863803950,0,0,0
ni2203,20220218,20220218,133110500,13:31:11,178280,186094,121226,32864160510,2,0,356560
ni2203,20220218,20220218,133111000,13:31:11,178280,186094,121226,32864160510,0,0,0
ni2203,20220218,20220218,133111500,13:31:12,178310,186097,121228,32864695430,3,2,534920
ni2203,20220218,20220218,133112000,13:31:13,178260,186101,121231,32865408540,4,3,713110
ni2203,20220218,20220218,133112500,13:31:13,178260,186104,121228,32865943320,3,-3,534780
ni2203,20220218,20220218,133113000,13:31:13,178290,186106,121228,32866299900,2,0,356580
ni2203,20220218,20220218,133113500,13:31:14,178290,186114,121227,32867726220,8,-1,1426320
ni2203,20220218,20220218,133114000,13:31:15,178320,186119,121231,32868617680,5,4,891460
ni2203,20220218,20220218,133114500,13:31:15,178320,186123,121232,32869330960,4,1,713280
ni2203,20220218,20220218,133115000,13:31:15,178270,186126,121233,32869865770,3,1,534810
ni2203,20220218,20220218,133115500,13:31:16,178310,186129,121233,32870400660,3,0,534890
ni2203,20220218,20220218,133116000,13:31:16,178310,186129,121233,32870400660,0,0,0
ni2203,20220218,20220218,133116500,13:31:17,178310,186130,121234,32870578970,1,1,178310
ni2203,20220218,20220218,133117000,13:31:18,178310,186130,121234,32870578970,0,0,0
ni2203,20220218,20220218,133117500,13:31:18,178310,186130,121234,32870578970,0,0,0
ni2203,20220218,20220218,133118000,13:31:19,178320,186131,121234,32870757290,1,0,178320
ni2203,20220218,20220218,133118500,13:31:19,178300,186133,121235,32871113900,2,1,356610
ni2203,20220218,20220218,133119500,13:31:20,178300,186133,121235,32871113900,0,0,0
ni2203,20220218,20220218,133120500,13:31:21,178300,186134,121236,32871292200,1,1,178300
ni2203,20220218,20220218,133121000,13:31:21,178320,186137,121235,32871827140,3,-1,534940
ni2203,20220218,20220218,133121500,13:31:22,178320,186139,121234,32872183780,2,-1,356640
ni2203,20220218,20220218,133122000,13:31:23,178320,186140,121233,32872362100,1,-1,178320
ni2203,20220218,20220218,133122500,13:31:25,178320,186143,121231,32872897060,3,-2,534960
ni2203,20220218,20220218,133123000,13:31:25,178320,186143,121231,32872897060,0,0,0
ni2203,20220218,20220218,133123500,13:31:25,178330,186145,121230,32873253710,2,-1,356650
ni2203,20220218,20220218,133124000,13:31:25,178330,186146,121229,32873432040,1,-1,178330
ni2203,20220218,20220218,133124500,13:31:25,178330,186151,121229,32874323690,5,0,891650
ni2203,20220218,20220218,133156000,13:31:56,178350,186172,121236,32878069440,21,7,3745750
ni2203,20220218,20220218,133158000,13:31:58,178350,186176,121236,32878782840,4,0,713400
ni2203,20220218,20220218,133158500,13:31:58,178390,186183,121233,32880031430,7,-3,1248590
ni2203,20220218,20220218,133159500,13:32:00,178380,186203,121222,32883599140,20,-11,3567710
ni2203,20220218,20220218,133200500,13:32:01,178150,186441,121250,32926026980,238,28,42427840
ni2203,20220218,20220218,133201000,13:32:01,178170,186444,121248,32926561390,3,-2,534410
ni2203,20220218,20220218,133201500,13:32:01,178170,186444,121248,32926561390,0,0,0
ni2203,20220218,20220218,133202000,13:32:03,178170,186444,121248,32926561390,0,0,0
ni2203,20220218,20220218,133202500,13:32:04,178170,186444,121248,32926561390,0,0,0
ni2203,20220218,20220218,133203000,13:32:05,178140,186446,121248,32926917670,2,0,356280
ni2203,20220218,20220218,133203500,13:32:05,178140,186450,121250,32927630230,4,2,712560
ni2203,20220218,20220218,133204000,13:32:05,178170,186453,121249,32928164680,3,-1,534450
ni2203,20220218,20220218,133205000,13:32:06,178120,186455,121247,32928520930,2,-2,356250
ni2203,20220218,20220218,133205500,13:32:06,178110,186460,121244,32929411520,5,-3,890590
ni2203,20220218,20220218,133206000,13:32:07,178100,186463,121242,32929945820,3,-2,534300
ni2203,20220218,20220218,133206500,13:32:07,178090,186466,121239,32930480090,3,-3,534270
ni2203,20220218,20220218,133207000,13:32:07,178080,186467,121239,32930658170,1,0,178080
ni2203,20220218,20220218,133207500,13:32:07,178100,186468,121238,32930836270,1,-1,178100
ni2203,20220218,20220218,133208000,13:32:09,178100,186470,121240,32931192470,2,2,356200
ni2203,20220218,20220218,133208500,13:32:10,178100,186471,121240,32931370570,1,0,178100
ni2203,20220218,20220218,133209000,13:32:10,178050,186475,121239,32932082830,4,-1,712260
ni2203,20220218,20220218,133209500,13:32:10,178020,186496,121250,32935821530,21,11,3738700
ni2203,20220218,20220218,133210000,13:32:12,178000,186501,121251,32936711530,5,1,890000
ni2203,20220218,20220218,133210500,13:32:14,177950,186503,121251,32937067440,2,0,355910
ni2203,20220218,20220218,133211000,13:32:14,177950,186503,121251,32937067440,0,0,0
ni2203,20220218,20220218,133213000,13:32:15,177990,186512,121251,32938669160,9,0,1601720
ni2203,20220218,20220218,133214000,13:32:15,177970,186521,121248,32940271070,9,-3,1601910
ni2203,20220218,20220218,133215000,13:32:16,178020,186527,121248,32941339160,6,0,1068090
ni2203,20220218,20220218,133215500,13:32:16,177970,186533,121254,32942406980,6,6,1067820
ni2203,20220218,20220218,133216000,13:32:17,177970,186538,121258,32943296830,5,4,889850
ni2203,20220218,20220218,133216500,13:32:17,178020,186539,121258,32943474850,1,0,178020
ni2203,20220218,20220218,133217000,13:32:17,178040,186541,121259,32943830920,2,1,356070
ni2203,20220218,20220218,133217500,13:32:18,178040,186541,121259,32943830920,0,0,0
ni2203,20220218,20220218,133218000,13:32:18,178040,186541,121259,32943830920,0,0,0
ni2203,20220218,20220218,133218500,13:32:19,178040,186550,121259,32945433070,9,0,1602150
ni2203,20220218,20220218,133219000,13:32:20,177990,186553,121259,32945967090,3,0,534020
ni2203,20220218,20220218,133219500,13:32:20,177990,186554,121258,32946145080,1,-1,177990
ni2203,20220218,20220218,133220000,13:32:21,177990,186554,121258,32946145080,0,0,0
ni2203,20220218,20220218,133220500,13:32:21,177990,186558,121258,32946857030,4,0,711950
ni2203,20220218,20220218,133221000,13:32:22,177990,186565,121254,32948102930,7,-4,1245900
ni2203,20220218,20220218,133221500,13:32:22,178040,186569,121254,32948815010,4,0,712080
ni2203,20220218,20220218,133222000,13:32:23,177990,186574,121255,32949704970,5,1,889960
ni2203,20220218,20220218,133222500,13:32:24,178000,186589,121264,32952374710,15,9,2669740
ni2203,20220218,20220218,133223000,13:32:24,178000,186589,121264,32952374710,0,0,0
ni2203,20220218,20220218,133223500,13:32:24,177990,186590,121263,32952552700,1,-1,177990
ni2203,20220218,20220218,133224000,13:32:24,177980,186593,121261,32953086640,3,-2,533940
ni2203,20220218,20220218,133224500,13:32:25,177990,186594,121262,32953264630,1,1,177990
ni2203,20220218,20220218,133225000,13:32:25,177960,186596,121263,32953620550,2,1,355920
ni2203,20220218,20220218,133225500,13:32:26,177950,186600,121259,32954332350,4,-4,711800
ni2203,20220218,20220218,133226000,13:32:27,177960,186602,121259,32954688270,2,0,355920
ni2203,20220218,20220218,133226500,13:32:27,177960,186607,121260,32955578070,5,1,889800
ni2203,20220218,20220218,133227000,13:32:27,177950,186612,121260,32956467830,5,0,889760
ni2203,20220218,20220218,133227500,13:32:31,177950,186615,121258,32957001690,3,-2,533860
ni2203,20220218,20220218,133228000,13:32:32,177950,186617,121259,32957357590,2,1,355900
ni2203,20220218,20220218,133228500,13:32:32,177960,186620,121259,32957891450,3,0,533860
ni2203,20220218,20220218,133229000,13:32:33,177960,186621,121259,32958069410,1,0,177960
ni2203,20220218,20220218,133232000,13:32:35,177960,186632,121259,32960027000,11,0,1957590
ni2203,20220218,20220218,133232500,13:32:35,177960,186633,121259,32960204960,1,0,177960
ni2203,20220218,20220218,133234500,13:32:35,177960,186640,121258,32961450700,7,-1,1245740
ni2203,20220218,20220218,133235000,13:32:36,177930,186642,121256,32961806560,2,-2,355860
ni2203,20220218,20220218,133235500,13:32:36,177930,186645,121253,32962340350,3,-3,533790
ni2203,20220218,20220218,133236000,13:32:37,177940,186653,121252,32963764080,8,-1,1423730
ni2203,20220218,20220218,133236500,13:32:37,177990,186657,121250,32964476020,4,-2,711940
ni2203,20220218,20220218,133237000,13:32:37,177990,186657,121250,32964476020,0,0,0
ni2203,20220218,20220218,133237500,13:32:38,177990,186659,121250,32964831950,2,0,355930
ni2203,20220218,20220218,133238000,13:32:38,177940,186663,121250,32965543860,4,0,711910
ni2203,20220218,20220218,133238500,13:32:39,177930,186665,121252,32965899720,2,2,355860
ni2203,20220218,20220218,133239000,13:32:39,177930,186665,121252,32965899720,0,0,0
ni2203,20220218,20220218,133239500,13:32:40,177970,186666,121252,32966077690,1,0,177970
ni2203,20220218,20220218,133240000,13:32:40,177970,186666,121252,32966077690,0,0,0
ni2203,20220218,20220218,133240500,13:32:41,177970,186666,121252,32966077690,0,0,0
ni2203,20220218,20220218,133241000,13:32:41,177950,186683,121252,32969103140,17,0,3025450
ni2203,20220218,20220218,133241500,13:32:42,177940,186684,121252,32969281080,1,0,177940
ni2203,20220218,20220218,133242000,13:32:42,177940,186685,121252,32969459020,1,0,177940
ni2203,20220218,20220218,133242500,13:32:42,177940,186687,121254,32969814900,2,2,355880
ni2203,20220218,20220218,133243000,13:32:43,177950,186688,121253,32969992850,1,-1,177950
ni2203,20220218,20220218,133243500,13:32:44,177950,186689,121252,32970170800,1,-1,177950
ni2203,20220218,20220218,133244000,13:32:44,177950,186689,121252,32970170800,0,0,0
ni2203,20220218,20220218,133244500,13:32:45,177950,186689,121252,32970170800,0,0,0
ni2203,20220218,20220218,133245000,13:32:45,177930,186690,121253,32970348730,1,1,177930
ni2203,20220218,20220218,133245500,13:32:45,177920,186691,121253,32970526650,1,0,177920
ni2203,20220218,20220218,133246000,13:32:47,177920,186701,121257,32972305670,10,4,1779020
ni2203,20220218,20220218,133246500,13:32:47,177920,186701,121257,32972305670,0,0,0
ni2203,20220218,20220218,133247000,13:32:47,177920,186701,121257,32972305670,0,0,0
ni2203,20220218,20220218,133247500,13:32:48,177920,186701,121257,32972305670,0,0,0
ni2203,20220218,20220218,133248000,13:32:49,177880,186702,121257,32972483550,1,0,177880
ni2203,20220218,20220218,133248500,13:32:49,177800,186734,121236,32978174150,32,-21,5690600
ni2203,20220218,20220218,133249000,13:32:49,177800,186838,121177,32996662040,104,-59,18487890
ni2203,20220218,20220218,133249500,13:32:50,177770,186855,121185,32999684650,17,8,3022610
ni2203,20220218,20220218,133250000,13:32:50,177770,186863,121186,33001106810,8,1,1422160
ni2203,20220218,20220218,133250500,13:32:52,177810,186876,121190,33003418330,13,4,2311520
ni2203,20220218,20220218,133251000,13:32:52,177860,186889,121193,33005730260,13,3,2311930
ni2203,20220218,20220218,133251500,13:32:53,177850,186911,121186,33009642930,22,-7,3912670
ni2203,20220218,20220218,133252500,13:32:53,177840,186917,121188,33010709800,6,2,1066870
ni2203,20220218,20220218,133253000,13:32:53,177850,186924,121189,33011954520,7,1,1244720
ni2203,20220218,20220218,133253500,13:32:54,177810,186932,121188,33013376930,8,-1,1422410
ni2203,20220218,20220218,133254000,13:32:54,177820,186935,121187,33013910390,3,-1,533460
ni2203,20220218,20220218,133254500,13:32:55,177820,186941,121181,33014977310,6,-6,1066920
ni2203,20220218,20220218,133255000,13:32:55,177780,186946,121179,33015866310,5,-2,889000
ni2203,20220218,20220218,133255500,13:32:55,177790,186951,121180,33016755260,5,1,888950
ni2203,20220218,20220218,133256000,13:32:56,177780,186954,121179,33017288660,3,-1,533400
ni2203,20220218,20220218,133256500,13:32:56,177810,186959,121176,33018177610,5,-3,888950
ni2203,20220218,20220218,133257000,13:32:59,177800,186964,121179,33019066540,5,3,888930
ni2203,20220218,20220218,133257500,13:33:00,177800,186964,121179,33019066540,0,0,0
ni2203,20220218,20220218,133258000,13:33:00,177800,186965,121179,33019244340,1,0,177800
ni2203,20220218,20220218,133258500,13:33:00,177800,186973,121182,33020666700,8,3,1422360
ni2203,20220218,20220218,133259500,13:33:01,177790,186976,121182,33021200070,3,0,533370
ni2203,20220218,20220218,133300000,13:33:01,177790,186981,121179,33022089110,5,-3,889040
ni2203,20220218,20220218,133300500,13:33:01,177780,186982,121179,33022266890,1,0,177780
ni2203,20220218,20220218,133301000,13:33:02,177780,186982,121179,33022266890,0,0,0
ni2203,20220218,20220218,133301500,13:33:02,177760,186996,121182,33024755420,14,3,2488530
ni2203,20220218,20220218,133302000,13:33:03,177760,187001,121185,33025644230,5,3,888810
ni2203,20220218,20220218,133302500,13:33:03,177750,187006,121182,33026532980,5,-3,888750
ni2203,20220218,20220218,133303000,13:33:04,177750,187010,121179,33027243980,4,-3,711000
ni2203,20220218,20220218,133303500,13:33:04,177730,187014,121179,33027954840,4,0,710860
ni2203,20220218,20220218,133304000,13:33:04,177690,187024,121179,33029731810,10,0,1776970
ni2203,20220218,20220218,133304500,13:33:05,177690,187027,121177,33030264880,3,-2,533070
ni2203,20220218,20220218,133305000,13:33:05,177650,187044,121177,33033285510,17,0,3020630
ni2203,20220218,20220218,133305500,13:33:06,177680,187052,121176,33034706890,8,-1,1421380
ni2203,20220218,20220218,133306000,13:33:06,177680,187062,121176,33036483690,10,0,1776800
ni2203,20220218,20220218,133306500,13:33:06,177660,187067,121173,33037372030,5,-3,888340
ni2203,20220218,20220218,133307000,13:33:07,177660,187076,121175,33038970940,9,2,1598910
ni2203,20220218,20220218,133307500,13:33:08,177680,187078,121174,33039326270,2,-1,355330
ni2203,20220218,20220218,133308000,13:33:08,177680,187079,121173,33039503950,1,-1,177680
ni2203,20220218,20220218,133308500,13:33:09,177670,187082,121174,33040036980,3,1,533030
ni2203,20220218,20220218,133309000,13:33:10,177680,187092,121177,33041813940,10,3,1776960
ni2203,20220218,20220218,133309500,13:33:11,177720,187099,121175,33043057700,7,-2,1243760
ni2203,20220218,20220218,133310000,13:33:11,177750,187120,121184,33046790300,21,9,3732600
ni2203,20220218,20220218,133310500,13:33:12,177760,187127,121179,33048034520,7,-5,1244220
ni2203,20220218,20220218,133311000,13:33:13,177740,187142,121191,33050700600,15,12,2666080
ni2203,20220218,20220218,133311500,13:33:14,177740,187142,121191,33050700600,0,0,0
ni2203,20220218,20220218,133312000,13:33:14,177750,187145,121190,33051233870,3,-1,533270
ni2203,20220218,20220218,133313500,13:33:15,177740,187153,121189,33052655800,8,-1,1421930
ni2203,20220218,20220218,133314000,13:33:17,177730,187155,121190,33053011270,2,1,355470
ni2203,20220218,20220218,133314500,13:33:17,177760,187156,121190,33053189030,1,0,177760
ni2203,20220218,20220218,133315000,13:33:18,177700,187163,121185,33054433070,7,-5,1244040
ni2203,20220218,20220218,133317000,13:33:18,177790,187179,121186,33057277140,16,1,2844070
ni2203,20220218,20220218,133318000,13:33:19,177800,187211,121180,33062964330,32,-6,5687190
ni2203,20220218,20220218,133318500,13:33:19,177770,187214,121181,33063497620,3,1,533290
ni2203,20220218,20220218,133319000,13:33:20,177770,187217,121182,33064030920,3,1,533300
ni2203,20220218,20220218,133319500,13:33:20,177780,187221,121184,33064742040,4,2,711120
ni2203,20220218,20220218,133320000,13:33:21,177810,187222,121183,33064919850,1,-1,177810
ni2203,20220218,20220218,133320500,13:33:21,177800,187223,121184,33065097650,1,1,177800
ni2203,20220218,20220218,133321000,13:33:22,177770,187224,121184,33065275420,1,0,177770
ni2203,20220218,20220218,133321500,13:33:22,177770,187225,121183,33065453190,1,-1,177770
ni2203,20220218,20220218,133322000,13:33:22,177800,187232,121181,33066697600,7,-2,1244410
ni2203,20220218,20220218,133322500,13:33:22,177800,187235,121183,33067230940,3,2,533340
ni2203,20220218,20220218,133323000,13:33:23,177770,187236,121183,33067408710,1,0,177770
ni2203,20220218,20220218,133323500,13:33:24,177770,187236,121183,33067408710,0,0,0
ni2203,20220218,20220218,133324000,13:33:24,177800,187237,121182,33067586510,1,-1,177800
ni2203,20220218,20220218,133324500,13:33:25,177800,187241,121185,33068297680,4,3,711170
ni2203,20220218,20220218,133325000,13:33:26,177780,187245,121189,33069008830,4,4,711150
ni2203,20220218,20220218,133325500,13:33:27,177770,187246,121190,33069186600,1,1,177770
ni2203,20220218,20220218,133326000,13:33:28,177770,187248,121192,33069542130,2,2,355530
ni2203,20220218,20220218,133326500,13:33:29,177750,187250,121192,33069897630,2,0,355500
ni2203,20220218,20220218,133327000,13:33:29,177750,187251,121193,33070075380,1,1,177750
ni2203,20220218,20220218,133328500,13:33:30,177760,187256,121194,33070964160,5,1,888780
ni2203,20220218,20220218,133329000,13:33:30,177750,187257,121194,33071141910,1,0,177750
ni2203,20220218,20220218,133329500,13:33:30,177750,187259,121194,33071497410,2,0,355500
ni2203,20220218,20220218,133330000,13:33:30,177750,187260,121195,33071675160,1,1,177750
ni2203,20220218,20220218,133330500,13:33:31,177750,187260,121195,33071675160,0,0,0
ni2203,20220218,20220218,133331000,13:33:32,177760,187261,121195,33071852920,1,0,177760
ni2203,20220218,20220218,133331500,13:33:32,177760,187263,121193,33072208440,2,-2,355520
ni2203,20220218,20220218,133332000,13:33:32,177760,187263,121193,33072208440,0,0,0
ni2203,20220218,20220218,133332500,13:33:33,177750,187265,121194,33072563940,2,1,355500
ni2203,20220218,20220218,133333000,13:33:33,177770,187267,121195,33072919460,2,1,355520
ni2203,20220218,20220218,133333500,13:33:33,177770,187268,121196,33073097230,1,1,177770
ni2203,20220218,20220218,133334000,13:33:34,177770,187281,121206,33075407880,13,10,2310650
ni2203,20220218,20220218,133334500,13:33:34,177770,187281,121206,33075407880,0,0,0
ni2203,20220218,20220218,133335000,13:33:35,177770,187281,121206,33075407880,0,0,0
ni2203,20220218,20220218,133335500,13:33:35,177770,187282,121207,33075585650,1,1,177770
ni2203,20220218,20220218,133336000,13:33:36,177770,187282,121207,33075585650,0,0,0
ni2203,20220218,20220218,133336500,13:33:36,177780,187283,121208,33075763430,1,1,177780
ni2203,20220218,20220218,133337000,13:33:37,177770,187287,121207,33076474570,4,-1,711140
ni2203,20220218,20220218,133337500,13:33:37,177790,187288,121208,33076652360,1,1,177790
ni2203,20220218,20220218,133338000,13:33:38,177820,187308,121206,33080208460,20,-2,3556100
ni2203,20220218,20220218,133338500,13:33:39,177780,187320,121208,33082342230,12,2,2133770
ni2203,20220218,20220218,133339000,13:33:39,177790,187322,121208,33082697810,2,0,355580
ni2203,20220218,20220218,133339500,13:33:40,177790,187323,121209,33082875600,1,1,177790
ni2203,20220218,20220218,133340000,13:33:40,177790,187323,121209,33082875600,0,0,0
ni2203,20220218,20220218,133340500,13:33:41,177790,187323,121209,33082875600,0,0,0
ni2203,20220218,20220218,133341000,13:33:41,177790,187323,121209,33082875600,0,0,0
ni2203,20220218,20220218,133341500,13:33:42,177790,187324,121209,33083053390,1,0,177790
ni2203,20220218,20220218,133342000,13:33:42,177790,187324,121209,33083053390,0,0,0
ni2203,20220218,20220218,133342500,13:33:42,177800,187325,121210,33083231190,1,1,177800
ni2203,20220218,20220218,133343000,13:33:43,177800,187325,121210,33083231190,0,0,0
ni2203,20220218,20220218,133343500,13:33:44,177800,187327,121211,33083586820,2,1,355630
ni2203,20220218,20220218,133344000,13:33:45,177800,187327,121211,33083586820,0,0,0
ni2203,20220218,20220218,133344500,13:33:45,177840,187328,121210,33083764660,1,-1,177840
ni2203,20220218,20220218,133345000,13:33:45,177840,187328,121210,33083764660,0,0,0
ni2203,20220218,20220218,133345500,13:33:47,177840,187329,121210,33083942500,1,0,177840
ni2203,20220218,20220218,133346000,13:33:47,177840,187329,121210,33083942500,0,0,0
ni2203,20220218,20220218,133346500,13:33:48,177840,187329,121210,33083942500,0,0,0
ni2203,20220218,20220218,133347000,13:33:48,177840,187329,121210,33083942500,0,0,0
ni2203,20220218,20220218,133347500,13:33:49,177840,187331,121210,33084298180,2,0,355680
ni2203,20220218,20220218,133348000,13:33:49,177840,187331,121210,33084298180,0,0,0
ni2203,20220218,20220218,133348500,13:33:50,177800,187332,121211,33084475980,1,1,177800
ni2203,20220218,20220218,133349000,13:33:50,177820,187333,121211,33084653800,1,0,177820
ni2203,20220218,20220218,133349500,13:33:50,177820,187336,121211,33085187260,3,0,533460
ni2203,20220218,20220218,133350000,13:33:50,177820,187336,121211,33085187260,0,0,0
ni2203,20220218,20220218,133350500,13:33:50,177820,187338,121210,33085542900,2,-1,355640
ni2203,20220218,20220218,133351000,13:33:51,177810,187341,121209,33086076350,3,-1,533450
ni2203,20220218,20220218,133351500,13:33:52,177810,187341,121209,33086076350,0,0,0
ni2203,20220218,20220218,133352000,13:33:52,177810,187341,121209,33086076350,0,0,0
ni2203,20220218,20220218,133352500,13:33:52,177820,187342,121208,33086254170,1,-1,177820
ni2203,20220218,20220218,133353000,13:33:53,177820,187342,121208,33086254170,0,0,0
ni2203,20220218,20220218,133353500,13:33:53,177820,187342,121208,33086254170,0,0,0
ni2203,20220218,20220218,133354000,13:33:54,177820,187343,121207,33086431990,1,-1,177820
ni2203,20220218,20220218,133354500,13:33:55,177820,187343,121207,33086431990,0,0,0
ni2203,20220218,20220218,133355000,13:33:56,177820,187343,121207,33086431990,0,0,0
ni2203,20220218,20220218,133355500,13:33:56,177820,187344,121206,33086609810,1,-1,177820
ni2203,20220218,20220218,133356000,13:33:57,177820,187346,121206,33086965450,2,0,355640
ni2203,20220218,20220218,133356500,13:33:57,177840,187347,121206,33087143290,1,0,177840
ni2203,20220218,20220218,133357000,13:33:57,177840,187348,121206,33087321130,1,0,177840
ni2203,20220218,20220218,133357500,13:33:58,177840,187349,121206,33087498970,1,0,177840
ni2203,20220218,20220218,133358000,13:33:58,177840,187349,121206,33087498970,0,0,0
ni2203,20220218,20220218,133358500,13:33:59,177840,187349,121206,33087498970,0,0,0
ni2203,20220218,20220218,133359000,13:33:59,177840,187349,121206,33087498970,0,0,0
ni2203,20220218,20220218,133359500,13:34:00,177840,187350,121206,33087676810,1,0,177840
ni2203,20220218,20220218,133400000,13:34:00,177860,187355,121206,33088566100,5,0,889290
ni2203,20220218,20220218,133400500,13:34:01,177870,187362,121202,33089811200,7,-4,1245100
ni2203,20220218,20220218,133401000,13:34:02,177880,187365,121202,33090344840,3,0,533640
ni2203,20220218,20220218,133401500,13:34:02,177870,187367,121202,33090700590,2,0,355750
ni2203,20220218,20220218,133402000,13:34:10,177880,187368,121202,33090878470,1,0,177880
ni2203,20220218,20220218,133402500,13:34:10,177880,187368,121202,33090878470,0,0,0
