ni2205,20220218,20220218,112002000,11:20:05,173680,33168,52986,5718359870,33168,4400,5718359870
ni2205,20220218,20220218,112004500,11:20:09,173680,33168,52986,5718359870,0,0,0
ni2205,20220218,20220218,112005000,11:20:10,173680,33168,52986,5718359870,0,0,0
ni2205,20220218,20220218,112006000,11:20:10,173680,33168,52986,5718359870,0,0,0
ni2205,20220218,20220218,112006500,11:20:10,173720,33170,52987,5718707310,2,1,347440
ni2205,20220218,20220218,112007000,11:20:10,173720,33170,52987,5718707310,0,0,0
ni2205,20220218,20220218,112007500,11:20:10,173720,33170,52987,5718707310,0,0,0
ni2205,20220218,20220218,112009000,11:20:10,173720,33170,52987,5718707310,0,0,0
ni2205,20220218,20220218,112009500,11:20:10,173720,33170,52987,5718707310,0,0,0
ni2205,20220218,20220218,112010500,11:20:10,173720,33170,52987,5718707310,0,0,0
ni2205,20220218,20220218,112011000,11:20:11,173720,33170,52987,5718707310,0,0,0
ni2205,20220218,20220218,112011500,11:20:12,173720,33170,52987,5718707310,0,0,0
ni2205,20220218,20220218,112012000,11:20:12,173720,33170,52987,5718707310,0,0,0
ni2205,20220218,20220218,112012500,11:20:12,173720,33170,52987,5718707310,0,0,0
ni2205,20220218,20220218,112014000,11:20:14,173720,33170,52987,5718707310,0,0,0
ni2205,20220218,20220218,112014500,11:20:14,173720,33170,52987,5718707310,0,0,0
ni2205,20220218,20220218,112015000,11:20:15,173720,33170,52987,5718707310,0,0,0
ni2205,20220218,20220218,112015500,11:20:16,173720,33170,52987,5718707310,0,0,0
ni2205,20220218,20220218,112016000,11:20:16,173720,33170,52987,5718707310,0,0,0
ni2205,20220218,20220218,112016500,11:20:16,173720,33170,52987,5718707310,0,0,0
ni2205,20220218,20220218,112017000,11:20:17,173720,33170,52987,5718707310,0,0,0
ni2205,20220218,20220218,112017500,11:20:17,173720,33170,52987,5718707310,0,0,0
ni2205,20220218,20220218,112018000,11:20:18,173720,33170,52987,5718707310,0,0,0
ni2205,20220218,20220218,112019000,11:20:19,173720,33170,52987,5718707310,0,0,0
ni2205,20220218,20220218,112020500,11:20:20,173720,33170,52987,5718707310,0,0,0
ni2205,20220218,20220218,112024000,11:20:24,173720,33170,52987,5718707310,0,0,0
ni2205,20220218,20220218,112024500,11:20:24,173720,33170,52987,5718707310,0,0,0
ni2205,20220218,20220218,112025500,11:20:25,173720,33170,52987,5718707310,0,0,0
ni2205,20220218,20220218,112026500,11:20:26,173720,33170,52987,5718707310,0,0,0
ni2205,20220218,20220218,112028000,11:20:28,173720,33170,52987,5718707310,0,0,0
ni2205,20220218,20220218,112028500,11:20:28,173720,33170,52987,5718707310,0,0,0
ni2205,20220218,20220218,112029000,11:20:29,173720,33170,52987,5718707310,0,0,0
ni2205,20220218,20220218,112029500,11:20:30,173680,33172,52988,5719054670,2,1,347360
ni2205,20220218,20220218,112030000,11:20:31,173680,33172,52988,5719054670,0,0,0
ni2205,20220218,20220218,112030500,11:20:31,173680,33172,52988,5719054670,0,0,0
ni2205,20220218,20220218,112031000,11:20:31,173660,33174,52989,5719401990,2,1,347320
ni2205,20220218,20220218,112031500,11:20:32,173650,33178,52992,5720096590,4,3,694600
ni2205,20220218,20220218,112032000,11:20:32,173650,33178,52992,5720096590,0,0,0
ni2205,20220218,20220218,112032500,11:20:32,173650,33178,52992,5720096590,0,0,0
ni2205,20220218,20220218,112033000,11:20:33,173620,33179,52992,5720270210,1,0,173620
ni2205,20220218,20220218,112033500,11:20:33,173610,33180,52992,5720443820,1,0,173610
ni2205,20220218,20220218,112034000,11:20:34,173630,33182,52993,5720791050,2,1,347230
ni2205,20220218,20220218,112034500,11:20:35,173590,33186,52991,5721485430,4,-2,694380
ni2205,20220218,20220218,112035000,11:20:35,173590,33186,52991,5721485430,0,0,0
ni2205,20220218,20220218,112035500,11:20:35,173590,33186,52991,5721485430,0,0,0
ni2205,20220218,20220218,112036000,11:20:36,173590,33186,52991,5721485430,0,0,0
ni2205,20220218,20220218,112036500,11:20:37,173590,33186,52991,5721485430,0,0,0
ni2205,20220218,20220218,112037000,11:20:37,173590,33186,52991,5721485430,0,0,0
ni2205,20220218,20220218,112037500,11:20:38,173550,33187,52990,5721658980,1,-1,173550
ni2205,20220218,20220218,112038000,11:20:38,173520,33188,52990,5721832500,1,0,173520
ni2205,20220218,20220218,112038500,11:20:38,173510,33209,52990,5725475870,21,0,3643370
ni2205,20220218,20220218,112039000,11:20:39,173510,33211,52988,5725822890,2,-2,347020
ni2205,20220218,20220218,112039500,11:20:40,173520,33212,52987,5725996410,1,-1,173520
ni2205,20220218,20220218,112040000,11:20:40,173520,33212,52987,5725996410,0,0,0
ni2205,20220218,20220218,112040500,11:20:41,173520,33212,52987,5725996410,0,0,0
ni2205,20220218,20220218,112041000,11:20:41,173540,33214,52988,5726343550,2,1,347140
ni2205,20220218,20220218,112041500,11:20:41,173620,33215,52988,5726517170,1,0,173620
ni2205,20220218,20220218,112042000,11:20:42,173620,33215,52988,5726517170,0,0,0
ni2205,20220218,20220218,112042500,11:20:42,173620,33215,52988,5726517170,0,0,0
ni2205,20220218,20220218,112043000,11:20:43,173620,33215,52988,5726517170,0,0,0
ni2205,20220218,20220218,112043500,11:20:44,173620,33215,52988,5726517170,0,0,0
ni2205,20220218,20220218,112044000,11:20:44,173620,33215,52988,5726517170,0,0,0
ni2205,20220218,20220218,112044500,11:20:44,173620,33215,52988,5726517170,0,0,0
ni2205,20220218,20220218,112045000,11:20:45,173620,33215,52988,5726517170,0,0,0
ni2205,20220218,20220218,112045500,11:20:46,173620,33215,52988,5726517170,0,0,0
ni2205,20220218,20220218,112046000,11:20:46,173620,33215,52988,5726517170,0,0,0
ni2205,20220218,20220218,112046500,11:20:46,173620,33215,52988,5726517170,0,0,0
ni2205,20220218,20220218,112047000,11:20:47,173620,33215,52988,5726517170,0,0,0
ni2205,20220218,20220218,112047500,11:20:48,173620,33215,52988,5726517170,0,0,0
ni2205,20220218,20220218,112048000,11:20:48,173620,33215,52988,5726517170,0,0,0
ni2205,20220218,20220218,112048500,11:20:50,173620,33215,52988,5726517170,0,0,0
ni2205,20220218,20220218,112049000,11:20:50,173620,33215,52988,5726517170,0,0,0
ni2205,20220218,20220218,112049500,11:20:50,173620,33215,52988,5726517170,0,0,0
ni2205,20220218,20220218,112050500,11:20:51,173620,33215,52988,5726517170,0,0,0
ni2205,20220218,20220218,112051000,11:20:51,173620,33215,52988,5726517170,0,0,0
ni2205,20220218,20220218,112051500,11:20:51,173720,33216,52988,5726690890,1,0,173720
ni2205,20220218,20220218,112052000,11:20:52,173720,33216,52988,5726690890,0,0,0
ni2205,20220218,20220218,112052500,11:20:53,173720,33216,52988,5726690890,0,0,0
ni2205,20220218,20220218,112053500,11:20:53,173720,33216,52988,5726690890,0,0,0
ni2205,20220218,20220218,112054000,11:20:54,173720,33216,52988,5726690890,0,0,0
ni2205,20220218,20220218,112054500,11:20:55,173720,33216,52988,5726690890,0,0,0
ni2205,20220218,20220218,112055000,11:20:55,173720,33216,52988,5726690890,0,0,0
ni2205,20220218,20220218,112055500,11:20:56,173720,33216,52988,5726690890,0,0,0
ni2205,20220218,20220218,112056500,11:20:56,173720,33216,52988,5726690890,0,0,0
ni2205,20220218,20220218,112057000,11:20:57,173710,33218,52989,5727038300,2,1,347410
ni2205,20220218,20220218,112057500,11:20:58,173720,33220,52990,5727385740,2,1,347440
ni2205,20220218,20220218,112058000,11:20:58,173720,33220,52990,5727385740,0,0,0
ni2205,20220218,20220218,112058500,11:20:59,173720,33220,52990,5727385740,0,0,0
ni2205,20220218,20220218,112059000,11:20:59,173700,33221,52990,5727559440,1,0,173700
ni2205,20220218,20220218,112059500,11:21:00,173700,33221,52990,5727559440,0,0,0
ni2205,20220218,20220218,112100000,11:21:00,173700,33221,52990,5727559440,0,0,0
ni2205,20220218,20220218,112101000,11:21:01,173700,33221,52990,5727559440,0,0,0
ni2205,20220218,20220218,112101500,11:21:02,173720,33222,52990,5727733160,1,0,173720
ni2205,20220218,20220218,112102000,11:21:02,173700,33224,52989,5728080590,2,-1,347430
ni2205,20220218,20220218,112102500,11:21:03,173700,33224,52989,5728080590,0,0,0
ni2205,20220218,20220218,112103000,11:21:03,173700,33224,52989,5728080590,0,0,0
ni2205,20220218,20220218,112103500,11:21:03,173700,33224,52989,5728080590,0,0,0
ni2205,20220218,20220218,112104000,11:21:04,173680,33225,52989,5728254270,1,0,173680
ni2205,20220218,20220218,112104500,11:21:05,173600,33229,52987,5728948820,4,-2,694550
ni2205,20220218,20220218,112105000,11:21:05,173600,33229,52987,5728948820,0,0,0
ni2205,20220218,20220218,112105500,11:21:06,173600,33229,52987,5728948820,0,0,0
ni2205,20220218,20220218,112106000,11:21:07,173600,33229,52987,5728948820,0,0,0
ni2205,20220218,20220218,112106500,11:21:07,173600,33229,52987,5728948820,0,0,0
ni2205,20220218,20220218,112107000,11:21:09,173600,33229,52987,5728948820,0,0,0
ni2205,20220218,20220218,112107500,11:21:10,173600,33229,52987,5728948820,0,0,0
ni2205,20220218,20220218,112108000,11:21:10,173600,33229,52987,5728948820,0,0,0
ni2205,20220218,20220218,112108500,11:21:10,173600,33229,52987,5728948820,0,0,0
ni2205,20220218,20220218,112110000,11:21:10,173600,33229,52987,5728948820,0,0,0
ni2205,20220218,20220218,112110500,11:21:11,173600,33229,52987,5728948820,0,0,0
ni2205,20220218,20220218,112111000,11:21:11,173600,33229,52987,5728948820,0,0,0
ni2205,20220218,20220218,112111500,11:21:12,173600,33229,52987,5728948820,0,0,0
ni2205,20220218,20220218,112112000,11:21:12,173600,33229,52987,5728948820,0,0,0
ni2205,20220218,20220218,112112500,11:21:12,173600,33229,52987,5728948820,0,0,0
ni2205,20220218,20220218,112113000,11:21:13,173600,33229,52987,5728948820,0,0,0
ni2205,20220218,20220218,112113500,11:21:13,173600,33229,52987,5728948820,0,0,0
ni2205,20220218,20220218,112114000,11:21:14,173600,33229,52987,5728948820,0,0,0
ni2205,20220218,20220218,112114500,11:21:14,173600,33229,52987,5728948820,0,0,0
ni2205,20220218,20220218,112115000,11:21:15,173600,33229,52987,5728948820,0,0,0
ni2205,20220218,20220218,112115500,11:21:15,173610,33231,52987,5729296060,2,0,347240
ni2205,20220218,20220218,112116000,11:21:16,173630,33232,52986,5729469690,1,-1,173630
ni2205,20220218,20220218,112116500,11:21:16,173630,33232,52986,5729469690,0,0,0
ni2205,20220218,20220218,112117000,11:21:17,173610,33235,52987,5729990520,3,1,520830
ni2205,20220218,20220218,112118000,11:21:18,173670,33236,52987,5730164190,1,0,173670
ni2205,20220218,20220218,112118500,11:21:18,173680,33238,52987,5730511540,2,0,347350
ni2205,20220218,20220218,112119000,11:21:19,173680,33239,52987,5730685220,1,0,173680
ni2205,20220218,20220218,112120000,11:21:20,173680,33240,52986,5730858900,1,-1,173680
ni2205,20220218,20220218,112120500,11:21:21,173680,33245,52986,5731727300,5,0,868400
ni2205,20220218,20220218,112121000,11:21:22,173680,33266,52985,5735374570,21,-1,3647270
ni2205,20220218,20220218,112121500,11:21:22,173680,33268,52985,5735721900,2,0,347330
ni2205,20220218,20220218,112122000,11:21:22,173680,33268,52985,5735721900,0,0,0
ni2205,20220218,20220218,112122500,11:21:22,173680,33268,52985,5735721900,0,0,0
ni2205,20220218,20220218,112123000,11:21:23,173680,33268,52985,5735721900,0,0,0
ni2205,20220218,20220218,112123500,11:21:23,173680,33268,52985,5735721900,0,0,0
ni2205,20220218,20220218,112124000,11:21:24,173680,33268,52985,5735721900,0,0,0
ni2205,20220218,20220218,112124500,11:21:25,173680,33268,52985,5735721900,0,0,0
ni2205,20220218,20220218,112125000,11:21:57,173680,33268,52985,5735721900,0,0,0
ni2205,20220218,20220218,112125500,11:23:32,173680,33268,52985,5735721900,0,0,0
ni2205,20220218,20220218,112126000,11:23:32,173680,33268,52985,5735721900,0,0,0
ni2205,20220218,20220218,112126500,11:23:33,173680,33268,52985,5735721900,0,0,0
ni2205,20220218,20220218,112332500,11:23:33,173680,33268,52985,5735721900,0,0,0
ni2205,20220218,20220218,112333000,11:23:33,173680,33268,52985,5735721900,0,0,0
ni2205,20220218,20220218,112333500,11:23:33,173680,33268,52985,5735721900,0,0,0
ni2205,20220218,20220218,112334000,11:23:34,173680,33268,52985,5735721900,0,0,0
ni2205,20220218,20220218,112334500,11:23:34,173680,33268,52985,5735721900,0,0,0
ni2205,20220218,20220218,112336500,11:23:38,173680,33268,52985,5735721900,0,0,0
ni2205,20220218,20220218,112337000,11:23:38,173680,33268,52985,5735721900,0,0,0
ni2205,20220218,20220218,112337500,11:23:38,173680,33268,52985,5735721900,0,0,0
ni2205,20220218,20220218,112338000,11:23:38,173670,33467,52979,5770285540,199,-6,34563640
ni2205,20220218,20220218,112338500,11:23:38,173670,33467,52979,5770285540,0,0,0
ni2205,20220218,20220218,112340000,11:23:40,173670,33467,52979,5770285540,0,0,0
ni2205,20220218,20220218,112343000,11:23:43,173670,33467,52979,5770285540,0,0,0
ni2205,20220218,20220218,112343500,11:23:43,173670,33467,52979,5770285540,0,0,0
ni2205,20220218,20220218,112344000,11:23:45,173670,33467,52979,5770285540,0,0,0
ni2205,20220218,20220218,112344500,11:23:48,173670,33467,52979,5770285540,0,0,0
ni2205,20220218,20220218,112345000,11:23:48,173670,33467,52979,5770285540,0,0,0
ni2205,20220218,20220218,112345500,11:23:48,173670,33467,52979,5770285540,0,0,0
ni2205,20220218,20220218,112346000,11:23:48,173670,33467,52979,5770285540,0,0,0
ni2205,20220218,20220218,112347500,11:23:48,173670,33467,52979,5770285540,0,0,0
ni2205,20220218,20220218,112348500,11:23:49,173710,33468,52978,5770459250,1,-1,173710
ni2205,20220218,20220218,112349000,11:23:49,173710,33468,52978,5770459250,0,0,0
ni2205,20220218,20220218,112349500,11:23:50,173710,33468,52978,5770459250,0,0,0
ni2205,20220218,20220218,112350000,11:23:50,173710,33468,52978,5770459250,0,0,0
ni2205,20220218,20220218,112350500,11:23:50,173710,33468,52978,5770459250,0,0,0
ni2205,20220218,20220218,112351000,11:23:51,173710,33468,52978,5770459250,0,0,0
ni2205,20220218,20220218,112351500,11:23:51,173710,33468,52978,5770459250,0,0,0
ni2205,20220218,20220218,112352000,11:23:52,173710,33468,52978,5770459250,0,0,0
ni2205,20220218,20220218,112352500,11:23:52,173710,33468,52978,5770459250,0,0,0
ni2205,20220218,20220218,112353500,11:23:53,173710,33468,52978,5770459250,0,0,0
ni2205,20220218,20220218,112354000,11:23:54,173710,33468,52978,5770459250,0,0,0
ni2205,20220218,20220218,112354500,11:23:55,173710,33468,52978,5770459250,0,0,0
ni2205,20220218,20220218,112355000,11:23:55,173710,33468,52978,5770459250,0,0,0
ni2205,20220218,20220218,112355500,11:23:55,173710,33468,52978,5770459250,0,0,0
ni2205,20220218,20220218,112356000,11:23:56,173710,33468,52978,5770459250,0,0,0
ni2205,20220218,20220218,112356500,11:23:56,173710,33468,52978,5770459250,0,0,0
ni2205,20220218,20220218,112357000,11:23:57,173710,33468,52978,5770459250,0,0,0
ni2205,20220218,20220218,112357500,11:23:57,173710,33468,52978,5770459250,0,0,0
ni2205,20220218,20220218,112358000,11:23:58,173710,33468,52978,5770459250,0,0,0
ni2205,20220218,20220218,112358500,11:23:58,173710,33468,52978,5770459250,0,0,0
ni2205,20220218,20220218,112359000,11:23:59,173710,33468,52978,5770459250,0,0,0
ni2205,20220218,20220218,112359500,11:23:59,173710,33468,52978,5770459250,0,0,0
ni2205,20220218,20220218,112400000,11:24:00,173710,33468,52978,5770459250,0,0,0
ni2205,20220218,20220218,112400500,11:24:00,173710,33468,52978,5770459250,0,0,0
ni2205,20220218,20220218,112401000,11:24:01,173660,33469,52978,5770632910,1,0,173660
ni2205,20220218,20220218,112401500,11:24:01,173680,33470,52978,5770806590,1,0,173680
ni2205,20220218,20220218,112402000,11:24:02,173690,33472,52977,5771153960,2,-1,347370
ni2205,20220218,20220218,112402500,11:24:02,173690,33472,52977,5771153960,0,0,0
ni2205,20220218,20220218,112403000,11:24:03,173690,33472,52977,5771153960,0,0,0
ni2205,20220218,20220218,112403500,11:24:03,173690,33472,52977,5771153960,0,0,0
ni2205,20220218,20220218,112404500,11:24:04,173680,33475,52974,5771675000,3,-3,521040
ni2205,20220218,20220218,112405000,11:24:05,173680,33475,52974,5771675000,0,0,0
ni2205,20220218,20220218,112406000,11:24:06,173680,33475,52974,5771675000,0,0,0
ni2205,20220218,20220218,112406500,11:24:06,173680,33475,52974,5771675000,0,0,0
ni2205,20220218,20220218,112408500,11:24:08,173680,33475,52974,5771675000,0,0,0
ni2205,20220218,20220218,112409000,11:24:09,173680,33475,52974,5771675000,0,0,0
ni2205,20220218,20220218,112409500,11:24:11,173680,33475,52974,5771675000,0,0,0
ni2205,20220218,20220218,112410000,11:24:12,173680,33475,52974,5771675000,0,0,0
ni2205,20220218,20220218,112410500,11:24:12,173680,33475,52974,5771675000,0,0,0
ni2205,20220218,20220218,112411000,11:24:12,173680,33475,52974,5771675000,0,0,0
ni2205,20220218,20220218,112411500,11:24:12,173620,33476,52974,5771848620,1,0,173620
ni2205,20220218,20220218,112412000,11:24:12,173620,33476,52974,5771848620,0,0,0
ni2205,20220218,20220218,112412500,11:24:12,173600,33477,52975,5772022220,1,1,173600
ni2205,20220218,20220218,112413000,11:24:13,173600,33478,52976,5772195820,1,1,173600
ni2205,20220218,20220218,112413500,11:24:14,173600,33478,52976,5772195820,0,0,0
ni2205,20220218,20220218,112414000,11:24:14,173600,33478,52976,5772195820,0,0,0
ni2205,20220218,20220218,112414500,11:24:14,173620,33480,52976,5772543060,2,0,347240
ni2205,20220218,20220218,112415000,11:24:15,173620,33481,52977,5772716680,1,1,173620
ni2205,20220218,20220218,112415500,11:24:15,173620,33481,52977,5772716680,0,0,0
ni2205,20220218,20220218,112416000,11:24:16,173620,33484,52977,5773237550,3,0,520870
ni2205,20220218,20220218,112416500,11:24:16,173620,33484,52977,5773237550,0,0,0
ni2205,20220218,20220218,112417000,11:24:17,173600,33485,52978,5773411150,1,1,173600
ni2205,20220218,20220218,112417500,11:24:18,173600,33486,52979,5773584750,1,1,173600
ni2205,20220218,20220218,112418000,11:24:18,173600,33486,52979,5773584750,0,0,0
ni2205,20220218,20220218,112418500,11:24:19,173600,33486,52979,5773584750,0,0,0
ni2205,20220218,20220218,112419000,11:24:19,173600,33486,52979,5773584750,0,0,0
ni2205,20220218,20220218,112419500,11:24:19,173600,33486,52979,5773584750,0,0,0
ni2205,20220218,20220218,112420000,11:24:20,173600,33486,52979,5773584750,0,0,0
ni2205,20220218,20220218,112420500,11:24:20,173600,33486,52979,5773584750,0,0,0
ni2205,20220218,20220218,112421000,11:24:21,173600,33486,52979,5773584750,0,0,0
ni2205,20220218,20220218,112421500,11:24:22,173600,33486,52979,5773584750,0,0,0
ni2205,20220218,20220218,112422000,11:24:22,173600,33486,52979,5773584750,0,0,0
ni2205,20220218,20220218,112422500,11:24:23,173600,33486,52979,5773584750,0,0,0
ni2205,20220218,20220218,112423500,11:24:23,173600,33486,52979,5773584750,0,0,0
ni2205,20220218,20220218,112427000,11:24:27,173600,33486,52979,5773584750,0,0,0
ni2205,20220218,20220218,112427500,11:24:28,173600,33486,52979,5773584750,0,0,0
ni2205,20220218,20220218,112428000,11:24:28,173600,33486,52979,5773584750,0,0,0
ni2205,20220218,20220218,112429000,11:24:29,173600,33486,52979,5773584750,0,0,0
ni2205,20220218,20220218,112429500,11:24:29,173600,33486,52979,5773584750,0,0,0
ni2205,20220218,20220218,112430000,11:24:30,173600,33486,52979,5773584750,0,0,0
ni2205,20220218,20220218,112430500,11:24:30,173600,33486,52979,5773584750,0,0,0
ni2205,20220218,20220218,112431000,11:24:31,173600,33486,52979,5773584750,0,0,0
ni2205,20220218,20220218,112431500,11:24:31,173680,33487,52978,5773758430,1,-1,173680
ni2205,20220218,20220218,112432000,11:24:32,173680,33487,52978,5773758430,0,0,0
ni2205,20220218,20220218,112432500,11:24:32,173680,33487,52978,5773758430,0,0,0
ni2205,20220218,20220218,112433000,11:24:33,173680,33487,52978,5773758430,0,0,0
ni2205,20220218,20220218,112433500,11:24:33,173680,33487,52978,5773758430,0,0,0
ni2205,20220218,20220218,112434000,11:24:34,173680,33487,52978,5773758430,0,0,0
ni2205,20220218,20220218,112434500,11:24:34,173680,33487,52978,5773758430,0,0,0
ni2205,20220218,20220218,112435000,11:24:35,173680,33487,52978,5773758430,0,0,0
ni2205,20220218,20220218,112435500,11:24:35,173680,33487,52978,5773758430,0,0,0
ni2205,20220218,20220218,112436000,11:24:36,173680,33487,52978,5773758430,0,0,0
ni2205,20220218,20220218,112436500,11:24:36,173660,33488,52979,5773932090,1,1,173660
ni2205,20220218,20220218,112437000,11:24:37,173660,33488,52979,5773932090,0,0,0
ni2205,20220218,20220218,112437500,11:24:37,173660,33488,52979,5773932090,0,0,0
ni2205,20220218,20220218,112438000,11:24:39,173660,33488,52979,5773932090,0,0,0
ni2205,20220218,20220218,112439500,11:24:40,173660,33488,52979,5773932090,0,0,0
ni2205,20220218,20220218,112440000,11:24:40,173660,33488,52979,5773932090,0,0,0
ni2205,20220218,20220218,112440500,11:24:40,173660,33488,52979,5773932090,0,0,0
ni2205,20220218,20220218,112441000,11:24:41,173660,33488,52979,5773932090,0,0,0
ni2205,20220218,20220218,112441500,11:24:41,173660,33488,52979,5773932090,0,0,0
ni2205,20220218,20220218,112442000,11:24:42,173660,33488,52979,5773932090,0,0,0
ni2205,20220218,20220218,112443000,11:24:43,173660,33488,52979,5773932090,0,0,0
ni2205,20220218,20220218,112443500,11:24:43,173660,33488,52979,5773932090,0,0,0
ni2205,20220218,20220218,112445500,11:24:45,173660,33488,52979,5773932090,0,0,0
ni2205,20220218,20220218,112446000,11:24:46,173660,33488,52979,5773932090,0,0,0
ni2205,20220218,20220218,112446500,11:24:46,173660,33488,52979,5773932090,0,0,0
ni2205,20220218,20220218,112447000,11:24:47,173660,33488,52979,5773932090,0,0,0
ni2205,20220218,20220218,112447500,11:24:47,173660,33488,52979,5773932090,0,0,0
ni2205,20220218,20220218,112448000,11:24:48,173660,33488,52979,5773932090,0,0,0
ni2205,20220218,20220218,112448500,11:24:48,173660,33488,52979,5773932090,0,0,0
ni2205,20220218,20220218,112449000,11:24:49,173690,33489,52979,5774105780,1,0,173690
ni2205,20220218,20220218,112449500,11:24:49,173690,33489,52979,5774105780,0,0,0
ni2205,20220218,20220218,112450000,11:24:50,173690,33489,52979,5774105780,0,0,0
ni2205,20220218,20220218,112450500,11:24:50,173690,33489,52979,5774105780,0,0,0
ni2205,20220218,20220218,112452000,11:24:52,173690,33489,52979,5774105780,0,0,0
ni2205,20220218,20220218,112452500,11:24:52,173690,33489,52979,5774105780,0,0,0
ni2205,20220218,20220218,112453000,11:24:53,173690,33489,52979,5774105780,0,0,0
ni2205,20220218,20220218,112455000,11:24:55,173690,33489,52979,5774105780,0,0,0
ni2205,20220218,20220218,112456000,11:24:56,173690,33489,52979,5774105780,0,0,0
ni2205,20220218,20220218,112456500,11:24:56,173690,33489,52979,5774105780,0,0,0
ni2205,20220218,20220218,112457000,11:24:57,173690,33489,52979,5774105780,0,0,0
ni2205,20220218,20220218,112457500,11:24:57,173690,33489,52979,5774105780,0,0,0
ni2205,20220218,20220218,112458500,11:24:58,173690,33489,52979,5774105780,0,0,0
ni2205,20220218,20220218,112459000,11:24:59,173690,33489,52979,5774105780,0,0,0
ni2205,20220218,20220218,112459500,11:24:59,173690,33489,52979,5774105780,0,0,0
ni2205,20220218,20220218,112500500,11:25:01,173690,33489,52979,5774105780,0,0,0
ni2205,20220218,20220218,112501000,11:25:01,173700,33490,52979,5774279480,1,0,173700
ni2205,20220218,20220218,112501500,11:25:03,173700,33490,52979,5774279480,0,0,0
ni2205,20220218,20220218,112502000,11:25:05,173700,33490,52979,5774279480,0,0,0
ni2205,20220218,20220218,112502500,11:25:06,173700,33490,52979,5774279480,0,0,0
ni2205,20220218,20220218,112503000,11:25:06,173700,33490,52979,5774279480,0,0,0
ni2205,20220218,20220218,112504500,11:25:06,173700,33490,52979,5774279480,0,0,0
ni2205,20220218,20220218,112505500,11:25:06,173700,33490,52979,5774279480,0,0,0
ni2205,20220218,20220218,112506000,11:25:06,173700,33490,52979,5774279480,0,0,0
ni2205,20220218,20220218,112506500,11:25:07,173700,33490,52979,5774279480,0,0,0
ni2205,20220218,20220218,112507500,11:25:07,173700,33490,52979,5774279480,0,0,0
ni2205,20220218,20220218,112508000,11:25:08,173700,33490,52979,5774279480,0,0,0
ni2205,20220218,20220218,112508500,11:25:08,173700,33490,52979,5774279480,0,0,0
ni2205,20220218,20220218,112509000,11:25:09,173700,33490,52979,5774279480,0,0,0
ni2205,20220218,20220218,112509500,11:25:09,173680,33491,52978,5774453160,1,-1,173680
ni2205,20220218,20220218,112510000,11:25:10,173680,33491,52978,5774453160,0,0,0
ni2205,20220218,20220218,112511500,11:25:11,173680,33491,52978,5774453160,0,0,0
ni2205,20220218,20220218,112512000,11:25:12,173680,33491,52978,5774453160,0,0,0
ni2205,20220218,20220218,112512500,11:25:12,173750,33492,52979,5774626910,1,1,173750
ni2205,20220218,20220218,112513000,11:25:13,173760,33493,52978,5774800670,1,-1,173760
ni2205,20220218,20220218,112513500,11:25:15,173760,33493,52978,5774800670,0,0,0
ni2205,20220218,20220218,112514000,11:25:15,173760,33493,52978,5774800670,0,0,0
ni2205,20220218,20220218,112514500,11:25:15,173760,33493,52978,5774800670,0,0,0
ni2205,20220218,20220218,112516500,11:25:16,173760,33493,52978,5774800670,0,0,0
ni2205,20220218,20220218,112517000,11:25:17,173760,33493,52978,5774800670,0,0,0
ni2205,20220218,20220218,112517500,11:25:18,173760,33493,52978,5774800670,0,0,0
ni2205,20220218,20220218,112518000,11:25:18,173760,33493,52978,5774800670,0,0,0
ni2205,20220218,20220218,112518500,11:25:19,173760,33493,52978,5774800670,0,0,0
ni2205,20220218,20220218,112519000,11:25:19,173760,33493,52978,5774800670,0,0,0
ni2205,20220218,20220218,112520500,11:25:21,173760,33493,52978,5774800670,0,0,0
ni2205,20220218,20220218,112521000,11:25:21,173720,33495,52977,5775148110,2,-1,347440
ni2205,20220218,20220218,112521500,11:25:22,173720,33495,52977,5775148110,0,0,0
ni2205,20220218,20220218,112522000,11:25:22,173720,33495,52977,5775148110,0,0,0
ni2205,20220218,20220218,112523000,11:25:23,173720,33495,52977,5775148110,0,0,0
ni2205,20220218,20220218,112523500,11:25:24,173710,33496,52976,5775321820,1,-1,173710
ni2205,20220218,20220218,112524000,11:25:24,173640,33503,52972,5776537390,7,-4,1215570
ni2205,20220218,20220218,112524500,11:25:25,173640,33503,52972,5776537390,0,0,0
ni2205,20220218,20220218,112525000,11:25:25,173640,33503,52972,5776537390,0,0,0
ni2205,20220218,20220218,112525500,11:25:26,173640,33503,52972,5776537390,0,0,0
ni2205,20220218,20220218,112526000,11:25:26,173640,33503,52972,5776537390,0,0,0
ni2205,20220218,20220218,112526500,11:25:27,173640,33503,52972,5776537390,0,0,0
ni2205,20220218,20220218,112527000,11:25:27,173640,33503,52972,5776537390,0,0,0
ni2205,20220218,20220218,112527500,11:25:28,173640,33503,52972,5776537390,0,0,0
ni2205,20220218,20220218,112528000,11:25:28,173640,33503,52972,5776537390,0,0,0
ni2205,20220218,20220218,112529000,11:25:29,173640,33503,52972,5776537390,0,0,0
ni2205,20220218,20220218,112529500,11:25:30,173640,33503,52972,5776537390,0,0,0
ni2205,20220218,20220218,112530000,11:25:30,173640,33503,52972,5776537390,0,0,0
ni2205,20220218,20220218,112530500,11:25:31,173640,33503,52972,5776537390,0,0,0
ni2205,20220218,20220218,112531000,11:25:31,173640,33503,52972,5776537390,0,0,0
ni2205,20220218,20220218,112531500,11:25:32,173640,33503,52972,5776537390,0,0,0
ni2205,20220218,20220218,112532500,11:25:32,173640,33503,52972,5776537390,0,0,0
ni2205,20220218,20220218,112533500,11:25:33,173640,33503,52972,5776537390,0,0,0
ni2205,20220218,20220218,112535000,11:25:36,173640,33503,52972,5776537390,0,0,0
ni2205,20220218,20220218,112535500,11:25:37,173640,33503,52972,5776537390,0,0,0
ni2205,20220218,20220218,112536000,11:25:37,173640,33503,52972,5776537390,0,0,0
ni2205,20220218,20220218,112536500,11:25:37,173640,33503,52972,5776537390,0,0,0
ni2205,20220218,20220218,112537000,11:25:37,173640,33503,52972,5776537390,0,0,0
ni2205,20220218,20220218,112537500,11:25:38,173640,33503,52972,5776537390,0,0,0
ni2205,20220218,20220218,112538000,11:25:38,173640,33503,52972,5776537390,0,0,0
ni2205,20220218,20220218,112539000,11:25:39,173600,33504,52971,5776710990,1,-1,173600
ni2205,20220218,20220218,112539500,11:25:40,173600,33504,52971,5776710990,0,0,0
ni2205,20220218,20220218,112540000,11:25:40,173600,33504,52971,5776710990,0,0,0
ni2205,20220218,20220218,112540500,11:25:40,173600,33504,52971,5776710990,0,0,0
ni2205,20220218,20220218,112541000,11:25:41,173620,33505,52972,5776884610,1,1,173620
ni2205,20220218,20220218,112541500,11:25:41,173620,33505,52972,5776884610,0,0,0
ni2205,20220218,20220218,112542000,11:25:42,173620,33506,52972,5777058230,1,0,173620
ni2205,20220218,20220218,112542500,11:25:42,173620,33506,52972,5777058230,0,0,0
ni2205,20220218,20220218,112543000,11:25:43,173620,33506,52972,5777058230,0,0,0
ni2205,20220218,20220218,112544000,11:25:44,173620,33506,52972,5777058230,0,0,0
ni2205,20220218,20220218,112544500,11:25:44,173620,33506,52972,5777058230,0,0,0
ni2205,20220218,20220218,112545000,11:25:45,173610,33507,52972,5777231840,1,0,173610
ni2205,20220218,20220218,112545500,11:25:46,173640,33508,52972,5777405480,1,0,173640
ni2205,20220218,20220218,112546000,11:25:46,173640,33508,52972,5777405480,0,0,0
ni2205,20220218,20220218,112548000,11:25:48,173640,33508,52972,5777405480,0,0,0
ni2205,20220218,20220218,112548500,11:25:48,173660,33509,52971,5777579140,1,-1,173660
ni2205,20220218,20220218,112549000,11:25:49,173660,33509,52971,5777579140,0,0,0
ni2205,20220218,20220218,112549500,11:25:49,173660,33509,52971,5777579140,0,0,0
ni2205,20220218,20220218,112551500,11:25:51,173660,33509,52971,5777579140,0,0,0
ni2205,20220218,20220218,112555000,11:25:55,173660,33509,52971,5777579140,0,0,0
ni2205,20220218,20220218,112559500,11:26:00,173670,33510,52970,5777752810,1,-1,173670
ni2205,20220218,20220218,112600000,11:26:00,173670,33510,52970,5777752810,0,0,0
ni2205,20220218,20220218,112600500,11:26:01,173670,33510,52970,5777752810,0,0,0
ni2205,20220218,20220218,112601000,11:26:01,173710,33511,52970,5777926520,1,0,173710
ni2205,20220218,20220218,112601500,11:26:01,173710,33511,52970,5777926520,0,0,0
ni2205,20220218,20220218,112602500,11:26:03,173710,33511,52970,5777926520,0,0,0
ni2205,20220218,20220218,112603000,11:26:03,173710,33511,52970,5777926520,0,0,0
ni2205,20220218,20220218,112603500,11:26:03,173710,33511,52970,5777926520,0,0,0
ni2205,20220218,20220218,112604000,11:26:05,173710,33511,52970,5777926520,0,0,0
ni2205,20220218,20220218,112604500,11:26:05,173710,33511,52970,5777926520,0,0,0
ni2205,20220218,20220218,112606000,11:26:06,173710,33511,52970,5777926520,0,0,0
ni2205,20220218,20220218,112607500,11:26:09,173710,33512,52969,5778100230,1,-1,173710
ni2205,20220218,20220218,112609000,11:26:10,173710,33512,52969,5778100230,0,0,0
ni2205,20220218,20220218,112609500,11:26:10,173710,33512,52969,5778100230,0,0,0
ni2205,20220218,20220218,112610000,11:26:10,173710,33512,52969,5778100230,0,0,0
ni2205,20220218,20220218,112610500,11:26:10,173710,33512,52969,5778100230,0,0,0
ni2205,20220218,20220218,112611000,11:26:11,173710,33513,52969,5778273940,1,0,173710
ni2205,20220218,20220218,112611500,11:26:11,173710,33513,52969,5778273940,0,0,0
ni2205,20220218,20220218,112612000,11:26:14,173710,33513,52969,5778273940,0,0,0
ni2205,20220218,20220218,112613500,11:26:15,173710,33513,52969,5778273940,0,0,0
ni2205,20220218,20220218,112615000,11:26:16,173720,33514,52968,5778447660,1,-1,173720
ni2205,20220218,20220218,112616500,11:26:17,173720,33514,52968,5778447660,0,0,0
ni2205,20220218,20220218,112617500,11:26:17,173720,33514,52968,5778447660,0,0,0
ni2205,20220218,20220218,112620000,11:26:20,173720,33514,52968,5778447660,0,0,0
ni2205,20220218,20220218,112620500,11:26:20,173720,33514,52968,5778447660,0,0,0
ni2205,20220218,20220218,112622000,11:26:22,173720,33514,52968,5778447660,0,0,0
ni2205,20220218,20220218,112622500,11:26:22,173720,33514,52968,5778447660,0,0,0
ni2205,20220218,20220218,112623000,11:26:23,173720,33514,52968,5778447660,0,0,0
ni2205,20220218,20220218,112624000,11:26:24,173720,33514,52968,5778447660,0,0,0
ni2205,20220218,20220218,112625000,11:26:25,173720,33514,52968,5778447660,0,0,0
ni2205,20220218,20220218,112627000,11:26:27,173720,33514,52968,5778447660,0,0,0
ni2205,20220218,20220218,112627500,11:26:27,173720,33514,52968,5778447660,0,0,0
ni2205,20220218,20220218,112628000,11:26:28,173720,33514,52968,5778447660,0,0,0
ni2205,20220218,20220218,112634000,11:26:34,173720,33514,52968,5778447660,0,0,0
ni2205,20220218,20220218,112651000,11:27:11,173720,33514,52968,5778447660,0,0,0
ni2205,20220218,20220218,112710000,11:27:12,173690,33533,52976,5781748670,19,8,3301010
ni2205,20220218,20220218,112710500,11:27:12,173690,33533,52976,5781748670,0,0,0
ni2205,20220218,20220218,112711000,11:27:13,173690,33533,52976,5781748670,0,0,0
ni2205,20220218,20220218,112712500,11:27:13,173690,33533,52976,5781748670,0,0,0
ni2205,20220218,20220218,112713000,11:27:13,173690,33533,52976,5781748670,0,0,0
ni2205,20220218,20220218,112714000,11:27:14,173690,33533,52976,5781748670,0,0,0
ni2205,20220218,20220218,112714500,11:27:15,173690,33533,52976,5781748670,0,0,0
ni2205,20220218,20220218,112715000,11:27:15,173690,33533,52976,5781748670,0,0,0
ni2205,20220218,20220218,112715500,11:27:16,173690,33533,52976,5781748670,0,0,0
ni2205,20220218,20220218,112716000,11:27:16,173660,33536,52973,5782269650,3,-3,520980
ni2205,20220218,20220218,112716500,11:27:17,173660,33536,52973,5782269650,0,0,0
ni2205,20220218,20220218,112717000,11:27:17,173660,33536,52973,5782269650,0,0,0
ni2205,20220218,20220218,112717500,11:27:17,173660,33536,52973,5782269650,0,0,0
ni2205,20220218,20220218,112718000,11:27:18,173660,33536,52973,5782269650,0,0,0
ni2205,20220218,20220218,112718500,11:27:19,173660,33536,52973,5782269650,0,0,0
ni2205,20220218,20220218,112719000,11:27:19,173660,33536,52973,5782269650,0,0,0
ni2205,20220218,20220218,112719500,11:27:20,173660,33536,52973,5782269650,0,0,0
ni2205,20220218,20220218,112720000,11:27:20,173660,33536,52973,5782269650,0,0,0
ni2205,20220218,20220218,112720500,11:27:21,173660,33536,52973,5782269650,0,0,0
ni2205,20220218,20220218,112721000,11:27:21,173660,33536,52973,5782269650,0,0,0
ni2205,20220218,20220218,112721500,11:27:22,173660,33536,52973,5782269650,0,0,0
ni2205,20220218,20220218,112724500,11:27:27,173660,33536,52973,5782269650,0,0,0
ni2205,20220218,20220218,112726500,11:27:27,173660,33536,52973,5782269650,0,0,0
ni2205,20220218,20220218,112727000,11:27:27,173670,33539,52972,5782790700,3,-1,521050
ni2205,20220218,20220218,112727500,11:27:27,173670,33539,52972,5782790700,0,0,0
ni2205,20220218,20220218,112728000,11:27:28,173670,33539,52972,5782790700,0,0,0
ni2205,20220218,20220218,112730500,11:27:31,173670,33539,52972,5782790700,0,0,0
ni2205,20220218,20220218,112731000,11:27:32,173650,33540,52971,5782964350,1,-1,173650
ni2205,20220218,20220218,112732000,11:27:35,173650,33540,52971,5782964350,0,0,0
ni2205,20220218,20220218,112732500,11:27:36,173650,33540,52971,5782964350,0,0,0
ni2205,20220218,20220218,112735500,11:27:36,173650,33540,52971,5782964350,0,0,0
ni2205,20220218,20220218,112736000,11:27:36,173650,33540,52971,5782964350,0,0,0
ni2205,20220218,20220218,112736500,11:27:37,173640,33542,52972,5783311640,2,1,347290
ni2205,20220218,20220218,112737000,11:27:38,173640,33542,52972,5783311640,0,0,0
ni2205,20220218,20220218,112737500,11:27:38,173640,33542,52972,5783311640,0,0,0
ni2205,20220218,20220218,112739000,11:27:39,173640,33542,52972,5783311640,0,0,0
ni2205,20220218,20220218,112740000,11:27:40,173640,33542,52972,5783311640,0,0,0
ni2205,20220218,20220218,112740500,11:27:40,173640,33542,52972,5783311640,0,0,0
ni2205,20220218,20220218,112741000,11:27:41,173640,33542,52972,5783311640,0,0,0
ni2205,20220218,20220218,112741500,11:27:41,173640,33542,52972,5783311640,0,0,0
ni2205,20220218,20220218,112742000,11:27:42,173610,33544,52970,5783658860,2,-2,347220
ni2205,20220218,20220218,112742500,11:27:43,173630,33546,52969,5784006080,2,-1,347220
ni2205,20220218,20220218,112743000,11:27:43,173590,33547,52968,5784179670,1,-1,173590
ni2205,20220218,20220218,112743500,11:27:43,173590,33549,52967,5784526850,2,-1,347180
ni2205,20220218,20220218,112744000,11:27:44,173630,33550,52967,5784700480,1,0,173630
ni2205,20220218,20220218,112744500,11:27:45,173670,33551,52966,5784874150,1,-1,173670
ni2205,20220218,20220218,112745000,11:27:45,173670,33551,52966,5784874150,0,0,0
ni2205,20220218,20220218,112745500,11:27:46,173670,33551,52966,5784874150,0,0,0
ni2205,20220218,20220218,112746000,11:27:46,173670,33551,52966,5784874150,0,0,0
ni2205,20220218,20220218,112746500,11:27:47,173670,33551,52966,5784874150,0,0,0
ni2205,20220218,20220218,112747000,11:27:47,173670,33551,52966,5784874150,0,0,0
ni2205,20220218,20220218,112748500,11:27:54,173620,33553,52964,5785221390,2,-2,347240
ni2205,20220218,20220218,112749000,11:27:54,173620,33553,52964,5785221390,0,0,0
ni2205,20220218,20220218,112749500,11:27:54,173620,33553,52964,5785221390,0,0,0
ni2205,20220218,20220218,112754000,11:27:54,173620,33553,52964,5785221390,0,0,0
ni2205,20220218,20220218,112754500,11:27:54,173620,33553,52964,5785221390,0,0,0
ni2205,20220218,20220218,112755000,11:27:55,173620,33553,52964,5785221390,0,0,0
ni2205,20220218,20220218,112755500,11:27:55,173620,33553,52964,5785221390,0,0,0
ni2205,20220218,20220218,112756000,11:27:56,173620,33553,52964,5785221390,0,0,0
ni2205,20220218,20220218,112756500,11:27:56,173620,33553,52964,5785221390,0,0,0
ni2205,20220218,20220218,112758000,11:27:58,173620,33553,52964,5785221390,0,0,0
ni2205,20220218,20220218,112759000,11:27:59,173590,33556,52966,5785742210,3,2,520820
ni2205,20220218,20220218,112759500,11:27:59,173590,33556,52966,5785742210,0,0,0
ni2205,20220218,20220218,112800000,11:28:00,173660,33557,52966,5785915870,1,0,173660
ni2205,20220218,20220218,112801000,11:28:01,173660,33557,52966,5785915870,0,0,0
ni2205,20220218,20220218,112802000,11:28:03,173660,33557,52966,5785915870,0,0,0
ni2205,20220218,20220218,112802500,11:28:03,173660,33557,52966,5785915870,0,0,0
ni2205,20220218,20220218,112804000,11:28:04,173660,33557,52966,5785915870,0,0,0
ni2205,20220218,20220218,112804500,11:28:05,173660,33557,52966,5785915870,0,0,0
ni2205,20220218,20220218,112805000,11:28:06,173660,33557,52966,5785915870,0,0,0
ni2205,20220218,20220218,112806500,11:28:10,173660,33557,52966,5785915870,0,0,0
ni2205,20220218,20220218,112810000,11:28:11,173670,33562,52966,5786784180,5,0,868310
ni2205,20220218,20220218,112810500,11:28:11,173670,33562,52966,5786784180,0,0,0
ni2205,20220218,20220218,112811000,11:28:12,173670,33562,52966,5786784180,0,0,0
ni2205,20220218,20220218,112811500,11:28:12,173670,33562,52966,5786784180,0,0,0
ni2205,20220218,20220218,112812000,11:28:12,173670,33562,52966,5786784180,0,0,0
ni2205,20220218,20220218,112812500,11:28:13,173710,33564,52964,5787131570,2,-2,347390
ni2205,20220218,20220218,112813000,11:28:13,173710,33564,52964,5787131570,0,0,0
ni2205,20220218,20220218,112814000,11:28:14,173710,33564,52964,5787131570,0,0,0
ni2205,20220218,20220218,112814500,11:28:14,173710,33564,52964,5787131570,0,0,0
ni2205,20220218,20220218,112815500,11:28:15,173710,33564,52964,5787131570,0,0,0
ni2205,20220218,20220218,112816000,11:28:16,173710,33564,52964,5787131570,0,0,0
ni2205,20220218,20220218,112816500,11:28:16,173710,33564,52964,5787131570,0,0,0
ni2205,20220218,20220218,112817000,11:28:17,173660,33565,52964,5787305230,1,0,173660
ni2205,20220218,20220218,112817500,11:28:17,173660,33565,52964,5787305230,0,0,0
ni2205,20220218,20220218,112818000,11:28:18,173660,33565,52964,5787305230,0,0,0
ni2205,20220218,20220218,112818500,11:28:18,173660,33565,52964,5787305230,0,0,0
ni2205,20220218,20220218,112819000,11:28:19,173660,33565,52964,5787305230,0,0,0
ni2205,20220218,20220218,112819500,11:28:19,173660,33565,52964,5787305230,0,0,0
ni2205,20220218,20220218,112821500,11:28:22,173660,33565,52964,5787305230,0,0,0
ni2205,20220218,20220218,112822500,11:28:22,173660,33565,52964,5787305230,0,0,0
ni2205,20220218,20220218,112823000,11:28:23,173660,33565,52964,5787305230,0,0,0
ni2205,20220218,20220218,112823500,11:28:23,173660,33565,52964,5787305230,0,0,0
ni2205,20220218,20220218,112824000,11:28:24,173660,33565,52964,5787305230,0,0,0
ni2205,20220218,20220218,112825000,11:28:25,173660,33565,52964,5787305230,0,0,0
ni2205,20220218,20220218,112826000,11:28:26,173660,33565,52964,5787305230,0,0,0
ni2205,20220218,20220218,112827000,11:28:27,173660,33565,52964,5787305230,0,0,0
ni2205,20220218,20220218,112827500,11:28:27,173660,33565,52964,5787305230,0,0,0
ni2205,20220218,20220218,112830000,11:28:30,173660,33565,52964,5787305230,0,0,0
ni2205,20220218,20220218,112830500,11:28:31,173640,33566,52963,5787478870,1,-1,173640
ni2205,20220218,20220218,112831000,11:28:31,173640,33566,52963,5787478870,0,0,0
ni2205,20220218,20220218,112831500,11:28:31,173640,33566,52963,5787478870,0,0,0
ni2205,20220218,20220218,112832000,11:28:32,173640,33566,52963,5787478870,0,0,0
ni2205,20220218,20220218,112832500,11:28:33,173680,33567,52963,5787652550,1,0,173680
ni2205,20220218,20220218,112833000,11:28:33,173680,33571,52964,5788347270,4,1,694720
ni2205,20220218,20220218,112833500,11:28:33,173680,33571,52964,5788347270,0,0,0
ni2205,20220218,20220218,112834000,11:28:34,173660,33572,52965,5788520930,1,1,173660
ni2205,20220218,20220218,112834500,11:28:34,173660,33572,52965,5788520930,0,0,0
ni2205,20220218,20220218,112835000,11:28:35,173660,33572,52965,5788520930,0,0,0
ni2205,20220218,20220218,112835500,11:28:35,173660,33572,52965,5788520930,0,0,0
ni2205,20220218,20220218,112836500,11:28:37,173660,33572,52965,5788520930,0,0,0
ni2205,20220218,20220218,112837000,11:28:37,173660,33572,52965,5788520930,0,0,0
ni2205,20220218,20220218,112837500,11:28:37,173660,33572,52965,5788520930,0,0,0
ni2205,20220218,20220218,112838000,11:28:38,173660,33573,52964,5788694590,1,-1,173660
ni2205,20220218,20220218,112838500,11:28:38,173660,33573,52964,5788694590,0,0,0
ni2205,20220218,20220218,112841000,11:28:41,173660,33573,52964,5788694590,0,0,0
ni2205,20220218,20220218,112842500,11:28:42,173660,33573,52964,5788694590,0,0,0
ni2205,20220218,20220218,112844000,11:28:44,173660,33573,52964,5788694590,0,0,0
ni2205,20220218,20220218,112844500,11:28:44,173660,33573,52964,5788694590,0,0,0
ni2205,20220218,20220218,112845000,11:28:45,173660,33573,52964,5788694590,0,0,0
ni2205,20220218,20220218,112845500,11:28:46,173660,33573,52964,5788694590,0,0,0
ni2205,20220218,20220218,112846500,11:28:46,173660,33573,52964,5788694590,0,0,0
ni2205,20220218,20220218,112847000,11:28:47,173660,33573,52964,5788694590,0,0,0
ni2205,20220218,20220218,112849000,11:28:49,173660,33573,52964,5788694590,0,0,0
ni2205,20220218,20220218,112849500,11:28:50,173710,33574,52964,5788868300,1,0,173710
ni2205,20220218,20220218,112850000,11:28:50,173720,33576,52963,5789215740,2,-1,347440
ni2205,20220218,20220218,112850500,11:28:50,173720,33576,52963,5789215740,0,0,0
ni2205,20220218,20220218,112851000,11:28:51,173720,33576,52963,5789215740,0,0,0
ni2205,20220218,20220218,112853000,11:28:54,173720,33576,52963,5789215740,0,0,0
ni2205,20220218,20220218,112854500,11:28:54,173720,33576,52963,5789215740,0,0,0
ni2205,20220218,20220218,112856000,11:28:56,173720,33576,52963,5789215740,0,0,0
ni2205,20220218,20220218,112856500,11:28:56,173720,33576,52963,5789215740,0,0,0
ni2205,20220218,20220218,112857000,11:28:57,173720,33576,52963,5789215740,0,0,0
ni2205,20220218,20220218,112857500,11:28:58,173720,33576,52963,5789215740,0,0,0
ni2205,20220218,20220218,112859500,11:29:00,173720,33576,52963,5789215740,0,0,0
ni2205,20220218,20220218,112900500,11:29:01,173720,33576,52963,5789215740,0,0,0
ni2205,20220218,20220218,112901000,11:29:01,173720,33576,52963,5789215740,0,0,0
ni2205,20220218,20220218,112902000,11:29:02,173720,33576,52963,5789215740,0,0,0
ni2205,20220218,20220218,112902500,11:29:03,173740,33578,52961,5789563220,2,-2,347480
ni2205,20220218,20220218,112903000,11:29:03,173740,33578,52961,5789563220,0,0,0
ni2205,20220218,20220218,112903500,11:29:04,173740,33578,52961,5789563220,0,0,0
ni2205,20220218,20220218,112904000,11:29:04,173740,33578,52961,5789563220,0,0,0
ni2205,20220218,20220218,112904500,11:29:04,173740,33578,52961,5789563220,0,0,0
ni2205,20220218,20220218,112905000,11:29:05,173740,33578,52961,5789563220,0,0,0
ni2205,20220218,20220218,112905500,11:29:06,173740,33578,52961,5789563220,0,0,0
ni2205,20220218,20220218,112906000,11:29:06,173650,33580,52961,5789910520,2,0,347300
ni2205,20220218,20220218,112906500,11:29:06,173650,33580,52961,5789910520,0,0,0
ni2205,20220218,20220218,112907000,11:29:07,173650,33580,52961,5789910520,0,0,0
ni2205,20220218,20220218,112907500,11:29:08,173650,33580,52961,5789910520,0,0,0
ni2205,20220218,20220218,112908000,11:29:08,173650,33580,52961,5789910520,0,0,0
ni2205,20220218,20220218,112908500,11:29:08,173650,33580,52961,5789910520,0,0,0
ni2205,20220218,20220218,112909000,11:29:09,173650,33580,52961,5789910520,0,0,0
ni2205,20220218,20220218,112909500,11:29:09,173650,33580,52961,5789910520,0,0,0
ni2205,20220218,20220218,112910000,11:29:10,173650,33580,52961,5789910520,0,0,0
ni2205,20220218,20220218,112910500,11:29:10,173650,33580,52961,5789910520,0,0,0
ni2205,20220218,20220218,112911000,11:29:11,173650,33580,52961,5789910520,0,0,0
ni2205,20220218,20220218,112911500,11:29:12,173650,33580,52961,5789910520,0,0,0
ni2205,20220218,20220218,112912000,11:29:12,173650,33580,52961,5789910520,0,0,0
ni2205,20220218,20220218,112914000,11:29:14,173650,33580,52961,5789910520,0,0,0
ni2205,20220218,20220218,112914500,11:29:15,173650,33580,52961,5789910520,0,0,0
ni2205,20220218,20220218,112915000,11:29:15,173650,33580,52961,5789910520,0,0,0
ni2205,20220218,20220218,112915500,11:29:16,173650,33580,52961,5789910520,0,0,0
ni2205,20220218,20220218,112916000,11:29:16,173650,33580,52961,5789910520,0,0,0
ni2205,20220218,20220218,112916500,11:29:17,173650,33580,52961,5789910520,0,0,0
ni2205,20220218,20220218,112917000,11:29:20,173650,33580,52961,5789910520,0,0,0
ni2205,20220218,20220218,112917500,11:29:20,173650,33580,52961,5789910520,0,0,0
ni2205,20220218,20220218,112920500,11:29:21,173650,33580,52961,5789910520,0,0,0
ni2205,20220218,20220218,112921000,11:29:22,173650,33580,52961,5789910520,0,0,0
ni2205,20220218,20220218,112922500,11:29:24,173650,33580,52961,5789910520,0,0,0
ni2205,20220218,20220218,112923000,11:29:24,173650,33580,52961,5789910520,0,0,0
ni2205,20220218,20220218,112924000,11:29:24,173650,33580,52961,5789910520,0,0,0
ni2205,20220218,20220218,112924500,11:29:24,173650,33580,52961,5789910520,0,0,0
ni2205,20220218,20220218,112925000,11:29:25,173650,33580,52961,5789910520,0,0,0
ni2205,20220218,20220218,112925500,11:29:25,173650,33580,52961,5789910520,0,0,0
ni2205,20220218,20220218,112926000,11:29:26,173650,33580,52961,5789910520,0,0,0
ni2205,20220218,20220218,112926500,11:29:26,173650,33580,52961,5789910520,0,0,0
ni2205,20220218,20220218,112927000,11:29:27,173650,33580,52961,5789910520,0,0,0
ni2205,20220218,20220218,112927500,11:29:27,173650,33580,52961,5789910520,0,0,0
ni2205,20220218,20220218,112928000,11:29:28,173730,33581,52961,5790084250,1,0,173730
ni2205,20220218,20220218,112928500,11:29:28,173730,33582,52961,5790257980,1,0,173730
ni2205,20220218,20220218,112929000,11:29:29,173730,33582,52961,5790257980,0,0,0
ni2205,20220218,20220218,112929500,11:29:29,173730,33583,52960,5790431710,1,-1,173730
ni2205,20220218,20220218,112930000,11:29:30,173730,33583,52960,5790431710,0,0,0
ni2205,20220218,20220218,112930500,11:29:30,173750,33585,52960,5790779200,2,0,347490
ni2205,20220218,20220218,112931000,11:29:32,173750,33585,52960,5790779200,0,0,0
ni2205,20220218,20220218,112931500,11:29:32,173750,33585,52960,5790779200,0,0,0
ni2205,20220218,20220218,112932000,11:29:32,173750,33585,52960,5790779200,0,0,0
ni2205,20220218,20220218,112932500,11:29:36,173730,33586,52960,5790952930,1,0,173730
ni2205,20220218,20220218,112933000,11:29:37,173780,33587,52960,5791126710,1,0,173780
ni2205,20220218,20220218,112933500,11:29:37,173780,33587,52960,5791126710,0,0,0
ni2205,20220218,20220218,112936500,11:29:38,173790,33588,52960,5791300500,1,0,173790
ni2205,20220218,20220218,112937000,11:29:38,173820,33590,52958,5791648140,2,-2,347640
ni2205,20220218,20220218,112937500,11:29:38,173820,33590,52958,5791648140,0,0,0
ni2205,20220218,20220218,112938000,11:29:38,173820,33590,52958,5791648140,0,0,0
ni2205,20220218,20220218,112938500,11:29:39,173810,33591,52957,5791821950,1,-1,173810
ni2205,20220218,20220218,112939000,11:29:39,173790,33600,52948,5793386060,9,-9,1564110
ni2205,20220218,20220218,112939500,11:29:39,173790,33600,52948,5793386060,0,0,0
ni2205,20220218,20220218,112940000,11:29:40,173830,33601,52947,5793559890,1,-1,173830
ni2205,20220218,20220218,112940500,11:29:40,173830,33601,52947,5793559890,0,0,0
ni2205,20220218,20220218,112941000,11:29:41,173830,33602,52947,5793733720,1,0,173830
ni2205,20220218,20220218,112941500,11:29:42,173830,33608,52947,5794776700,6,0,1042980
ni2205,20220218,20220218,112942000,11:29:42,173830,33608,52947,5794776700,0,0,0
ni2205,20220218,20220218,112942500,11:29:44,173850,33611,52946,5795298240,3,-1,521540
ni2205,20220218,20220218,112943000,11:29:45,173840,33612,52946,5795472080,1,0,173840
ni2205,20220218,20220218,112943500,11:29:45,173870,33613,52946,5795645950,1,0,173870
ni2205,20220218,20220218,112944000,11:29:45,173880,33615,52945,5795993700,2,-1,347750
ni2205,20220218,20220218,112944500,11:29:45,173880,33615,52945,5795993700,0,0,0
ni2205,20220218,20220218,112945000,11:29:46,173880,33615,52945,5795993700,0,0,0
ni2205,20220218,20220218,112945500,11:29:46,173880,33615,52945,5795993700,0,0,0
ni2205,20220218,20220218,112946000,11:29:46,173880,33615,52945,5795993700,0,0,0
ni2205,20220218,20220218,112946500,11:29:47,173860,33616,52944,5796167560,1,-1,173860
ni2205,20220218,20220218,112947000,11:29:47,173860,33616,52944,5796167560,0,0,0
ni2205,20220218,20220218,112947500,11:29:48,173860,33616,52944,5796167560,0,0,0
ni2205,20220218,20220218,112948000,11:29:48,173860,33616,52944,5796167560,0,0,0
ni2205,20220218,20220218,112948500,11:29:49,173860,33616,52944,5796167560,0,0,0
ni2205,20220218,20220218,112949000,11:29:50,173860,33616,52944,5796167560,0,0,0
ni2205,20220218,20220218,112949500,11:29:50,173860,33616,52944,5796167560,0,0,0
ni2205,20220218,20220218,112950000,11:29:51,173860,33616,52944,5796167560,0,0,0
ni2205,20220218,20220218,112950500,11:29:51,173860,33616,52944,5796167560,0,0,0
ni2205,20220218,20220218,112951500,11:29:52,173900,33617,52945,5796341460,1,1,173900
ni2205,20220218,20220218,112952000,11:29:52,173900,33617,52945,5796341460,0,0,0
ni2205,20220218,20220218,112952500,11:29:53,173900,33617,52945,5796341460,0,0,0
ni2205,20220218,20220218,112953000,11:29:53,173900,33617,52945,5796341460,0,0,0
ni2205,20220218,20220218,112953500,11:29:54,173790,33619,52945,5796689050,2,0,347590
ni2205,20220218,20220218,112954000,11:29:54,173790,33619,52945,5796689050,0,0,0
ni2205,20220218,20220218,112954500,11:29:54,173790,33619,52945,5796689050,0,0,0
ni2205,20220218,20220218,112955000,11:29:55,173790,33619,52945,5796689050,0,0,0
ni2205,20220218,20220218,112955500,11:29:55,173790,33619,52945,5796689050,0,0,0
ni2205,20220218,20220218,112956000,11:29:56,173790,33619,52945,5796689050,0,0,0
ni2205,20220218,20220218,112956500,11:30:00,173790,33619,52945,5796689050,0,0,0
ni2205,20220218,20220218,112959500,11:30:02,173790,33619,52945,5796689050,0,0,0
ni2205,20220218,20220218,113000000,11:30:03,173790,33619,52945,5796689050,0,0,0
ni2205,20220218,20220218,113000500,11:30:03,173790,33619,52945,5796689050,0,0,0
ni2205,20220218,20220218,113001500,11:30:03,173790,33619,52945,5796689050,0,0,0
ni2205,20220218,20220218,133002000,13:30:08,173780,33622,52944,5797210640,3,-1,521590
ni2205,20220218,20220218,133002500,13:30:09,173780,33622,52944,5797210640,0,0,0
ni2205,20220218,20220218,133008500,13:30:10,173780,33622,52944,5797210640,0,0,0
ni2205,20220218,20220218,133009500,13:30:10,173780,33622,52944,5797210640,0,0,0
ni2205,20220218,20220218,133010500,13:30:11,173750,33631,52945,5798775120,9,1,1564480
ni2205,20220218,20220218,133011000,13:30:12,173750,33631,52945,5798775120,0,0,0
ni2205,20220218,20220218,133011500,13:30:13,173750,33631,52945,5798775120,0,0,0
ni2205,20220218,20220218,133012500,13:30:13,173780,33634,52947,5799296410,3,2,521290
ni2205,20220218,20220218,133013000,13:30:13,173780,33635,52948,5799470190,1,1,173780
ni2205,20220218,20220218,133013500,13:30:14,173780,33635,52948,5799470190,0,0,0
ni2205,20220218,20220218,133014000,13:30:15,173780,33635,52948,5799470190,0,0,0
ni2205,20220218,20220218,133014500,13:30:16,173740,33636,52949,5799643930,1,1,173740
ni2205,20220218,20220218,133015000,13:30:17,173740,33636,52949,5799643930,0,0,0
ni2205,20220218,20220218,133016500,13:30:18,173900,33637,52949,5799817830,1,0,173900
ni2205,20220218,20220218,133017000,13:30:18,173880,33638,52950,5799991710,1,1,173880
ni2205,20220218,20220218,133017500,13:30:19,173880,33638,52950,5799991710,0,0,0
ni2205,20220218,20220218,133018000,13:30:19,173840,33642,52950,5800687070,4,0,695360
ni2205,20220218,20220218,133018500,13:30:20,173840,33642,52950,5800687070,0,0,0
ni2205,20220218,20220218,133019000,13:30:20,173840,33643,52951,5800860910,1,1,173840
ni2205,20220218,20220218,133019500,13:30:20,173790,33648,52951,5801729790,5,0,868880
ni2205,20220218,20220218,133020000,13:30:21,173790,33648,52951,5801729790,0,0,0
ni2205,20220218,20220218,133020500,13:30:21,173760,33649,52950,5801903550,1,-1,173760
ni2205,20220218,20220218,133021000,13:30:21,173760,33649,52950,5801903550,0,0,0
ni2205,20220218,20220218,133021500,13:30:22,173760,33649,52950,5801903550,0,0,0
ni2205,20220218,20220218,133022000,13:30:38,173760,33649,52950,5801903550,0,0,0
ni2205,20220218,20220218,133022500,13:30:38,173760,33649,52950,5801903550,0,0,0
ni2205,20220218,20220218,133023000,13:30:38,173760,33649,52950,5801903550,0,0,0
ni2205,20220218,20220218,133038000,13:30:40,173760,33649,52950,5801903550,0,0,0
ni2205,20220218,20220218,133038500,13:30:41,173760,33649,52950,5801903550,0,0,0
ni2205,20220218,20220218,133040500,13:30:43,173760,33649,52950,5801903550,0,0,0
ni2205,20220218,20220218,133041000,13:30:43,173760,33649,52950,5801903550,0,0,0
ni2205,20220218,20220218,133041500,13:30:43,173760,33649,52950,5801903550,0,0,0
ni2205,20220218,20220218,133042500,13:30:44,173930,33661,52950,5803989240,12,0,2085690
ni2205,20220218,20220218,133043000,13:30:44,173860,33664,52949,5804510820,3,-1,521580
ni2205,20220218,20220218,133043500,13:30:44,173860,33664,52949,5804510820,0,0,0
ni2205,20220218,20220218,133044500,13:30:46,173860,33664,52949,5804510820,0,0,0
ni2205,20220218,20220218,133045000,13:30:46,173860,33664,52949,5804510820,0,0,0
ni2205,20220218,20220218,133045500,13:30:46,173870,33666,52949,5804858520,2,0,347700
ni2205,20220218,20220218,133046000,13:30:47,173870,33666,52949,5804858520,0,0,0
ni2205,20220218,20220218,133046500,13:30:47,173870,33666,52949,5804858520,0,0,0
ni2205,20220218,20220218,133047000,13:30:47,173870,33666,52949,5804858520,0,0,0
ni2205,20220218,20220218,133047500,13:30:48,173870,33666,52949,5804858520,0,0,0
ni2205,20220218,20220218,133048000,13:30:48,173870,33666,52949,5804858520,0,0,0
ni2205,20220218,20220218,133048500,13:30:49,173870,33666,52949,5804858520,0,0,0
ni2205,20220218,20220218,133049000,13:30:49,173870,33666,52949,5804858520,0,0,0
ni2205,20220218,20220218,133049500,13:30:50,173890,33667,52949,5805032410,1,0,173890
ni2205,20220218,20220218,133050000,13:30:50,173870,33668,52950,5805206280,1,1,173870
ni2205,20220218,20220218,133050500,13:30:51,173870,33668,52950,5805206280,0,0,0
ni2205,20220218,20220218,133051000,13:30:52,173870,33668,52950,5805206280,0,0,0
ni2205,20220218,20220218,133051500,13:30:52,173870,33668,52950,5805206280,0,0,0
ni2205,20220218,20220218,133052000,13:30:53,173870,33668,52950,5805206280,0,0,0
ni2205,20220218,20220218,133052500,13:30:53,173870,33668,52950,5805206280,0,0,0
ni2205,20220218,20220218,133053000,13:30:54,173830,33669,52950,5805380110,1,0,173830
ni2205,20220218,20220218,133053500,13:30:54,173830,33669,52950,5805380110,0,0,0
ni2205,20220218,20220218,133054000,13:30:54,173830,33669,52950,5805380110,0,0,0
ni2205,20220218,20220218,133054500,13:30:55,173800,33671,52949,5805727710,2,-1,347600
ni2205,20220218,20220218,133055000,13:30:55,173800,33671,52949,5805727710,0,0,0
ni2205,20220218,20220218,133055500,13:30:56,173800,33671,52949,5805727710,0,0,0
ni2205,20220218,20220218,133056000,13:30:57,173800,33671,52949,5805727710,0,0,0
ni2205,20220218,20220218,133056500,13:30:57,173800,33671,52949,5805727710,0,0,0
ni2205,20220218,20220218,133058500,13:30:59,173800,33671,52949,5805727710,0,0,0
ni2205,20220218,20220218,133100000,13:31:00,173800,33671,52949,5805727710,0,0,0
ni2205,20220218,20220218,133100500,13:31:00,173800,33671,52949,5805727710,0,0,0
ni2205,20220218,20220218,133101000,13:31:01,173800,33671,52949,5805727710,0,0,0
ni2205,20220218,20220218,133101500,13:31:01,173890,33672,52950,5805901600,1,1,173890
ni2205,20220218,20220218,133102000,13:31:02,173890,33672,52950,5805901600,0,0,0
ni2205,20220218,20220218,133103000,13:31:03,173890,33672,52950,5805901600,0,0,0
ni2205,20220218,20220218,133104000,13:31:06,173890,33672,52950,5805901600,0,0,0
ni2205,20220218,20220218,133104500,13:31:06,173890,33673,52951,5806075490,1,1,173890
ni2205,20220218,20220218,133105500,13:31:08,173880,33675,52953,5806423250,2,2,347760
ni2205,20220218,20220218,133106000,13:31:08,173880,33675,52953,5806423250,0,0,0
ni2205,20220218,20220218,133107500,13:31:09,173870,33677,52954,5806770990,2,1,347740
ni2205,20220218,20220218,133108500,13:31:09,173870,33677,52954,5806770990,0,0,0
ni2205,20220218,20220218,133109000,13:31:09,173870,33677,52954,5806770990,0,0,0
ni2205,20220218,20220218,133109500,13:31:10,173880,33679,52953,5807118750,2,-1,347760
ni2205,20220218,20220218,133111000,13:31:11,173880,33679,52953,5807118750,0,0,0
ni2205,20220218,20220218,133111500,13:31:12,173880,33679,52953,5807118750,0,0,0
ni2205,20220218,20220218,133112000,13:31:12,173880,33679,52953,5807118750,0,0,0
ni2205,20220218,20220218,133112500,13:31:13,173880,33679,52953,5807118750,0,0,0
ni2205,20220218,20220218,133113000,13:31:13,173880,33679,52953,5807118750,0,0,0
ni2205,20220218,20220218,133113500,13:31:14,173880,33679,52953,5807118750,0,0,0
ni2205,20220218,20220218,133114000,13:31:15,173880,33679,52953,5807118750,0,0,0
ni2205,20220218,20220218,133114500,13:31:15,173880,33679,52953,5807118750,0,0,0
ni2205,20220218,20220218,133115000,13:31:15,173880,33679,52953,5807118750,0,0,0
ni2205,20220218,20220218,133115500,13:31:15,173880,33679,52953,5807118750,0,0,0
ni2205,20220218,20220218,133116000,13:31:16,173880,33679,52953,5807118750,0,0,0
ni2205,20220218,20220218,133116500,13:31:17,173880,33679,52953,5807118750,0,0,0
ni2205,20220218,20220218,133117000,13:31:17,173880,33679,52953,5807118750,0,0,0
ni2205,20220218,20220218,133117500,13:31:18,173880,33679,52953,5807118750,0,0,0
ni2205,20220218,20220218,133121500,13:31:22,173880,33679,52953,5807118750,0,0,0
ni2205,20220218,20220218,133122500,13:31:23,173880,33680,52953,5807292630,1,0,173880
ni2205,20220218,20220218,133123000,13:31:25,173880,33680,52953,5807292630,0,0,0
ni2205,20220218,20220218,133123500,13:31:25,173880,33680,52953,5807292630,0,0,0
ni2205,20220218,20220218,133124000,13:31:25,173920,33681,52954,5807466550,1,1,173920
ni2205,20220218,20220218,133124500,13:31:25,173920,33681,52954,5807466550,0,0,0
ni2205,20220218,20220218,133156000,13:31:56,173930,33682,52953,5807640480,1,-1,173930
ni2205,20220218,20220218,133158000,13:31:58,173950,33684,52955,5807988380,2,2,347900
ni2205,20220218,20220218,133158500,13:31:58,173980,33685,52955,5808162360,1,0,173980
ni2205,20220218,20220218,133159500,13:32:00,173940,33687,52954,5808510290,2,-1,347930
ni2205,20220218,20220218,133200500,13:32:01,173940,33687,52954,5808510290,0,0,0
ni2205,20220218,20220218,133201000,13:32:01,173800,33709,52947,5812336000,22,-7,3825710
ni2205,20220218,20220218,133201500,13:32:01,173800,33710,52947,5812509800,1,0,173800
ni2205,20220218,20220218,133203000,13:32:04,173800,33710,52947,5812509800,0,0,0
ni2205,20220218,20220218,133203500,13:32:05,173800,33710,52947,5812509800,0,0,0
ni2205,20220218,20220218,133204000,13:32:05,173750,33711,52947,5812683550,1,0,173750
ni2205,20220218,20220218,133205000,13:32:06,173750,33711,52947,5812683550,0,0,0
ni2205,20220218,20220218,133205500,13:32:06,173750,33711,52947,5812683550,0,0,0
ni2205,20220218,20220218,133206000,13:32:06,173750,33711,52947,5812683550,0,0,0
ni2205,20220218,20220218,133206500,13:32:07,173720,33713,52946,5813031030,2,-1,347480
ni2205,20220218,20220218,133207000,13:32:07,173720,33713,52946,5813031030,0,0,0
ni2205,20220218,20220218,133207500,13:32:07,173700,33714,52946,5813204730,1,0,173700
ni2205,20220218,20220218,133208000,13:32:09,173700,33714,52946,5813204730,0,0,0
ni2205,20220218,20220218,133208500,13:32:10,173700,33714,52946,5813204730,0,0,0
ni2205,20220218,20220218,133209000,13:32:10,173700,33714,52946,5813204730,0,0,0
ni2205,20220218,20220218,133209500,13:32:10,173650,33716,52945,5813552070,2,-1,347340
ni2205,20220218,20220218,133210000,13:32:10,173650,33716,52945,5813552070,0,0,0
ni2205,20220218,20220218,133210500,13:32:13,173650,33716,52945,5813552070,0,0,0
ni2205,20220218,20220218,133211000,13:32:14,173650,33716,52945,5813552070,0,0,0
ni2205,20220218,20220218,133213000,13:32:15,173650,33716,52945,5813552070,0,0,0
ni2205,20220218,20220218,133213500,13:32:15,173620,33719,52947,5814072850,3,2,520780
ni2205,20220218,20220218,133214000,13:32:15,173620,33719,52947,5814072850,0,0,0
ni2205,20220218,20220218,133214500,13:32:16,173620,33719,52947,5814072850,0,0,0
ni2205,20220218,20220218,133215000,13:32:16,173590,33720,52947,5814246440,1,0,173590
ni2205,20220218,20220218,133215500,13:32:16,173590,33720,52947,5814246440,0,0,0
ni2205,20220218,20220218,133216000,13:32:17,173590,33720,52947,5814246440,0,0,0
ni2205,20220218,20220218,133216500,13:32:17,173590,33720,52947,5814246440,0,0,0
ni2205,20220218,20220218,133217000,13:32:17,173590,33720,52947,5814246440,0,0,0
ni2205,20220218,20220218,133217500,13:32:18,173600,33722,52948,5814593640,2,1,347200
ni2205,20220218,20220218,133218000,13:32:18,173600,33724,52950,5814940840,2,2,347200
ni2205,20220218,20220218,133218500,13:32:18,173620,33726,52950,5815288140,2,0,347300
ni2205,20220218,20220218,133219000,13:32:19,173620,33726,52950,5815288140,0,0,0
ni2205,20220218,20220218,133219500,13:32:20,173620,33726,52950,5815288140,0,0,0
ni2205,20220218,20220218,133220000,13:32:20,173620,33726,52950,5815288140,0,0,0
ni2205,20220218,20220218,133220500,13:32:21,173600,33727,52950,5815461740,1,0,173600
ni2205,20220218,20220218,133221000,13:32:21,173600,33727,52950,5815461740,0,0,0
ni2205,20220218,20220218,133221500,13:32:22,173610,33728,52951,5815635350,1,1,173610
ni2205,20220218,20220218,133222000,13:32:22,173610,33728,52951,5815635350,0,0,0
ni2205,20220218,20220218,133222500,13:32:23,173610,33728,52951,5815635350,0,0,0
ni2205,20220218,20220218,133223000,13:32:24,173610,33728,52951,5815635350,0,0,0
ni2205,20220218,20220218,133223500,13:32:24,173610,33728,52951,5815635350,0,0,0
ni2205,20220218,20220218,133225000,13:32:25,173610,33728,52951,5815635350,0,0,0
ni2205,20220218,20220218,133225500,13:32:25,173610,33728,52951,5815635350,0,0,0
ni2205,20220218,20220218,133226000,13:32:27,173610,33728,52951,5815635350,0,0,0
ni2205,20220218,20220218,133226500,13:32:27,173610,33728,52951,5815635350,0,0,0
ni2205,20220218,20220218,133227000,13:32:27,173610,33728,52951,5815635350,0,0,0
ni2205,20220218,20220218,133227500,13:32:27,173610,33728,52951,5815635350,0,0,0
ni2205,20220218,20220218,133228000,13:32:32,173610,33728,52951,5815635350,0,0,0
ni2205,20220218,20220218,133229000,13:32:33,173600,33729,52952,5815808950,1,1,173600
ni2205,20220218,20220218,133229500,13:32:34,173600,33729,52952,5815808950,0,0,0
ni2205,20220218,20220218,133232000,13:32:35,173600,33729,52952,5815808950,0,0,0
ni2205,20220218,20220218,133232500,13:32:35,173600,33729,52952,5815808950,0,0,0
ni2205,20220218,20220218,133233500,13:32:35,173600,33729,52952,5815808950,0,0,0
ni2205,20220218,20220218,133235000,13:32:36,173600,33729,52952,5815808950,0,0,0
ni2205,20220218,20220218,133235500,13:32:36,173600,33730,52951,5815982550,1,-1,173600
ni2205,20220218,20220218,133236000,13:32:36,173580,33731,52951,5816156130,1,0,173580
ni2205,20220218,20220218,133236500,13:32:37,173580,33731,52951,5816156130,0,0,0
ni2205,20220218,20220218,133237000,13:32:37,173580,33732,52951,5816329710,1,0,173580
ni2205,20220218,20220218,133237500,13:32:37,173580,33733,52951,5816503290,1,0,173580
ni2205,20220218,20220218,133238000,13:32:38,173580,33733,52951,5816503290,0,0,0
ni2205,20220218,20220218,133238500,13:32:39,173580,33733,52951,5816503290,0,0,0
ni2205,20220218,20220218,133239000,13:32:39,173580,33733,52951,5816503290,0,0,0
ni2205,20220218,20220218,133240000,13:32:40,173580,33733,52951,5816503290,0,0,0
ni2205,20220218,20220218,133240500,13:32:40,173580,33733,52951,5816503290,0,0,0
ni2205,20220218,20220218,133241000,13:32:41,173580,33733,52951,5816503290,0,0,0
ni2205,20220218,20220218,133241500,13:32:42,173590,33734,52952,5816676880,1,1,173590
ni2205,20220218,20220218,133242000,13:32:42,173610,33735,52952,5816850490,1,0,173610
ni2205,20220218,20220218,133242500,13:32:42,173610,33735,52952,5816850490,0,0,0
ni2205,20220218,20220218,133243000,13:32:43,173610,33735,52952,5816850490,0,0,0
ni2205,20220218,20220218,133243500,13:32:43,173610,33735,52952,5816850490,0,0,0
ni2205,20220218,20220218,133244000,13:32:44,173610,33735,52952,5816850490,0,0,0
ni2205,20220218,20220218,133245000,13:32:45,173610,33735,52952,5816850490,0,0,0
ni2205,20220218,20220218,133245500,13:32:45,173610,33735,52952,5816850490,0,0,0
ni2205,20220218,20220218,133246000,13:32:47,173550,33736,52951,5817024040,1,-1,173550
ni2205,20220218,20220218,133246500,13:32:47,173550,33736,52951,5817024040,0,0,0
ni2205,20220218,20220218,133247000,13:32:47,173550,33737,52951,5817197590,1,0,173550
ni2205,20220218,20220218,133248500,13:32:49,173500,33738,52950,5817371090,1,-1,173500
ni2205,20220218,20220218,133249000,13:32:49,173500,33742,52949,5818065090,4,-1,694000
ni2205,20220218,20220218,133249500,13:32:50,173500,33742,52949,5818065090,0,0,0
ni2205,20220218,20220218,133250000,13:32:50,173440,33743,52949,5818238530,1,0,173440
ni2205,20220218,20220218,133250500,13:32:52,173460,33749,52952,5819279390,6,3,1040860
ni2205,20220218,20220218,133251000,13:32:52,173460,33749,52952,5819279390,0,0,0
ni2205,20220218,20220218,133251500,13:32:53,173460,33749,52952,5819279390,0,0,0
ni2205,20220218,20220218,133252000,13:32:53,173480,33751,52950,5819626350,2,-2,346960
ni2205,20220218,20220218,133252500,13:32:53,173480,33751,52950,5819626350,0,0,0
ni2205,20220218,20220218,133253000,13:32:53,173480,33751,52950,5819626350,0,0,0
ni2205,20220218,20220218,133253500,13:32:54,173470,33752,52949,5819799820,1,-1,173470
ni2205,20220218,20220218,133254000,13:32:54,173510,33757,52952,5820667370,5,3,867550
ni2205,20220218,20220218,133254500,13:32:55,173430,33759,52953,5821014310,2,1,346940
ni2205,20220218,20220218,133255000,13:32:55,173430,33760,52953,5821187740,1,0,173430
ni2205,20220218,20220218,133255500,13:32:55,173430,33760,52953,5821187740,0,0,0
ni2205,20220218,20220218,133256000,13:32:56,173430,33760,52953,5821187740,0,0,0
ni2205,20220218,20220218,133256500,13:32:56,173460,33761,52953,5821361200,1,0,173460
ni2205,20220218,20220218,133257000,13:32:59,173460,33762,52952,5821534660,1,-1,173460
ni2205,20220218,20220218,133257500,13:33:00,173420,33763,52952,5821708080,1,0,173420
ni2205,20220218,20220218,133258000,13:33:00,173420,33766,52953,5822228340,3,1,520260
ni2205,20220218,20220218,133258500,13:33:00,173420,33766,52953,5822228340,0,0,0
ni2205,20220218,20220218,133259500,13:33:01,173420,33766,52953,5822228340,0,0,0
ni2205,20220218,20220218,133300000,13:33:01,173470,33767,52953,5822401810,1,0,173470
ni2205,20220218,20220218,133300500,13:33:01,173470,33767,52953,5822401810,0,0,0
ni2205,20220218,20220218,133301000,13:33:02,173380,33768,52954,5822575190,1,1,173380
ni2205,20220218,20220218,133301500,13:33:02,173380,33768,52954,5822575190,0,0,0
ni2205,20220218,20220218,133302000,13:33:02,173380,33768,52954,5822575190,0,0,0
ni2205,20220218,20220218,133302500,13:33:03,173410,33774,52953,5823615650,6,-1,1040460
ni2205,20220218,20220218,133303000,13:33:03,173410,33774,52953,5823615650,0,0,0
ni2205,20220218,20220218,133303500,13:33:04,173410,33774,52953,5823615650,0,0,0
ni2205,20220218,20220218,133304000,13:33:04,173410,33774,52953,5823615650,0,0,0
ni2205,20220218,20220218,133304500,13:33:05,173370,33776,52955,5823962390,2,2,346740
ni2205,20220218,20220218,133305000,13:33:05,173360,33777,52955,5824135750,1,0,173360
ni2205,20220218,20220218,133305500,13:33:05,173370,33778,52955,5824309120,1,0,173370
ni2205,20220218,20220218,133306000,13:33:06,173370,33778,52955,5824309120,0,0,0
ni2205,20220218,20220218,133306500,13:33:06,173370,33778,52955,5824309120,0,0,0
ni2205,20220218,20220218,133307000,13:33:07,173340,33779,52955,5824482460,1,0,173340
ni2205,20220218,20220218,133307500,13:33:08,173340,33779,52955,5824482460,0,0,0
ni2205,20220218,20220218,133308000,13:33:08,173340,33782,52957,5825002480,3,2,520020
ni2205,20220218,20220218,133308500,13:33:09,173340,33782,52957,5825002480,0,0,0
ni2205,20220218,20220218,133309000,13:33:09,173340,33782,52957,5825002480,0,0,0
ni2205,20220218,20220218,133309500,13:33:10,173380,33783,52957,5825175860,1,0,173380
ni2205,20220218,20220218,133310000,13:33:11,173410,33785,52958,5825522680,2,1,346820
ni2205,20220218,20220218,133310500,13:33:12,173410,33785,52958,5825522680,0,0,0
ni2205,20220218,20220218,133311000,13:33:13,173410,33785,52958,5825522680,0,0,0
ni2205,20220218,20220218,133311500,13:33:14,173410,33786,52959,5825696090,1,1,173410
ni2205,20220218,20220218,133312000,13:33:14,173410,33786,52959,5825696090,0,0,0
ni2205,20220218,20220218,133312500,13:33:14,173410,33786,52959,5825696090,0,0,0
ni2205,20220218,20220218,133313500,13:33:15,173410,33786,52959,5825696090,0,0,0
ni2205,20220218,20220218,133314000,13:33:17,173410,33786,52959,5825696090,0,0,0
ni2205,20220218,20220218,133314500,13:33:17,173410,33786,52959,5825696090,0,0,0
ni2205,20220218,20220218,133315000,13:33:18,173380,33787,52958,5825869470,1,-1,173380
ni2205,20220218,20220218,133315500,13:33:18,173370,33789,52957,5826216210,2,-1,346740
ni2205,20220218,20220218,133317000,13:33:18,173440,33790,52958,5826389650,1,1,173440
ni2205,20220218,20220218,133317500,13:33:19,173390,33791,52958,5826563040,1,0,173390
ni2205,20220218,20220218,133318000,13:33:19,173430,33792,52959,5826736470,1,1,173430
ni2205,20220218,20220218,133318500,13:33:19,173430,33792,52959,5826736470,0,0,0
ni2205,20220218,20220218,133319000,13:33:20,173430,33793,52959,5826909900,1,0,173430
ni2205,20220218,20220218,133319500,13:33:20,173430,33793,52959,5826909900,0,0,0
ni2205,20220218,20220218,133320000,13:33:21,173430,33793,52959,5826909900,0,0,0
ni2205,20220218,20220218,133320500,13:33:21,173430,33793,52959,5826909900,0,0,0
ni2205,20220218,20220218,133321000,13:33:22,173430,33793,52959,5826909900,0,0,0
ni2205,20220218,20220218,133321500,13:33:22,173430,33793,52959,5826909900,0,0,0
ni2205,20220218,20220218,133322000,13:33:22,173460,33794,52958,5827083360,1,-1,173460
ni2205,20220218,20220218,133322500,13:33:22,173460,33794,52958,5827083360,0,0,0
ni2205,20220218,20220218,133323000,13:33:23,173460,33794,52958,5827083360,0,0,0
ni2205,20220218,20220218,133323500,13:33:24,173460,33794,52958,5827083360,0,0,0
ni2205,20220218,20220218,133324000,13:33:24,173460,33794,52958,5827083360,0,0,0
ni2205,20220218,20220218,133324500,13:33:25,173460,33794,52958,5827083360,0,0,0
ni2205,20220218,20220218,133325000,13:33:26,173460,33794,52958,5827083360,0,0,0
ni2205,20220218,20220218,133325500,13:33:26,173430,33795,52957,5827256790,1,-1,173430
ni2205,20220218,20220218,133326000,13:33:27,173430,33795,52957,5827256790,0,0,0
ni2205,20220218,20220218,133326500,13:33:29,173430,33795,52957,5827256790,0,0,0
ni2205,20220218,20220218,133327000,13:33:29,173430,33795,52957,5827256790,0,0,0
ni2205,20220218,20220218,133327500,13:33:29,173430,33795,52957,5827256790,0,0,0
ni2205,20220218,20220218,133328500,13:33:30,173430,33795,52957,5827256790,0,0,0
ni2205,20220218,20220218,133329000,13:33:30,173430,33795,52957,5827256790,0,0,0
ni2205,20220218,20220218,133329500,13:33:30,173430,33795,52957,5827256790,0,0,0
ni2205,20220218,20220218,133330000,13:33:30,173430,33795,52957,5827256790,0,0,0
ni2205,20220218,20220218,133330500,13:33:31,173430,33795,52957,5827256790,0,0,0
ni2205,20220218,20220218,133331000,13:33:32,173430,33795,52957,5827256790,0,0,0
ni2205,20220218,20220218,133331500,13:33:32,173430,33795,52957,5827256790,0,0,0
ni2205,20220218,20220218,133332000,13:33:32,173430,33795,52957,5827256790,0,0,0
ni2205,20220218,20220218,133332500,13:33:33,173430,33795,52957,5827256790,0,0,0
ni2205,20220218,20220218,133333000,13:33:33,173430,33795,52957,5827256790,0,0,0
ni2205,20220218,20220218,133333500,13:33:33,173430,33795,52957,5827256790,0,0,0
ni2205,20220218,20220218,133334000,13:33:34,173430,33795,52957,5827256790,0,0,0
ni2205,20220218,20220218,133334500,13:33:34,173430,33795,52957,5827256790,0,0,0
ni2205,20220218,20220218,133335000,13:33:35,173430,33795,52957,5827256790,0,0,0
ni2205,20220218,20220218,133336000,13:33:36,173430,33795,52957,5827256790,0,0,0
ni2205,20220218,20220218,133336500,13:33:36,173430,33795,52957,5827256790,0,0,0
ni2205,20220218,20220218,133337000,13:33:37,173430,33795,52957,5827256790,0,0,0
ni2205,20220218,20220218,133337500,13:33:37,173430,33795,52957,5827256790,0,0,0
ni2205,20220218,20220218,133338000,13:33:38,173430,33795,52957,5827256790,0,0,0
ni2205,20220218,20220218,133338500,13:33:39,173430,33795,52957,5827256790,0,0,0
ni2205,20220218,20220218,133339000,13:33:39,173470,33796,52956,5827430260,1,-1,173470
ni2205,20220218,20220218,133339500,13:33:40,173470,33796,52956,5827430260,0,0,0
ni2205,20220218,20220218,133340000,13:33:40,173440,33797,52957,5827603700,1,1,173440
ni2205,20220218,20220218,133340500,13:33:41,173440,33797,52957,5827603700,0,0,0
ni2205,20220218,20220218,133341000,13:33:41,173440,33797,52957,5827603700,0,0,0
ni2205,20220218,20220218,133341500,13:33:42,173440,33797,52957,5827603700,0,0,0
ni2205,20220218,20220218,133342000,13:33:42,173510,33798,52957,5827777210,1,0,173510
ni2205,20220218,20220218,133342500,13:33:42,173510,33799,52956,5827950720,1,-1,173510
ni2205,20220218,20220218,133343000,13:33:43,173510,33800,52956,5828124230,1,0,173510
ni2205,20220218,20220218,133343500,13:33:44,173510,33800,52956,5828124230,0,0,0
ni2205,20220218,20220218,133344000,13:33:44,173510,33800,52956,5828124230,0,0,0
ni2205,20220218,20220218,133344500,13:33:45,173510,33800,52956,5828124230,0,0,0
ni2205,20220218,20220218,133345000,13:33:45,173510,33800,52956,5828124230,0,0,0
ni2205,20220218,20220218,133345500,13:33:46,173510,33800,52956,5828124230,0,0,0
ni2205,20220218,20220218,133346000,13:33:47,173440,33801,52957,5828297670,1,1,173440
ni2205,20220218,20220218,133347500,13:33:49,173440,33801,52957,5828297670,0,0,0
ni2205,20220218,20220218,133348000,13:33:49,173440,33801,52957,5828297670,0,0,0
ni2205,20220218,20220218,133348500,13:33:49,173440,33801,52957,5828297670,0,0,0
ni2205,20220218,20220218,133349500,13:33:50,173440,33801,52957,5828297670,0,0,0
ni2205,20220218,20220218,133350000,13:33:50,173500,33802,52957,5828471170,1,0,173500
ni2205,20220218,20220218,133350500,13:33:50,173500,33802,52957,5828471170,0,0,0
ni2205,20220218,20220218,133351000,13:33:51,173500,33802,52957,5828471170,0,0,0
ni2205,20220218,20220218,133351500,13:33:52,173450,33803,52957,5828644620,1,0,173450
ni2205,20220218,20220218,133352000,13:33:52,173450,33803,52957,5828644620,0,0,0
ni2205,20220218,20220218,133353500,13:33:53,173450,33803,52957,5828644620,0,0,0
ni2205,20220218,20220218,133354000,13:33:54,173450,33803,52957,5828644620,0,0,0
ni2205,20220218,20220218,133354500,13:33:54,173450,33803,52957,5828644620,0,0,0
ni2205,20220218,20220218,133356500,13:33:57,173450,33806,52958,5829164970,3,1,520350
ni2205,20220218,20220218,133357000,13:33:57,173440,33822,52970,5831940140,16,12,2775170
ni2205,20220218,20220218,133357500,13:33:58,173440,33822,52970,5831940140,0,0,0
ni2205,20220218,20220218,133358000,13:33:58,173440,33822,52970,5831940140,0,0,0
ni2205,20220218,20220218,133358500,13:33:58,173440,33822,52970,5831940140,0,0,0
ni2205,20220218,20220218,133359000,13:33:59,173440,33822,52970,5831940140,0,0,0
ni2205,20220218,20220218,133400000,13:34:00,173440,33822,52970,5831940140,0,0,0
ni2205,20220218,20220218,133400500,13:34:00,173440,33822,52970,5831940140,0,0,0
ni2205,20220218,20220218,133401000,13:34:01,173520,33823,52969,5832113660,1,-1,173520
ni2205,20220218,20220218,133401500,13:34:02,173520,33823,52969,5832113660,0,0,0
ni2205,20220218,20220218,133402000,13:34:02,173520,33823,52969,5832113660,0,0,0
ni2205,20220218,20220218,133403000,13:34:10,173520,33823,52969,5832113660,0,0,0
ni2205,20220218,20220218,133410000,13:34:12,173520,33823,52969,5832113660,0,0,0
ni2205,20220218,20220218,133411000,13:34:12,173520,33823,52969,5832113660,0,0,0
ni2205,20220218,20220218,133411500,13:34:12,173530,33826,52968,5832634240,3,-1,520580
ni2205,20220218,20220218,133412000,13:34:12,173580,33827,52969,5832807820,1,1,173580
ni2205,20220218,20220218,133412500,13:34:13,173580,33827,52969,5832807820,0,0,0
ni2205,20220218,20220218,133413000,13:34:13,173480,33828,52970,5832981300,1,1,173480
ni2205,20220218,20220218,133413500,13:34:14,173480,33828,52970,5832981300,0,0,0
ni2205,20220218,20220218,133414000,13:34:14,173480,33828,52970,5832981300,0,0,0
ni2205,20220218,20220218,133414500,13:34:14,173480,33828,52970,5832981300,0,0,0
ni2205,20220218,20220218,133415000,13:34:15,173480,33828,52970,5832981300,0,0,0
ni2205,20220218,20220218,133415500,13:34:16,173480,33828,52970,5832981300,0,0,0
ni2205,20220218,20220218,133416000,13:34:16,173480,33828,52970,5832981300,0,0,0
ni2205,20220218,20220218,133417000,13:34:17,173530,33829,52970,5833154830,1,0,173530
ni2205,20220218,20220218,133417500,13:34:17,173530,33829,52970,5833154830,0,0,0
ni2205,20220218,20220218,133418000,13:34:18,173530,33829,52970,5833154830,0,0,0
ni2205,20220218,20220218,133418500,13:34:18,173530,33829,52970,5833154830,0,0,0
ni2205,20220218,20220218,133420000,13:34:20,173530,33829,52970,5833154830,0,0,0
ni2205,20220218,20220218,133420500,13:34:21,173530,33829,52970,5833154830,0,0,0
ni2205,20220218,20220218,133421000,13:34:23,173530,33829,52970,5833154830,0,0,0
ni2205,20220218,20220218,133423500,13:34:24,173530,33829,52970,5833154830,0,0,0
ni2205,20220218,20220218,133424000,13:34:24,173530,33829,52970,5833154830,0,0,0
ni2205,20220218,20220218,133424500,13:34:24,173530,33829,52970,5833154830,0,0,0
ni2205,20220218,20220218,133425000,13:34:25,173530,33829,52970,5833154830,0,0,0
ni2205,20220218,20220218,133425500,13:34:25,173530,33829,52970,5833154830,0,0,0
ni2205,20220218,20220218,133426000,13:34:26,173530,33829,52970,5833154830,0,0,0
ni2205,20220218,20220218,133428500,13:34:28,173530,33829,52970,5833154830,0,0,0
ni2205,20220218,20220218,133429000,13:34:29,173530,33829,52970,5833154830,0,0,0
ni2205,20220218,20220218,133429500,13:34:29,173450,33833,52970,5833848700,4,0,693870
ni2205,20220218,20220218,133430000,13:34:30,173450,33837,52974,5834542500,4,4,693800
ni2205,20220218,20220218,133430500,13:34:30,173450,33837,52974,5834542500,0,0,0
ni2205,20220218,20220218,133431000,13:34:31,173450,33837,52974,5834542500,0,0,0
ni2205,20220218,20220218,133431500,13:34:31,173450,33837,52974,5834542500,0,0,0
ni2205,20220218,20220218,133432000,13:34:32,173450,33837,52974,5834542500,0,0,0
ni2205,20220218,20220218,133433500,13:34:34,173450,33837,52974,5834542500,0,0,0
ni2205,20220218,20220218,133434000,13:34:34,173420,33840,52972,5835062790,3,-2,520290
ni2205,20220218,20220218,133434500,13:34:35,173420,33840,52972,5835062790,0,0,0
ni2205,20220218,20220218,133435000,13:34:35,173420,33840,52972,5835062790,0,0,0
ni2205,20220218,20220218,133435500,13:34:36,173420,33840,52972,5835062790,0,0,0
ni2205,20220218,20220218,133436500,13:34:36,173420,33842,52970,5835409610,2,-2,346820
ni2205,20220218,20220218,133437000,13:34:37,173450,33844,52968,5835756510,2,-2,346900
ni2205,20220218,20220218,133437500,13:34:38,173450,33844,52968,5835756510,0,0,0
ni2205,20220218,20220218,133438000,13:34:38,173450,33844,52968,5835756510,0,0,0
ni2205,20220218,20220218,133438500,13:34:38,173450,33844,52968,5835756510,0,0,0
ni2205,20220218,20220218,133439000,13:34:39,173450,33844,52968,5835756510,0,0,0
ni2205,20220218,20220218,133439500,13:34:39,173450,33844,52968,5835756510,0,0,0
ni2205,20220218,20220218,133440000,13:34:40,173450,33844,52968,5835756510,0,0,0
ni2205,20220218,20220218,133440500,13:34:41,173450,33844,52968,5835756510,0,0,0
ni2205,20220218,20220218,133442000,13:34:43,173450,33844,52968,5835756510,0,0,0
ni2205,20220218,20220218,133442500,13:34:44,173450,33844,52968,5835756510,0,0,0
ni2205,20220218,20220218,133443000,13:34:45,173450,33844,52968,5835756510,0,0,0
ni2205,20220218,20220218,133443500,13:34:45,173450,33844,52968,5835756510,0,0,0
ni2205,20220218,20220218,133444000,13:34:45,173450,33844,52968,5835756510,0,0,0
ni2205,20220218,20220218,133445000,13:34:46,173450,33844,52968,5835756510,0,0,0
ni2205,20220218,20220218,133445500,13:34:46,173450,33844,52968,5835756510,0,0,0
ni2205,20220218,20220218,133446000,13:34:46,173450,33844,52968,5835756510,0,0,0
ni2205,20220218,20220218,133446500,13:34:47,173450,33844,52968,5835756510,0,0,0
ni2205,20220218,20220218,133447000,13:34:47,173450,33844,52968,5835756510,0,0,0
ni2205,20220218,20220218,133447500,13:34:47,173330,33854,52969,5837489980,10,1,1733470
ni2205,20220218,20220218,133448000,13:34:48,173300,33864,52963,5839223100,10,-6,1733120
ni2205,20220218,20220218,133448500,13:34:49,173400,33867,52963,5839743280,3,0,520180
ni2205,20220218,20220218,133449000,13:34:49,173390,33868,52963,5839916670,1,0,173390
ni2205,20220218,20220218,133449500,13:34:49,173320,33869,52963,5840089990,1,0,173320
ni2205,20220218,20220218,133450000,13:34:51,173320,33869,52963,5840089990,0,0,0
ni2205,20220218,20220218,133450500,13:34:51,173320,33869,52963,5840089990,0,0,0
ni2205,20220218,20220218,133451000,13:34:51,173320,33871,52962,5840436630,2,-1,346640
ni2205,20220218,20220218,133451500,13:34:51,173320,33871,52962,5840436630,0,0,0
ni2205,20220218,20220218,133452000,13:34:52,173320,33871,52962,5840436630,0,0,0
ni2205,20220218,20220218,133453000,13:34:53,173330,33872,52963,5840609960,1,1,173330
ni2205,20220218,20220218,133454000,13:34:56,173390,33873,52962,5840783350,1,-1,173390
ni2205,20220218,20220218,133454500,13:34:56,173390,33873,52962,5840783350,0,0,0
ni2205,20220218,20220218,133455000,13:34:56,173440,33875,52960,5841130180,2,-2,346830
ni2205,20220218,20220218,133455500,13:34:56,173440,33875,52960,5841130180,0,0,0
ni2205,20220218,20220218,133457500,13:34:58,173440,33875,52960,5841130180,0,0,0
ni2205,20220218,20220218,133458000,13:34:58,173440,33875,52960,5841130180,0,0,0
ni2205,20220218,20220218,133458500,13:34:59,173440,33875,52960,5841130180,0,0,0
ni2205,20220218,20220218,133459000,13:34:59,173440,33875,52960,5841130180,0,0,0
ni2205,20220218,20220218,133500000,13:35:00,173440,33875,52960,5841130180,0,0,0
ni2205,20220218,20220218,133500500,13:35:00,173440,33875,52960,5841130180,0,0,0
ni2205,20220218,20220218,133501000,13:35:04,173440,33875,52960,5841130180,0,0,0
ni2205,20220218,20220218,133501500,13:35:04,173440,33875,52960,5841130180,0,0,0
ni2205,20220218,20220218,133502000,13:35:10,173440,33875,52960,5841130180,0,0,0
ni2205,20220218,20220218,133504500,13:35:10,173440,33875,52960,5841130180,0,0,0
ni2205,20220218,20220218,133505000,13:35:10,173440,33875,52960,5841130180,0,0,0
ni2205,20220218,20220218,133510000,13:35:10,173440,33875,52960,5841130180,0,0,0
ni2205,20220218,20220218,133510500,13:35:11,173440,33875,52960,5841130180,0,0,0
ni2205,20220218,20220218,133511500,13:35:12,173440,33875,52960,5841130180,0,0,0
ni2205,20220218,20220218,133512000,13:35:12,173440,33879,52962,5841823890,4,2,693710
ni2205,20220218,20220218,133512500,13:35:13,173440,33879,52962,5841823890,0,0,0
ni2205,20220218,20220218,133513000,13:35:13,173440,33879,52962,5841823890,0,0,0
ni2205,20220218,20220218,133513500,13:35:13,173440,33879,52962,5841823890,0,0,0
ni2205,20220218,20220218,133514000,13:35:14,173370,33880,52962,5841997260,1,0,173370
ni2205,20220218,20220218,133514500,13:35:14,173370,33880,52962,5841997260,0,0,0
ni2205,20220218,20220218,133515000,13:35:15,173370,33880,52962,5841997260,0,0,0
ni2205,20220218,20220218,133515500,13:35:16,173370,33880,52962,5841997260,0,0,0
ni2205,20220218,20220218,133516000,13:35:16,173370,33880,52962,5841997260,0,0,0
ni2205,20220218,20220218,133516500,13:35:16,173500,33885,52966,5842864760,5,4,867500
ni2205,20220218,20220218,133517000,13:35:17,173500,33885,52966,5842864760,0,0,0
ni2205,20220218,20220218,133517500,13:35:18,173480,33886,52967,5843038240,1,1,173480
ni2205,20220218,20220218,133518000,13:35:18,173480,33886,52967,5843038240,0,0,0
ni2205,20220218,20220218,133518500,13:35:19,173480,33886,52967,5843038240,0,0,0
ni2205,20220218,20220218,133519000,13:35:19,173480,33889,52968,5843558640,3,1,520400
ni2205,20220218,20220218,133519500,13:35:20,173480,33891,52970,5843905600,2,2,346960
ni2205,20220218,20220218,133520000,13:35:20,173480,33893,52970,5844252540,2,0,346940
ni2205,20220218,20220218,133520500,13:35:21,173480,33893,52970,5844252540,0,0,0
ni2205,20220218,20220218,133521000,13:35:21,173480,33893,52970,5844252540,0,0,0
ni2205,20220218,20220218,133521500,13:35:22,173480,33893,52970,5844252540,0,0,0
ni2205,20220218,20220218,133522000,13:35:22,173480,33893,52970,5844252540,0,0,0
ni2205,20220218,20220218,133523500,13:35:23,173480,33893,52970,5844252540,0,0,0
ni2205,20220218,20220218,133524000,13:35:25,173480,33893,52970,5844252540,0,0,0
ni2205,20220218,20220218,133524500,13:35:25,173480,33893,52970,5844252540,0,0,0
ni2205,20220218,20220218,133525000,13:35:25,173480,33893,52970,5844252540,0,0,0
ni2205,20220218,20220218,133525500,13:35:26,173480,33893,52970,5844252540,0,0,0
ni2205,20220218,20220218,133526000,13:35:26,173480,33893,52970,5844252540,0,0,0
ni2205,20220218,20220218,133526500,13:35:27,173550,33895,52972,5844599640,2,2,347100
ni2205,20220218,20220218,133527000,13:35:27,173550,33895,52972,5844599640,0,0,0
ni2205,20220218,20220218,133528500,13:35:32,173550,33895,52972,5844599640,0,0,0
ni2205,20220218,20220218,133531000,13:35:33,173580,33896,52971,5844773220,1,-1,173580
ni2205,20220218,20220218,133531500,13:35:41,173580,33896,52971,5844773220,0,0,0
ni2205,20220218,20220218,133532000,13:35:42,173580,33896,52971,5844773220,0,0,0
ni2205,20220218,20220218,133540000,13:35:43,173580,33896,52971,5844773220,0,0,0
ni2205,20220218,20220218,133541000,13:35:43,173580,33896,52971,5844773220,0,0,0
ni2205,20220218,20220218,133542000,13:35:44,173580,33896,52971,5844773220,0,0,0
ni2205,20220218,20220218,133542500,13:35:44,173580,33896,52971,5844773220,0,0,0
ni2205,20220218,20220218,133543500,13:35:44,173580,33896,52971,5844773220,0,0,0
ni2205,20220218,20220218,133544000,13:35:44,173580,33896,52971,5844773220,0,0,0
ni2205,20220218,20220218,133544500,13:35:45,173580,33896,52971,5844773220,0,0,0
ni2205,20220218,20220218,133545000,13:35:46,173580,33896,52971,5844773220,0,0,0
ni2205,20220218,20220218,133545500,13:35:46,173580,33896,52971,5844773220,0,0,0
ni2205,20220218,20220218,133546000,13:35:46,173580,33896,52971,5844773220,0,0,0
ni2205,20220218,20220218,133546500,13:35:46,173580,33896,52971,5844773220,0,0,0
ni2205,20220218,20220218,133547000,13:35:47,173580,33896,52971,5844773220,0,0,0
ni2205,20220218,20220218,133547500,13:35:48,173510,33901,52971,5845640860,5,0,867640
ni2205,20220218,20220218,133548000,13:35:48,173510,33901,52971,5845640860,0,0,0
ni2205,20220218,20220218,133548500,13:35:48,173510,33901,52971,5845640860,0,0,0
ni2205,20220218,20220218,133549000,13:35:49,173510,33901,52971,5845640860,0,0,0
ni2205,20220218,20220218,133549500,13:35:49,173510,33901,52971,5845640860,0,0,0
ni2205,20220218,20220218,133550000,13:35:50,173510,33901,52971,5845640860,0,0,0
ni2205,20220218,20220218,133550500,13:35:50,173490,33902,52970,5845814350,1,-1,173490
ni2205,20220218,20220218,133551000,13:35:51,173490,33902,52970,5845814350,0,0,0
ni2205,20220218,20220218,133551500,13:35:51,173490,33902,52970,5845814350,0,0,0
ni2205,20220218,20220218,133552000,13:35:52,173490,33902,52970,5845814350,0,0,0
ni2205,20220218,20220218,133552500,13:35:52,173490,33903,52971,5845987840,1,1,173490
ni2205,20220218,20220218,133553000,13:35:53,173550,33904,52971,5846161390,1,0,173550
ni2205,20220218,20220218,133553500,13:35:55,173550,33904,52971,5846161390,0,0,0
ni2205,20220218,20220218,133554000,13:35:55,173550,33904,52971,5846161390,0,0,0
ni2205,20220218,20220218,133554500,13:35:55,173550,33904,52971,5846161390,0,0,0
ni2205,20220218,20220218,133555000,13:35:56,173550,33904,52971,5846161390,0,0,0
ni2205,20220218,20220218,133555500,13:35:56,173550,33904,52971,5846161390,0,0,0
ni2205,20220218,20220218,133556500,13:35:57,173550,33904,52971,5846161390,0,0,0
ni2205,20220218,20220218,133557000,13:35:58,173550,33904,52971,5846161390,0,0,0
ni2205,20220218,20220218,133557500,13:35:59,173550,33904,52971,5846161390,0,0,0
ni2205,20220218,20220218,133559500,13:36:03,173550,33904,52971,5846161390,0,0,0
ni2205,20220218,20220218,133601000,13:36:03,173550,33904,52971,5846161390,0,0,0
ni2205,20220218,20220218,133603000,13:36:05,173550,33904,52971,5846161390,0,0,0
ni2205,20220218,20220218,133605000,13:36:06,173400,33908,52970,5846855230,4,-1,693840
ni2205,20220218,20220218,133605500,13:36:07,173450,33909,52970,5847028680,1,0,173450
ni2205,20220218,20220218,133606000,13:36:07,173450,33909,52970,5847028680,0,0,0
ni2205,20220218,20220218,133606500,13:36:07,173450,33909,52970,5847028680,0,0,0
ni2205,20220218,20220218,133607000,13:36:08,173450,33909,52970,5847028680,0,0,0
ni2205,20220218,20220218,133607500,13:36:08,173450,33909,52970,5847028680,0,0,0
ni2205,20220218,20220218,133608000,13:36:08,173450,33909,52970,5847028680,0,0,0
ni2205,20220218,20220218,133608500,13:36:08,173450,33909,52970,5847028680,0,0,0
ni2205,20220218,20220218,133609000,13:36:09,173450,33909,52970,5847028680,0,0,0
ni2205,20220218,20220218,133609500,13:36:10,173450,33909,52970,5847028680,0,0,0
ni2205,20220218,20220218,133610000,13:36:10,173450,33909,52970,5847028680,0,0,0
ni2205,20220218,20220218,133610500,13:36:11,173450,33909,52970,5847028680,0,0,0
ni2205,20220218,20220218,133611000,13:36:11,173450,33909,52970,5847028680,0,0,0
ni2205,20220218,20220218,133612000,13:36:12,173350,33910,52971,5847202030,1,1,173350
ni2205,20220218,20220218,133612500,13:36:12,173350,33910,52971,5847202030,0,0,0
ni2205,20220218,20220218,133613000,13:36:13,173390,33912,52971,5847548810,2,0,346780
ni2205,20220218,20220218,133613500,13:36:14,173390,33912,52971,5847548810,0,0,0
ni2205,20220218,20220218,133614000,13:36:14,173390,33912,52971,5847548810,0,0,0
ni2205,20220218,20220218,133615000,13:36:15,173390,33912,52971,5847548810,0,0,0
ni2205,20220218,20220218,133615500,13:36:15,173390,33912,52971,5847548810,0,0,0
ni2205,20220218,20220218,133616000,13:36:16,173390,33912,52971,5847548810,0,0,0
ni2205,20220218,20220218,133616500,13:36:17,173390,33912,52971,5847548810,0,0,0
ni2205,20220218,20220218,133617000,13:36:17,173370,33913,52971,5847722180,1,0,173370
ni2205,20220218,20220218,133617500,13:36:19,173370,33913,52971,5847722180,0,0,0
ni2205,20220218,20220218,133618000,13:36:19,173320,33917,52971,5848415560,4,0,693380
ni2205,20220218,20220218,133618500,13:36:19,173320,33917,52971,5848415560,0,0,0
ni2205,20220218,20220218,133619000,13:36:19,173320,33917,52971,5848415560,0,0,0
ni2205,20220218,20220218,133619500,13:36:19,173320,33917,52971,5848415560,0,0,0
ni2205,20220218,20220218,133620000,13:36:20,173310,33923,52975,5849455450,6,4,1039890
ni2205,20220218,20220218,133620500,13:36:20,173310,33967,53019,5857081090,44,44,7625640
ni2205,20220218,20220218,133621000,13:36:21,173310,33967,53019,5857081090,0,0,0
ni2205,20220218,20220218,133621500,13:36:21,173310,33967,53019,5857081090,0,0,0
ni2205,20220218,20220218,133622000,13:36:22,173310,33967,53019,5857081090,0,0,0
ni2205,20220218,20220218,133622500,13:36:22,173310,33967,53019,5857081090,0,0,0
ni2205,20220218,20220218,133623000,13:36:23,173420,33969,53018,5857427820,2,-1,346730
ni2205,20220218,20220218,133623500,13:36:23,173420,33969,53018,5857427820,0,0,0
ni2205,20220218,20220218,133624000,13:36:24,173420,33969,53018,5857427820,0,0,0
ni2205,20220218,20220218,133624500,13:36:24,173420,33969,53018,5857427820,0,0,0
ni2205,20220218,20220218,133625000,13:36:25,173420,33969,53018,5857427820,0,0,0
ni2205,20220218,20220218,133625500,13:36:26,173420,33969,53018,5857427820,0,0,0
ni2205,20220218,20220218,133626000,13:36:26,173420,33969,53018,5857427820,0,0,0
ni2205,20220218,20220218,133626500,13:36:27,173420,33969,53018,5857427820,0,0,0
ni2205,20220218,20220218,133627000,13:36:27,173420,33969,53018,5857427820,0,0,0
ni2205,20220218,20220218,133627500,13:36:28,173420,33969,53018,5857427820,0,0,0
ni2205,20220218,20220218,133628000,13:36:28,173420,33969,53018,5857427820,0,0,0
ni2205,20220218,20220218,133628500,13:36:29,173420,33969,53018,5857427820,0,0,0
ni2205,20220218,20220218,133629000,13:36:29,173420,33969,53018,5857427820,0,0,0
ni2205,20220218,20220218,133629500,13:36:30,173420,33969,53018,5857427820,0,0,0
ni2205,20220218,20220218,133630000,13:36:30,173330,33970,53017,5857601150,1,-1,173330
ni2205,20220218,20220218,133630500,13:36:31,173330,33970,53017,5857601150,0,0,0
ni2205,20220218,20220218,133632000,13:36:32,173330,33970,53017,5857601150,0,0,0
ni2205,20220218,20220218,133632500,13:36:32,173330,33970,53017,5857601150,0,0,0
ni2205,20220218,20220218,133634500,13:36:35,173330,33970,53017,5857601150,0,0,0
ni2205,20220218,20220218,133635000,13:36:35,173330,33970,53017,5857601150,0,0,0
ni2205,20220218,20220218,133635500,13:36:36,173330,33970,53017,5857601150,0,0,0
ni2205,20220218,20220218,133636000,13:36:36,173330,33970,53017,5857601150,0,0,0
ni2205,20220218,20220218,133636500,13:36:36,173330,33970,53017,5857601150,0,0,0
ni2205,20220218,20220218,133637000,13:36:38,173380,33971,53016,5857774530,1,-1,173380
ni2205,20220218,20220218,133637500,13:36:38,173380,33971,53016,5857774530,0,0,0
ni2205,20220218,20220218,133638000,13:36:38,173380,33971,53016,5857774530,0,0,0
ni2205,20220218,20220218,133639500,13:36:39,173310,33972,53017,5857947840,1,1,173310
ni2205,20220218,20220218,133640000,13:36:40,173300,33974,53017,5858294440,2,0,346600
ni2205,20220218,20220218,133640500,13:36:40,173300,33974,53017,5858294440,0,0,0
ni2205,20220218,20220218,133641000,13:36:41,173300,33974,53017,5858294440,0,0,0
ni2205,20220218,20220218,133641500,13:36:41,173300,33974,53017,5858294440,0,0,0
ni2205,20220218,20220218,133642000,13:36:42,173370,33975,53016,5858467810,1,-1,173370
ni2205,20220218,20220218,133642500,13:36:42,173370,33975,53016,5858467810,0,0,0
ni2205,20220218,20220218,133643000,13:36:43,173370,33975,53016,5858467810,0,0,0
ni2205,20220218,20220218,133643500,13:36:44,173300,33976,53016,5858641110,1,0,173300
ni2205,20220218,20220218,133644000,13:36:44,173290,33977,53016,5858814400,1,0,173290
ni2205,20220218,20220218,133644500,13:36:44,173330,33978,53016,5858987730,1,0,173330
ni2205,20220218,20220218,133645000,13:36:45,173330,33978,53016,5858987730,0,0,0
ni2205,20220218,20220218,133645500,13:36:46,173330,33978,53016,5858987730,0,0,0
ni2205,20220218,20220218,133646000,13:36:46,173330,33978,53016,5858987730,0,0,0
ni2205,20220218,20220218,133646500,13:36:46,173330,33983,53020,5859854220,5,4,866490
ni2205,20220218,20220218,133647000,13:36:47,173280,33990,53020,5861067180,7,0,1212960
ni2205,20220218,20220218,133647500,13:36:47,173280,33990,53020,5861067180,0,0,0
ni2205,20220218,20220218,133648000,13:36:48,173350,33991,53019,5861240530,1,-1,173350
ni2205,20220218,20220218,133648500,13:36:48,173350,33991,53019,5861240530,0,0,0
ni2205,20220218,20220218,133649000,13:36:49,173350,33991,53019,5861240530,0,0,0
ni2205,20220218,20220218,133649500,13:36:49,173350,33991,53019,5861240530,0,0,0
ni2205,20220218,20220218,133650000,13:36:50,173350,33991,53019,5861240530,0,0,0
ni2205,20220218,20220218,133650500,13:36:50,173280,33993,53019,5861587160,2,0,346630
ni2205,20220218,20220218,133651000,13:36:51,173280,33993,53019,5861587160,0,0,0
ni2205,20220218,20220218,133651500,13:36:51,173280,33993,53019,5861587160,0,0,0
ni2205,20220218,20220218,133652000,13:36:52,173280,33993,53019,5861587160,0,0,0
ni2205,20220218,20220218,133652500,13:36:53,173270,33994,53020,5861760430,1,1,173270
ni2205,20220218,20220218,133653000,13:36:53,173270,33994,53020,5861760430,0,0,0
ni2205,20220218,20220218,133653500,13:36:54,173260,33997,53020,5862280230,3,0,519800
ni2205,20220218,20220218,133654000,13:36:54,173260,33997,53020,5862280230,0,0,0
ni2205,20220218,20220218,133654500,13:36:54,173280,33999,53019,5862626790,2,-1,346560
ni2205,20220218,20220218,133655000,13:36:55,173280,33999,53019,5862626790,0,0,0
ni2205,20220218,20220218,133655500,13:36:56,173280,33999,53019,5862626790,0,0,0
ni2205,20220218,20220218,133656000,13:36:56,173280,33999,53019,5862626790,0,0,0
ni2205,20220218,20220218,133656500,13:36:57,173280,33999,53019,5862626790,0,0,0
ni2205,20220218,20220218,133657000,13:36:58,173280,33999,53019,5862626790,0,0,0
ni2205,20220218,20220218,133657500,13:36:58,173290,34000,53018,5862800080,1,-1,173290
ni2205,20220218,20220218,133658000,13:36:58,173220,34001,53019,5862973300,1,1,173220
ni2205,20220218,20220218,133658500,13:36:59,173220,34001,53019,5862973300,0,0,0
ni2205,20220218,20220218,133659000,13:36:59,173220,34001,53019,5862973300,0,0,0
ni2205,20220218,20220218,133659500,13:36:59,173220,34001,53019,5862973300,0,0,0
ni2205,20220218,20220218,133700000,13:37:00,173270,34004,53016,5863493110,3,-3,519810
ni2205,20220218,20220218,133700500,13:37:00,173270,34004,53016,5863493110,0,0,0
ni2205,20220218,20220218,133701000,13:37:01,173270,34004,53016,5863493110,0,0,0
ni2205,20220218,20220218,133701500,13:37:01,173210,34005,53017,5863666320,1,1,173210
ni2205,20220218,20220218,133702000,13:37:02,173210,34005,53017,5863666320,0,0,0
ni2205,20220218,20220218,133702500,13:37:03,173210,34005,53017,5863666320,0,0,0
ni2205,20220218,20220218,133703000,13:37:03,173210,34005,53017,5863666320,0,0,0
ni2205,20220218,20220218,133703500,13:37:03,173210,34005,53017,5863666320,0,0,0
ni2205,20220218,20220218,133704000,13:37:04,173200,34006,53016,5863839520,1,-1,173200
ni2205,20220218,20220218,133704500,13:37:04,173270,34010,53012,5864532350,4,-4,692830
ni2205,20220218,20220218,133705000,13:37:05,173270,34010,53012,5864532350,0,0,0
ni2205,20220218,20220218,133705500,13:37:07,173270,34010,53012,5864532350,0,0,0
ni2205,20220218,20220218,133706000,13:37:08,173270,34010,53012,5864532350,0,0,0
ni2205,20220218,20220218,133706500,13:37:08,173270,34010,53012,5864532350,0,0,0
ni2205,20220218,20220218,133707000,13:37:08,173270,34012,53012,5864878890,2,0,346540
ni2205,20220218,20220218,133707500,13:37:08,173270,34012,53012,5864878890,0,0,0
ni2205,20220218,20220218,133708000,13:37:08,173270,34012,53012,5864878890,0,0,0
ni2205,20220218,20220218,133708500,13:37:08,173210,34015,53011,5865398580,3,-1,519690
ni2205,20220218,20220218,133709000,13:37:09,173210,34015,53011,5865398580,0,0,0
ni2205,20220218,20220218,133709500,13:37:10,173210,34015,53011,5865398580,0,0,0
ni2205,20220218,20220218,133710000,13:37:11,173210,34015,53011,5865398580,0,0,0
ni2205,20220218,20220218,133710500,13:37:11,173280,34016,53012,5865571860,1,1,173280
ni2205,20220218,20220218,133711000,13:37:11,173320,34018,53012,5865918490,2,0,346630
ni2205,20220218,20220218,133711500,13:37:13,173340,34019,53012,5866091830,1,0,173340
ni2205,20220218,20220218,133712000,13:37:13,173340,34019,53012,5866091830,0,0,0
ni2205,20220218,20220218,133712500,13:37:13,173340,34019,53012,5866091830,0,0,0
ni2205,20220218,20220218,133713000,13:37:14,173340,34019,53012,5866091830,0,0,0
ni2205,20220218,20220218,133713500,13:37:14,173380,34020,53012,5866265210,1,0,173380
ni2205,20220218,20220218,133714000,13:37:14,173380,34020,53012,5866265210,0,0,0
ni2205,20220218,20220218,133714500,13:37:15,173380,34020,53012,5866265210,0,0,0
ni2205,20220218,20220218,133715000,13:37:15,173340,34021,53011,5866438550,1,-1,173340
ni2205,20220218,20220218,133715500,13:37:16,173340,34021,53011,5866438550,0,0,0
ni2205,20220218,20220218,133716000,13:37:16,173340,34021,53011,5866438550,0,0,0
ni2205,20220218,20220218,133716500,13:37:16,173340,34021,53011,5866438550,0,0,0
ni2205,20220218,20220218,133717000,13:37:17,173340,34021,53011,5866438550,0,0,0
ni2205,20220218,20220218,133717500,13:37:18,173340,34022,53011,5866611890,1,0,173340
ni2205,20220218,20220218,133718000,13:37:18,173340,34022,53011,5866611890,0,0,0
ni2205,20220218,20220218,133718500,13:37:19,173310,34028,53017,5867651900,6,6,1040010
ni2205,20220218,20220218,133719000,13:37:19,173310,34028,53017,5867651900,0,0,0
ni2205,20220218,20220218,133719500,13:37:19,173310,34028,53017,5867651900,0,0,0
ni2205,20220218,20220218,133720000,13:37:20,173280,34033,53017,5868518440,5,0,866540
ni2205,20220218,20220218,133720500,13:37:21,173270,34079,53008,5876488860,46,-9,7970420
ni2205,20220218,20220218,133721000,13:37:21,173270,34079,53008,5876488860,0,0,0
ni2205,20220218,20220218,133722000,13:37:22,173270,34079,53008,5876488860,0,0,0
