ni2207,20220218,20220218,112004500,11:20:09,0,0,0,0,0,0,0
ni2207,20220218,20220218,112002200,11:20:10,171010,160,3042,27118540,160,3042,27118540
ni2207,20220218,20220218,112005000,11:20:10,171010,160,3042,27118540,0,0,0
ni2207,20220218,20220218,112010000,11:20:10,171010,160,3042,27118540,0,0,0
ni2207,20220218,20220218,112010500,11:20:10,171010,160,3042,27118540,0,0,0
ni2207,20220218,20220218,112011000,11:20:11,171010,160,3042,27118540,0,0,0
ni2207,20220218,20220218,112011500,11:20:12,171010,160,3042,27118540,0,0,0
ni2207,20220218,20220218,112014000,11:20:14,171010,160,3042,27118540,0,0,0
ni2207,20220218,20220218,112031500,11:20:32,171010,160,3042,27118540,0,0,0
ni2207,20220218,20220218,112032000,11:20:32,171010,160,3042,27118540,0,0,0
ni2207,20220218,20220218,112033000,11:20:33,171010,160,3042,27118540,0,0,0
ni2207,20220218,20220218,112033500,11:20:33,171010,160,3042,27118540,0,0,0
ni2207,20220218,20220218,112034000,11:20:34,171010,160,3042,27118540,0,0,0
ni2207,20220218,20220218,112035000,11:20:35,171010,160,3042,27118540,0,0,0
ni2207,20220218,20220218,112036000,11:20:36,171010,160,3042,27118540,0,0,0
ni2207,20220218,20220218,112036500,11:20:37,171010,160,3042,27118540,0,0,0
ni2207,20220218,20220218,112037000,11:20:37,171010,160,3042,27118540,0,0,0
ni2207,20220218,20220218,112037500,11:20:38,171010,160,3042,27118540,0,0,0
ni2207,20220218,20220218,112038000,11:20:38,171010,160,3042,27118540,0,0,0
ni2207,20220218,20220218,112039000,11:20:39,171010,160,3042,27118540,0,0,0
ni2207,20220218,20220218,112039500,11:20:40,171010,160,3042,27118540,0,0,0
ni2207,20220218,20220218,112041500,11:20:41,171010,160,3042,27118540,0,0,0
ni2207,20220218,20220218,112042000,11:20:42,171010,160,3042,27118540,0,0,0
ni2207,20220218,20220218,112042500,11:20:42,171010,160,3042,27118540,0,0,0
ni2207,20220218,20220218,112043000,11:20:43,171010,160,3042,27118540,0,0,0
ni2207,20220218,20220218,112043500,11:20:44,171010,160,3042,27118540,0,0,0
ni2207,20220218,20220218,112045500,11:20:46,171010,160,3042,27118540,0,0,0
ni2207,20220218,20220218,112046500,11:20:46,171010,160,3042,27118540,0,0,0
ni2207,20220218,20220218,112047500,11:20:48,171010,160,3042,27118540,0,0,0
ni2207,20220218,20220218,112048000,11:20:49,171010,160,3042,27118540,0,0,0
ni2207,20220218,20220218,112048500,11:20:50,171010,160,3042,27118540,0,0,0
ni2207,20220218,20220218,112049500,11:20:50,171010,160,3042,27118540,0,0,0
ni2207,20220218,20220218,112050500,11:20:51,171010,160,3042,27118540,0,0,0
ni2207,20220218,20220218,112051000,11:20:51,171010,160,3042,27118540,0,0,0
ni2207,20220218,20220218,112051500,11:20:52,171010,160,3042,27118540,0,0,0
ni2207,20220218,20220218,112052000,11:20:53,171010,160,3042,27118540,0,0,0
ni2207,20220218,20220218,112052500,11:20:53,171010,160,3042,27118540,0,0,0
ni2207,20220218,20220218,112053000,11:20:53,171010,160,3042,27118540,0,0,0
ni2207,20220218,20220218,112053500,11:20:53,171010,160,3042,27118540,0,0,0
ni2207,20220218,20220218,112058500,11:20:59,171010,160,3042,27118540,0,0,0
ni2207,20220218,20220218,112059000,11:21:00,171010,160,3042,27118540,0,0,0
ni2207,20220218,20220218,112059500,11:21:00,171010,160,3042,27118540,0,0,0
ni2207,20220218,20220218,112100500,11:21:01,171010,160,3042,27118540,0,0,0
ni2207,20220218,20220218,112101000,11:21:01,171010,160,3042,27118540,0,0,0
ni2207,20220218,20220218,112102000,11:21:03,171010,160,3042,27118540,0,0,0
ni2207,20220218,20220218,112102500,11:21:03,171010,160,3042,27118540,0,0,0
ni2207,20220218,20220218,112103000,11:21:03,171010,160,3042,27118540,0,0,0
ni2207,20220218,20220218,112104500,11:21:05,171010,160,3042,27118540,0,0,0
ni2207,20220218,20220218,112105000,11:21:06,171010,160,3042,27118540,0,0,0
ni2207,20220218,20220218,112107000,11:21:10,171010,160,3042,27118540,0,0,0
ni2207,20220218,20220218,112107500,11:21:10,171010,160,3042,27118540,0,0,0
ni2207,20220218,20220218,112108000,11:21:10,171010,160,3042,27118540,0,0,0
ni2207,20220218,20220218,112110000,11:21:10,171010,160,3042,27118540,0,0,0
ni2207,20220218,20220218,112110500,11:21:11,171010,160,3042,27118540,0,0,0
ni2207,20220218,20220218,112111000,11:21:11,171010,160,3042,27118540,0,0,0
ni2207,20220218,20220218,112113500,11:21:13,171010,160,3042,27118540,0,0,0
ni2207,20220218,20220218,112114000,11:21:14,171010,160,3042,27118540,0,0,0
ni2207,20220218,20220218,112114500,11:21:14,171010,160,3042,27118540,0,0,0
ni2207,20220218,20220218,112115000,11:21:15,171010,160,3042,27118540,0,0,0
ni2207,20220218,20220218,112115500,11:21:15,171010,160,3042,27118540,0,0,0
ni2207,20220218,20220218,112116000,11:21:16,171010,160,3042,27118540,0,0,0
ni2207,20220218,20220218,112116500,11:21:17,171010,160,3042,27118540,0,0,0
ni2207,20220218,20220218,112117000,11:21:17,171010,160,3042,27118540,0,0,0
ni2207,20220218,20220218,112117500,11:21:18,171010,160,3042,27118540,0,0,0
ni2207,20220218,20220218,112118000,11:21:18,171010,160,3042,27118540,0,0,0
ni2207,20220218,20220218,112118500,11:21:18,171010,160,3042,27118540,0,0,0
ni2207,20220218,20220218,112119000,11:21:19,171010,160,3042,27118540,0,0,0
ni2207,20220218,20220218,112119500,11:21:20,171010,160,3042,27118540,0,0,0
ni2207,20220218,20220218,112120500,11:21:22,171010,160,3042,27118540,0,0,0
ni2207,20220218,20220218,112121000,11:21:22,171010,160,3042,27118540,0,0,0
ni2207,20220218,20220218,112121500,11:21:22,171010,160,3042,27118540,0,0,0
ni2207,20220218,20220218,112122000,11:21:22,171010,160,3042,27118540,0,0,0
ni2207,20220218,20220218,112122500,11:21:23,171010,160,3042,27118540,0,0,0
ni2207,20220218,20220218,112123000,11:21:23,171010,160,3042,27118540,0,0,0
ni2207,20220218,20220218,112332000,11:23:33,171010,160,3042,27118540,0,0,0
ni2207,20220218,20220218,112334500,11:23:34,171010,160,3042,27118540,0,0,0
ni2207,20220218,20220218,112340500,11:23:40,171010,160,3042,27118540,0,0,0
ni2207,20220218,20220218,112345500,11:23:48,171010,160,3042,27118540,0,0,0
ni2207,20220218,20220218,112347500,11:23:48,171010,160,3042,27118540,0,0,0
ni2207,20220218,20220218,112348500,11:23:49,171010,160,3042,27118540,0,0,0
ni2207,20220218,20220218,112349000,11:23:49,171010,160,3042,27118540,0,0,0
ni2207,20220218,20220218,112349500,11:23:50,171010,160,3042,27118540,0,0,0
ni2207,20220218,20220218,112351000,11:23:51,171010,160,3042,27118540,0,0,0
ni2207,20220218,20220218,112351500,11:23:51,171010,160,3042,27118540,0,0,0
ni2207,20220218,20220218,112352000,11:23:52,171010,160,3042,27118540,0,0,0
ni2207,20220218,20220218,112352500,11:23:53,171010,160,3042,27118540,0,0,0
ni2207,20220218,20220218,112353000,11:23:53,171010,160,3042,27118540,0,0,0
ni2207,20220218,20220218,112353500,11:23:53,171010,160,3042,27118540,0,0,0
ni2207,20220218,20220218,112354000,11:23:54,171010,160,3042,27118540,0,0,0
ni2207,20220218,20220218,112356000,11:23:56,171010,160,3042,27118540,0,0,0
ni2207,20220218,20220218,112356500,11:23:56,171010,160,3042,27118540,0,0,0
ni2207,20220218,20220218,112357000,11:23:57,171010,160,3042,27118540,0,0,0
ni2207,20220218,20220218,112358500,11:23:58,171010,160,3042,27118540,0,0,0
ni2207,20220218,20220218,112403500,11:24:04,171010,160,3042,27118540,0,0,0
ni2207,20220218,20220218,112404000,11:24:04,171010,160,3042,27118540,0,0,0
ni2207,20220218,20220218,112410000,11:24:12,171010,160,3042,27118540,0,0,0
ni2207,20220218,20220218,112414500,11:24:15,171010,160,3042,27118540,0,0,0
ni2207,20220218,20220218,112415000,11:24:15,171010,160,3042,27118540,0,0,0
ni2207,20220218,20220218,112415500,11:24:15,171010,160,3042,27118540,0,0,0
ni2207,20220218,20220218,112416000,11:24:16,171010,160,3042,27118540,0,0,0
ni2207,20220218,20220218,112416500,11:24:17,171010,160,3042,27118540,0,0,0
ni2207,20220218,20220218,112417000,11:24:17,171010,160,3042,27118540,0,0,0
ni2207,20220218,20220218,112418500,11:24:19,171010,160,3042,27118540,0,0,0
ni2207,20220218,20220218,112419000,11:24:19,171010,160,3042,27118540,0,0,0
ni2207,20220218,20220218,112419500,11:24:20,171010,160,3042,27118540,0,0,0
ni2207,20220218,20220218,112420000,11:24:20,171010,160,3042,27118540,0,0,0
ni2207,20220218,20220218,112430000,11:24:30,171010,160,3042,27118540,0,0,0
ni2207,20220218,20220218,112430500,11:24:30,171010,160,3042,27118540,0,0,0
ni2207,20220218,20220218,112431000,11:24:31,171010,160,3042,27118540,0,0,0
ni2207,20220218,20220218,112431500,11:24:31,171010,160,3042,27118540,0,0,0
ni2207,20220218,20220218,112432000,11:24:32,171010,160,3042,27118540,0,0,0
ni2207,20220218,20220218,112432500,11:24:32,171010,160,3042,27118540,0,0,0
ni2207,20220218,20220218,112433500,11:24:33,171010,160,3042,27118540,0,0,0
ni2207,20220218,20220218,112434000,11:24:34,171010,160,3042,27118540,0,0,0
ni2207,20220218,20220218,112434500,11:24:34,171010,160,3042,27118540,0,0,0
ni2207,20220218,20220218,112435000,11:24:35,171010,160,3042,27118540,0,0,0
ni2207,20220218,20220218,112435500,11:24:35,171010,160,3042,27118540,0,0,0
ni2207,20220218,20220218,112436000,11:24:36,171010,160,3042,27118540,0,0,0
ni2207,20220218,20220218,112436500,11:24:36,171010,160,3042,27118540,0,0,0
ni2207,20220218,20220218,112437000,11:24:37,171010,160,3042,27118540,0,0,0
ni2207,20220218,20220218,112437500,11:24:38,171010,160,3042,27118540,0,0,0
ni2207,20220218,20220218,112438000,11:24:39,171010,160,3042,27118540,0,0,0
ni2207,20220218,20220218,112438500,11:24:39,171010,160,3042,27118540,0,0,0
ni2207,20220218,20220218,112441000,11:24:41,171010,160,3042,27118540,0,0,0
ni2207,20220218,20220218,112441500,11:24:41,171010,160,3042,27118540,0,0,0
ni2207,20220218,20220218,112448000,11:24:48,171010,160,3042,27118540,0,0,0
ni2207,20220218,20220218,112449000,11:24:49,171010,160,3042,27118540,0,0,0
ni2207,20220218,20220218,112449500,11:24:49,171010,160,3042,27118540,0,0,0
ni2207,20220218,20220218,112450000,11:24:50,171010,160,3042,27118540,0,0,0
ni2207,20220218,20220218,112450500,11:24:50,171010,160,3042,27118540,0,0,0
ni2207,20220218,20220218,112452000,11:24:52,171010,160,3042,27118540,0,0,0
ni2207,20220218,20220218,112452500,11:24:52,171010,160,3042,27118540,0,0,0
ni2207,20220218,20220218,112454000,11:24:54,171010,160,3042,27118540,0,0,0
ni2207,20220218,20220218,112454500,11:24:54,171010,160,3042,27118540,0,0,0
ni2207,20220218,20220218,112500000,11:25:00,171010,160,3042,27118540,0,0,0
ni2207,20220218,20220218,112501000,11:25:02,171010,160,3042,27118540,0,0,0
ni2207,20220218,20220218,112504500,11:25:06,171010,160,3042,27118540,0,0,0
ni2207,20220218,20220218,112505000,11:25:06,171010,160,3042,27118540,0,0,0
ni2207,20220218,20220218,112506000,11:25:07,171010,160,3042,27118540,0,0,0
ni2207,20220218,20220218,112506500,11:25:07,171010,160,3042,27118540,0,0,0
ni2207,20220218,20220218,112508000,11:25:08,171010,160,3042,27118540,0,0,0
ni2207,20220218,20220218,112509000,11:25:09,171010,160,3042,27118540,0,0,0
ni2207,20220218,20220218,112510000,11:25:10,171010,160,3042,27118540,0,0,0
ni2207,20220218,20220218,112511500,11:25:11,171010,160,3042,27118540,0,0,0
ni2207,20220218,20220218,112512000,11:25:12,171010,160,3042,27118540,0,0,0
ni2207,20220218,20220218,112514500,11:25:15,171010,160,3042,27118540,0,0,0
ni2207,20220218,20220218,112515000,11:25:16,171010,160,3042,27118540,0,0,0
ni2207,20220218,20220218,112515500,11:25:16,171010,160,3042,27118540,0,0,0
ni2207,20220218,20220218,112516500,11:25:16,171010,160,3042,27118540,0,0,0
ni2207,20220218,20220218,112517000,11:25:18,171010,160,3042,27118540,0,0,0
ni2207,20220218,20220218,112517500,11:25:18,171010,160,3042,27118540,0,0,0
ni2207,20220218,20220218,112518000,11:25:18,171010,160,3042,27118540,0,0,0
ni2207,20220218,20220218,112522000,11:25:22,171010,160,3042,27118540,0,0,0
ni2207,20220218,20220218,112526000,11:25:26,171010,160,3042,27118540,0,0,0
ni2207,20220218,20220218,112526500,11:25:27,171010,160,3042,27118540,0,0,0
ni2207,20220218,20220218,112527000,11:25:28,171010,160,3042,27118540,0,0,0
ni2207,20220218,20220218,112527500,11:25:28,171010,160,3042,27118540,0,0,0
ni2207,20220218,20220218,112528000,11:25:28,171010,160,3042,27118540,0,0,0
ni2207,20220218,20220218,112528500,11:25:28,171010,160,3042,27118540,0,0,0
ni2207,20220218,20220218,112529000,11:25:29,171010,160,3042,27118540,0,0,0
ni2207,20220218,20220218,112529500,11:25:30,171010,160,3042,27118540,0,0,0
ni2207,20220218,20220218,112530000,11:25:31,171010,160,3042,27118540,0,0,0
ni2207,20220218,20220218,112530500,11:25:31,171010,160,3042,27118540,0,0,0
ni2207,20220218,20220218,112531500,11:25:32,171010,160,3042,27118540,0,0,0
ni2207,20220218,20220218,112532000,11:25:32,171010,160,3042,27118540,0,0,0
ni2207,20220218,20220218,112534500,11:25:35,171010,160,3042,27118540,0,0,0
ni2207,20220218,20220218,112535000,11:25:37,171010,160,3042,27118540,0,0,0
ni2207,20220218,20220218,112535500,11:25:37,171010,160,3042,27118540,0,0,0
ni2207,20220218,20220218,112536000,11:25:37,171010,160,3042,27118540,0,0,0
ni2207,20220218,20220218,112539000,11:25:39,171010,160,3042,27118540,0,0,0
ni2207,20220218,20220218,112539500,11:25:40,171010,160,3042,27118540,0,0,0
ni2207,20220218,20220218,112540500,11:25:41,171010,160,3042,27118540,0,0,0
ni2207,20220218,20220218,112548500,11:25:48,171010,160,3042,27118540,0,0,0
ni2207,20220218,20220218,112549000,11:25:49,171010,160,3042,27118540,0,0,0
ni2207,20220218,20220218,112549500,11:25:49,171010,160,3042,27118540,0,0,0
ni2207,20220218,20220218,112550000,11:25:50,171010,160,3042,27118540,0,0,0
ni2207,20220218,20220218,112600000,11:26:00,171010,160,3042,27118540,0,0,0
ni2207,20220218,20220218,112600500,11:26:01,171010,160,3042,27118540,0,0,0
ni2207,20220218,20220218,112601000,11:26:01,171010,160,3042,27118540,0,0,0
ni2207,20220218,20220218,112601500,11:26:03,171010,160,3042,27118540,0,0,0
ni2207,20220218,20220218,112602000,11:26:03,171010,160,3042,27118540,0,0,0
ni2207,20220218,20220218,112603000,11:26:03,171010,160,3042,27118540,0,0,0
ni2207,20220218,20220218,112603500,11:26:04,171010,160,3042,27118540,0,0,0
ni2207,20220218,20220218,112604000,11:26:05,171010,160,3042,27118540,0,0,0
ni2207,20220218,20220218,112604500,11:26:05,171010,160,3042,27118540,0,0,0
ni2207,20220218,20220218,112605000,11:26:05,171010,160,3042,27118540,0,0,0
ni2207,20220218,20220218,112624000,11:26:24,171010,160,3042,27118540,0,0,0
ni2207,20220218,20220218,112627000,11:26:27,171010,160,3042,27118540,0,0,0
ni2207,20220218,20220218,112633500,11:26:34,171010,160,3042,27118540,0,0,0
ni2207,20220218,20220218,112634500,11:26:37,171010,160,3042,27118540,0,0,0
ni2207,20220218,20220218,112635000,11:26:37,171010,160,3042,27118540,0,0,0
ni2207,20220218,20220218,112635500,11:26:38,171010,160,3042,27118540,0,0,0
ni2207,20220218,20220218,112647000,11:27:11,171010,160,3042,27118540,0,0,0
ni2207,20220218,20220218,112710000,11:27:12,171010,160,3042,27118540,0,0,0
ni2207,20220218,20220218,112714000,11:27:15,171010,160,3042,27118540,0,0,0
ni2207,20220218,20220218,112714500,11:27:15,171010,160,3042,27118540,0,0,0
ni2207,20220218,20220218,112716500,11:27:17,171010,160,3042,27118540,0,0,0
ni2207,20220218,20220218,112717500,11:27:17,171010,160,3042,27118540,0,0,0
ni2207,20220218,20220218,112718000,11:27:18,171010,160,3042,27118540,0,0,0
ni2207,20220218,20220218,112719000,11:27:19,171010,160,3042,27118540,0,0,0
ni2207,20220218,20220218,112720000,11:27:20,171010,160,3042,27118540,0,0,0
ni2207,20220218,20220218,112720500,11:27:21,171010,160,3042,27118540,0,0,0
ni2207,20220218,20220218,112741500,11:27:42,171010,160,3042,27118540,0,0,0
ni2207,20220218,20220218,112742000,11:27:42,171010,160,3042,27118540,0,0,0
ni2207,20220218,20220218,112742500,11:27:43,171010,160,3042,27118540,0,0,0
ni2207,20220218,20220218,112743000,11:27:43,171010,160,3042,27118540,0,0,0
ni2207,20220218,20220218,112743500,11:27:43,171010,160,3042,27118540,0,0,0
ni2207,20220218,20220218,112744000,11:27:44,171010,160,3042,27118540,0,0,0
ni2207,20220218,20220218,112744500,11:27:45,171010,160,3042,27118540,0,0,0
ni2207,20220218,20220218,112745500,11:27:46,171010,160,3042,27118540,0,0,0
ni2207,20220218,20220218,112746000,11:27:46,171010,160,3042,27118540,0,0,0
ni2207,20220218,20220218,112746500,11:27:47,171010,160,3042,27118540,0,0,0
ni2207,20220218,20220218,112747000,11:27:47,171010,160,3042,27118540,0,0,0
ni2207,20220218,20220218,112748000,11:27:53,171010,160,3042,27118540,0,0,0
ni2207,20220218,20220218,112748500,11:27:54,171010,160,3042,27118540,0,0,0
ni2207,20220218,20220218,112749000,11:27:54,171010,160,3042,27118540,0,0,0
ni2207,20220218,20220218,112754000,11:27:54,171010,160,3042,27118540,0,0,0
ni2207,20220218,20220218,112754500,11:27:55,171010,160,3042,27118540,0,0,0
ni2207,20220218,20220218,112755000,11:27:55,171010,160,3042,27118540,0,0,0
ni2207,20220218,20220218,112756000,11:27:56,171010,160,3042,27118540,0,0,0
ni2207,20220218,20220218,112757000,11:27:57,171010,160,3042,27118540,0,0,0
ni2207,20220218,20220218,112811500,11:28:12,171010,160,3042,27118540,0,0,0
ni2207,20220218,20220218,112812000,11:28:13,171010,160,3042,27118540,0,0,0
ni2207,20220218,20220218,112812500,11:28:13,171010,160,3042,27118540,0,0,0
ni2207,20220218,20220218,112813000,11:28:13,171010,160,3042,27118540,0,0,0
ni2207,20220218,20220218,112813500,11:28:14,171010,160,3042,27118540,0,0,0
ni2207,20220218,20220218,112814500,11:28:14,171010,160,3042,27118540,0,0,0
ni2207,20220218,20220218,112815000,11:28:15,171010,160,3042,27118540,0,0,0
ni2207,20220218,20220218,112815500,11:28:15,171010,160,3042,27118540,0,0,0
ni2207,20220218,20220218,112816500,11:28:16,171010,160,3042,27118540,0,0,0
ni2207,20220218,20220218,112817000,11:28:17,171010,160,3042,27118540,0,0,0
ni2207,20220218,20220218,112817500,11:28:18,171010,160,3042,27118540,0,0,0
ni2207,20220218,20220218,112818000,11:28:18,171010,160,3042,27118540,0,0,0
ni2207,20220218,20220218,112822500,11:28:22,171010,160,3042,27118540,0,0,0
ni2207,20220218,20220218,112831500,11:28:31,171010,160,3042,27118540,0,0,0
ni2207,20220218,20220218,112832500,11:28:33,171010,160,3042,27118540,0,0,0
ni2207,20220218,20220218,112833000,11:28:33,171010,160,3042,27118540,0,0,0
ni2207,20220218,20220218,112833500,11:28:34,171010,160,3042,27118540,0,0,0
ni2207,20220218,20220218,112834000,11:28:34,171010,160,3042,27118540,0,0,0
ni2207,20220218,20220218,112834500,11:28:34,171010,160,3042,27118540,0,0,0
ni2207,20220218,20220218,112836000,11:28:37,171010,160,3042,27118540,0,0,0
ni2207,20220218,20220218,112836500,11:28:37,171010,160,3042,27118540,0,0,0
ni2207,20220218,20220218,112837000,11:28:37,171010,160,3042,27118540,0,0,0
ni2207,20220218,20220218,112837500,11:28:37,171010,160,3042,27118540,0,0,0
ni2207,20220218,20220218,112838000,11:28:38,171010,160,3042,27118540,0,0,0
ni2207,20220218,20220218,112838500,11:28:38,171010,160,3042,27118540,0,0,0
ni2207,20220218,20220218,112839000,11:28:40,171010,160,3042,27118540,0,0,0
ni2207,20220218,20220218,112839500,11:28:40,171010,160,3042,27118540,0,0,0
ni2207,20220218,20220218,112851000,11:28:51,171010,160,3042,27118540,0,0,0
ni2207,20220218,20220218,112851500,11:28:51,171010,160,3042,27118540,0,0,0
ni2207,20220218,20220218,112853500,11:28:54,171010,160,3042,27118540,0,0,0
ni2207,20220218,20220218,112854000,11:28:54,171010,160,3042,27118540,0,0,0
ni2207,20220218,20220218,112858500,11:28:59,171010,160,3042,27118540,0,0,0
ni2207,20220218,20220218,112901000,11:29:01,171010,160,3042,27118540,0,0,0
ni2207,20220218,20220218,112902500,11:29:03,171010,160,3042,27118540,0,0,0
ni2207,20220218,20220218,112903000,11:29:03,171010,160,3042,27118540,0,0,0
ni2207,20220218,20220218,112903500,11:29:04,171010,160,3042,27118540,0,0,0
ni2207,20220218,20220218,112904000,11:29:04,171010,160,3042,27118540,0,0,0
ni2207,20220218,20220218,112904500,11:29:04,171010,160,3042,27118540,0,0,0
ni2207,20220218,20220218,112905000,11:29:05,171010,160,3042,27118540,0,0,0
ni2207,20220218,20220218,112906000,11:29:06,171010,160,3042,27118540,0,0,0
ni2207,20220218,20220218,112906500,11:29:06,171010,160,3042,27118540,0,0,0
ni2207,20220218,20220218,112907000,11:29:08,171010,160,3042,27118540,0,0,0
ni2207,20220218,20220218,112907500,11:29:08,171010,160,3042,27118540,0,0,0
ni2207,20220218,20220218,112909000,11:29:09,171010,160,3042,27118540,0,0,0
ni2207,20220218,20220218,112909500,11:29:09,171010,160,3042,27118540,0,0,0
ni2207,20220218,20220218,112910000,11:29:10,171010,160,3042,27118540,0,0,0
ni2207,20220218,20220218,112914000,11:29:14,171010,160,3042,27118540,0,0,0
ni2207,20220218,20220218,112915500,11:29:16,171010,160,3042,27118540,0,0,0
ni2207,20220218,20220218,112916000,11:29:16,171010,160,3042,27118540,0,0,0
ni2207,20220218,20220218,112916500,11:29:20,171010,160,3042,27118540,0,0,0
ni2207,20220218,20220218,112917000,11:29:20,171010,160,3042,27118540,0,0,0
ni2207,20220218,20220218,112917500,11:29:21,171010,160,3042,27118540,0,0,0
ni2207,20220218,20220218,112921500,11:29:24,171010,160,3042,27118540,0,0,0
ni2207,20220218,20220218,112922000,11:29:24,171010,160,3042,27118540,0,0,0
ni2207,20220218,20220218,112928500,11:29:29,171010,160,3042,27118540,0,0,0
ni2207,20220218,20220218,112929000,11:29:29,171010,160,3042,27118540,0,0,0
ni2207,20220218,20220218,112929500,11:29:29,171010,160,3042,27118540,0,0,0
ni2207,20220218,20220218,112930000,11:29:30,171010,160,3042,27118540,0,0,0
ni2207,20220218,20220218,112931000,11:29:32,171010,160,3042,27118540,0,0,0
ni2207,20220218,20220218,112931500,11:29:32,171010,160,3042,27118540,0,0,0
ni2207,20220218,20220218,112932000,11:29:36,171010,160,3042,27118540,0,0,0
ni2207,20220218,20220218,112936500,11:29:38,171010,160,3042,27118540,0,0,0
ni2207,20220218,20220218,112937500,11:29:38,171010,160,3042,27118540,0,0,0
ni2207,20220218,20220218,112938000,11:29:38,171010,160,3042,27118540,0,0,0
ni2207,20220218,20220218,112939000,11:29:39,171010,160,3042,27118540,0,0,0
ni2207,20220218,20220218,112939500,11:29:40,171010,160,3042,27118540,0,0,0
ni2207,20220218,20220218,112941000,11:29:41,171010,160,3042,27118540,0,0,0
ni2207,20220218,20220218,112941500,11:29:42,171010,160,3042,27118540,0,0,0
ni2207,20220218,20220218,112942000,11:29:44,171010,160,3042,27118540,0,0,0
ni2207,20220218,20220218,112942500,11:29:44,171010,160,3042,27118540,0,0,0
ni2207,20220218,20220218,112943000,11:29:45,171010,160,3042,27118540,0,0,0
ni2207,20220218,20220218,112944500,11:29:45,171010,160,3042,27118540,0,0,0
ni2207,20220218,20220218,112945000,11:29:46,171010,160,3042,27118540,0,0,0
ni2207,20220218,20220218,112946500,11:29:47,171010,160,3042,27118540,0,0,0
ni2207,20220218,20220218,112947000,11:29:47,171010,160,3042,27118540,0,0,0
ni2207,20220218,20220218,112947500,11:29:48,171010,160,3042,27118540,0,0,0
ni2207,20220218,20220218,112948000,11:29:49,171010,160,3042,27118540,0,0,0
ni2207,20220218,20220218,112948500,11:29:50,171010,160,3042,27118540,0,0,0
ni2207,20220218,20220218,112949000,11:29:50,171010,160,3042,27118540,0,0,0
ni2207,20220218,20220218,112957500,11:30:02,171010,160,3042,27118540,0,0,0
ni2207,20220218,20220218,112959000,11:30:02,171010,160,3042,27118540,0,0,0
ni2207,20220218,20220218,113000000,11:30:03,171010,160,3042,27118540,0,0,0
ni2207,20220218,20220218,113000500,11:30:03,171010,160,3042,27118540,0,0,0
ni2207,20220218,20220218,113001500,11:30:03,171010,160,3042,27118540,0,0,0
ni2207,20220218,20220218,133002000,13:30:08,171010,160,3042,27118540,0,0,0
ni2207,20220218,20220218,133002500,13:30:10,171010,160,3042,27118540,0,0,0
ni2207,20220218,20220218,133008000,13:30:10,171010,160,3042,27118540,0,0,0
ni2207,20220218,20220218,133009500,13:30:10,171010,160,3042,27118540,0,0,0
ni2207,20220218,20220218,133010000,13:30:11,171010,160,3042,27118540,0,0,0
ni2207,20220218,20220218,133010500,13:30:12,171010,160,3042,27118540,0,0,0
ni2207,20220218,20220218,133011000,13:30:13,171010,160,3042,27118540,0,0,0
ni2207,20220218,20220218,133012500,13:30:13,171010,160,3042,27118540,0,0,0
ni2207,20220218,20220218,133013000,13:30:14,171010,160,3042,27118540,0,0,0
ni2207,20220218,20220218,133013500,13:30:14,171010,160,3042,27118540,0,0,0
ni2207,20220218,20220218,133014000,13:30:16,171010,160,3042,27118540,0,0,0
ni2207,20220218,20220218,133014500,13:30:17,171010,160,3042,27118540,0,0,0
ni2207,20220218,20220218,133015000,13:30:18,171010,160,3042,27118540,0,0,0
ni2207,20220218,20220218,133016500,13:30:18,171010,160,3042,27118540,0,0,0
ni2207,20220218,20220218,133017000,13:30:18,171010,160,3042,27118540,0,0,0
ni2207,20220218,20220218,133017500,13:30:19,171010,160,3042,27118540,0,0,0
ni2207,20220218,20220218,133018000,13:30:19,171010,160,3042,27118540,0,0,0
ni2207,20220218,20220218,133018500,13:30:20,171010,160,3042,27118540,0,0,0
ni2207,20220218,20220218,133019000,13:30:20,171010,160,3042,27118540,0,0,0
ni2207,20220218,20220218,133019500,13:30:21,171010,160,3042,27118540,0,0,0
ni2207,20220218,20220218,133020000,13:30:21,171010,160,3042,27118540,0,0,0
ni2207,20220218,20220218,133020500,13:30:21,171010,160,3042,27118540,0,0,0
ni2207,20220218,20220218,133021000,13:30:21,171010,160,3042,27118540,0,0,0
ni2207,20220218,20220218,133022000,13:30:38,171010,160,3042,27118540,0,0,0
ni2207,20220218,20220218,133022500,13:30:38,171010,160,3042,27118540,0,0,0
ni2207,20220218,20220218,133038000,13:30:40,171010,160,3042,27118540,0,0,0
ni2207,20220218,20220218,133038500,13:30:42,171010,160,3042,27118540,0,0,0
ni2207,20220218,20220218,133040500,13:30:43,171010,160,3042,27118540,0,0,0
ni2207,20220218,20220218,133041000,13:30:43,171010,160,3042,27118540,0,0,0
ni2207,20220218,20220218,133042000,13:30:44,171010,160,3042,27118540,0,0,0
ni2207,20220218,20220218,133043000,13:30:44,171010,160,3042,27118540,0,0,0
ni2207,20220218,20220218,133044500,13:30:46,171010,160,3042,27118540,0,0,0
ni2207,20220218,20220218,133045000,13:30:46,171010,160,3042,27118540,0,0,0
ni2207,20220218,20220218,133045500,13:30:46,171010,160,3042,27118540,0,0,0
ni2207,20220218,20220218,133046500,13:30:47,171010,160,3042,27118540,0,0,0
ni2207,20220218,20220218,133047000,13:30:48,171010,160,3042,27118540,0,0,0
ni2207,20220218,20220218,133047500,13:30:48,171010,160,3042,27118540,0,0,0
ni2207,20220218,20220218,133048500,13:30:49,171010,160,3042,27118540,0,0,0
ni2207,20220218,20220218,133049000,13:30:50,171010,160,3042,27118540,0,0,0
ni2207,20220218,20220218,133049500,13:30:50,171010,160,3042,27118540,0,0,0
ni2207,20220218,20220218,133051000,13:30:52,171010,160,3042,27118540,0,0,0
ni2207,20220218,20220218,133051500,13:30:52,171010,160,3042,27118540,0,0,0
ni2207,20220218,20220218,133053000,13:30:54,171010,160,3042,27118540,0,0,0
ni2207,20220218,20220218,133053500,13:30:54,171010,160,3042,27118540,0,0,0
ni2207,20220218,20220218,133054000,13:30:55,171010,160,3042,27118540,0,0,0
ni2207,20220218,20220218,133054500,13:30:55,171010,160,3042,27118540,0,0,0
ni2207,20220218,20220218,133055000,13:30:56,171010,160,3042,27118540,0,0,0
ni2207,20220218,20220218,133056500,13:30:57,171010,160,3042,27118540,0,0,0
ni2207,20220218,20220218,133057000,13:30:58,171010,160,3042,27118540,0,0,0
ni2207,20220218,20220218,133057500,13:30:58,171010,160,3042,27118540,0,0,0
ni2207,20220218,20220218,133100500,13:31:01,171010,160,3042,27118540,0,0,0
ni2207,20220218,20220218,133101000,13:31:01,171010,160,3042,27118540,0,0,0
ni2207,20220218,20220218,133101500,13:31:01,171010,160,3042,27118540,0,0,0
ni2207,20220218,20220218,133102000,13:31:02,171010,160,3042,27118540,0,0,0
ni2207,20220218,20220218,133102500,13:31:03,171010,160,3042,27118540,0,0,0
ni2207,20220218,20220218,133103000,13:31:03,171010,160,3042,27118540,0,0,0
ni2207,20220218,20220218,133103500,13:31:05,171010,160,3042,27118540,0,0,0
ni2207,20220218,20220218,133104000,13:31:06,171010,160,3042,27118540,0,0,0
ni2207,20220218,20220218,133104500,13:31:07,171010,160,3042,27118540,0,0,0
ni2207,20220218,20220218,133105500,13:31:08,171010,160,3042,27118540,0,0,0
ni2207,20220218,20220218,133106000,13:31:09,171010,160,3042,27118540,0,0,0
ni2207,20220218,20220218,133108000,13:31:09,171010,160,3042,27118540,0,0,0
ni2207,20220218,20220218,133109500,13:31:10,171010,160,3042,27118540,0,0,0
ni2207,20220218,20220218,133110000,13:31:11,171010,160,3042,27118540,0,0,0
ni2207,20220218,20220218,133118500,13:31:19,171010,160,3042,27118540,0,0,0
ni2207,20220218,20220218,133119000,13:31:19,171010,160,3042,27118540,0,0,0
ni2207,20220218,20220218,133120000,13:31:20,171010,160,3042,27118540,0,0,0
ni2207,20220218,20220218,133158000,13:31:58,171010,160,3042,27118540,0,0,0
ni2207,20220218,20220218,133158500,13:31:58,171010,160,3042,27118540,0,0,0
ni2207,20220218,20220218,133159500,13:32:00,171010,160,3042,27118540,0,0,0
ni2207,20220218,20220218,133200500,13:32:01,171010,160,3042,27118540,0,0,0
ni2207,20220218,20220218,133201000,13:32:01,171010,160,3042,27118540,0,0,0
ni2207,20220218,20220218,133202000,13:32:03,171010,160,3042,27118540,0,0,0
ni2207,20220218,20220218,133202500,13:32:04,171010,160,3042,27118540,0,0,0
ni2207,20220218,20220218,133203000,13:32:05,171010,160,3042,27118540,0,0,0
ni2207,20220218,20220218,133203500,13:32:05,171010,160,3042,27118540,0,0,0
ni2207,20220218,20220218,133205000,13:32:06,171010,160,3042,27118540,0,0,0
ni2207,20220218,20220218,133205500,13:32:06,171010,160,3042,27118540,0,0,0
ni2207,20220218,20220218,133206000,13:32:07,171010,160,3042,27118540,0,0,0
ni2207,20220218,20220218,133206500,13:32:07,171010,160,3042,27118540,0,0,0
ni2207,20220218,20220218,133207000,13:32:07,171010,160,3042,27118540,0,0,0
ni2207,20220218,20220218,133207500,13:32:07,171010,160,3042,27118540,0,0,0
ni2207,20220218,20220218,133208000,13:32:09,171010,160,3042,27118540,0,0,0
ni2207,20220218,20220218,133209500,13:32:10,171010,160,3042,27118540,0,0,0
ni2207,20220218,20220218,133210000,13:32:12,171010,160,3042,27118540,0,0,0
ni2207,20220218,20220218,133210500,13:32:14,171010,160,3042,27118540,0,0,0
ni2207,20220218,20220218,133211000,13:32:14,171010,160,3042,27118540,0,0,0
ni2207,20220218,20220218,133213000,13:32:15,171010,160,3042,27118540,0,0,0
ni2207,20220218,20220218,133214000,13:32:15,171010,160,3042,27118540,0,0,0
ni2207,20220218,20220218,133215000,13:32:16,171010,160,3042,27118540,0,0,0
ni2207,20220218,20220218,133215500,13:32:17,171010,160,3042,27118540,0,0,0
ni2207,20220218,20220218,133216500,13:32:17,171010,160,3042,27118540,0,0,0
ni2207,20220218,20220218,133217000,13:32:17,171010,160,3042,27118540,0,0,0
ni2207,20220218,20220218,133218000,13:32:18,171010,160,3042,27118540,0,0,0
ni2207,20220218,20220218,133218500,13:32:19,171010,160,3042,27118540,0,0,0
ni2207,20220218,20220218,133219000,13:32:20,171010,160,3042,27118540,0,0,0
ni2207,20220218,20220218,133219500,13:32:20,171010,160,3042,27118540,0,0,0
ni2207,20220218,20220218,133220000,13:32:21,171010,160,3042,27118540,0,0,0
ni2207,20220218,20220218,133220500,13:32:21,171010,160,3042,27118540,0,0,0
ni2207,20220218,20220218,133221000,13:32:22,171010,160,3042,27118540,0,0,0
ni2207,20220218,20220218,133221500,13:32:22,171010,160,3042,27118540,0,0,0
ni2207,20220218,20220218,133222000,13:32:23,171010,160,3042,27118540,0,0,0
ni2207,20220218,20220218,133222500,13:32:24,171010,160,3042,27118540,0,0,0
ni2207,20220218,20220218,133224500,13:32:25,171010,160,3042,27118540,0,0,0
ni2207,20220218,20220218,133225000,13:32:25,171010,160,3042,27118540,0,0,0
ni2207,20220218,20220218,133225500,13:32:26,171010,160,3042,27118540,0,0,0
ni2207,20220218,20220218,133226000,13:32:27,171010,160,3042,27118540,0,0,0
ni2207,20220218,20220218,133226500,13:32:27,171010,160,3042,27118540,0,0,0
ni2207,20220218,20220218,133227000,13:32:27,171010,160,3042,27118540,0,0,0
ni2207,20220218,20220218,133235500,13:32:36,171010,160,3042,27118540,0,0,0
ni2207,20220218,20220218,133236000,13:32:37,171010,160,3042,27118540,0,0,0
ni2207,20220218,20220218,133236500,13:32:37,171010,160,3042,27118540,0,0,0
ni2207,20220218,20220218,133237000,13:32:37,171010,160,3042,27118540,0,0,0
ni2207,20220218,20220218,133237500,13:32:38,171010,160,3042,27118540,0,0,0
ni2207,20220218,20220218,133238000,13:32:38,171010,160,3042,27118540,0,0,0
ni2207,20220218,20220218,133238500,13:32:39,171010,160,3042,27118540,0,0,0
ni2207,20220218,20220218,133239000,13:32:39,171010,160,3042,27118540,0,0,0
ni2207,20220218,20220218,133239500,13:32:40,171010,160,3042,27118540,0,0,0
ni2207,20220218,20220218,133242000,13:32:42,171010,160,3042,27118540,0,0,0
ni2207,20220218,20220218,133242500,13:32:42,171010,160,3042,27118540,0,0,0
ni2207,20220218,20220218,133247000,13:32:47,171010,160,3042,27118540,0,0,0
ni2207,20220218,20220218,133247500,13:32:48,171010,160,3042,27118540,0,0,0
ni2207,20220218,20220218,133248000,13:32:49,171010,160,3042,27118540,0,0,0
ni2207,20220218,20220218,133248500,13:32:49,171010,160,3042,27118540,0,0,0
ni2207,20220218,20220218,133249000,13:32:49,171010,160,3042,27118540,0,0,0
ni2207,20220218,20220218,133249500,13:32:50,171010,160,3042,27118540,0,0,0
ni2207,20220218,20220218,133250000,13:32:51,171010,160,3042,27118540,0,0,0
ni2207,20220218,20220218,133250500,13:32:52,171010,160,3042,27118540,0,0,0
ni2207,20220218,20220218,133251000,13:32:52,171010,160,3042,27118540,0,0,0
ni2207,20220218,20220218,133251500,13:32:53,171010,160,3042,27118540,0,0,0
ni2207,20220218,20220218,133252500,13:32:53,171010,160,3042,27118540,0,0,0
ni2207,20220218,20220218,133253000,13:32:53,171010,160,3042,27118540,0,0,0
ni2207,20220218,20220218,133253500,13:32:54,171010,160,3042,27118540,0,0,0
ni2207,20220218,20220218,133254000,13:32:54,171010,160,3042,27118540,0,0,0
ni2207,20220218,20220218,133254500,13:32:55,171010,160,3042,27118540,0,0,0
ni2207,20220218,20220218,133255000,13:32:55,171010,160,3042,27118540,0,0,0
ni2207,20220218,20220218,133255500,13:32:55,171010,160,3042,27118540,0,0,0
ni2207,20220218,20220218,133256500,13:32:56,171010,160,3042,27118540,0,0,0
ni2207,20220218,20220218,133257000,13:32:59,171010,160,3042,27118540,0,0,0
ni2207,20220218,20220218,133257500,13:33:00,171010,160,3042,27118540,0,0,0
ni2207,20220218,20220218,133258000,13:33:00,171010,160,3042,27118540,0,0,0
ni2207,20220218,20220218,133259500,13:33:01,171010,160,3042,27118540,0,0,0
ni2207,20220218,20220218,133300000,13:33:01,171010,160,3042,27118540,0,0,0
ni2207,20220218,20220218,133300500,13:33:01,171010,160,3042,27118540,0,0,0
ni2207,20220218,20220218,133301000,13:33:02,171010,160,3042,27118540,0,0,0
ni2207,20220218,20220218,133301500,13:33:02,171010,160,3042,27118540,0,0,0
ni2207,20220218,20220218,133302000,13:33:03,171010,160,3042,27118540,0,0,0
ni2207,20220218,20220218,133302500,13:33:03,171010,160,3042,27118540,0,0,0
ni2207,20220218,20220218,133303000,13:33:04,171010,160,3042,27118540,0,0,0
ni2207,20220218,20220218,133303500,13:33:04,171010,160,3042,27118540,0,0,0
ni2207,20220218,20220218,133304000,13:33:04,171010,160,3042,27118540,0,0,0
ni2207,20220218,20220218,133304500,13:33:05,171010,160,3042,27118540,0,0,0
ni2207,20220218,20220218,133305000,13:33:05,171010,160,3042,27118540,0,0,0
ni2207,20220218,20220218,133305500,13:33:06,171010,160,3042,27118540,0,0,0
ni2207,20220218,20220218,133306000,13:33:06,171010,160,3042,27118540,0,0,0
ni2207,20220218,20220218,133306500,13:33:06,171010,160,3042,27118540,0,0,0
ni2207,20220218,20220218,133307000,13:33:07,171010,160,3042,27118540,0,0,0
ni2207,20220218,20220218,133307500,13:33:08,171010,160,3042,27118540,0,0,0
ni2207,20220218,20220218,133308000,13:33:08,171010,160,3042,27118540,0,0,0
ni2207,20220218,20220218,133308500,13:33:09,171010,160,3042,27118540,0,0,0
ni2207,20220218,20220218,133309000,13:33:10,171010,160,3042,27118540,0,0,0
ni2207,20220218,20220218,133309500,13:33:11,171010,160,3042,27118540,0,0,0
ni2207,20220218,20220218,133310000,13:33:11,171010,160,3042,27118540,0,0,0
ni2207,20220218,20220218,133311000,13:33:13,171010,160,3042,27118540,0,0,0
ni2207,20220218,20220218,133311500,13:33:14,171010,160,3042,27118540,0,0,0
ni2207,20220218,20220218,133312000,13:33:14,171010,160,3042,27118540,0,0,0
ni2207,20220218,20220218,133313500,13:33:15,171010,160,3042,27118540,0,0,0
ni2207,20220218,20220218,133315000,13:33:18,171010,160,3042,27118540,0,0,0
ni2207,20220218,20220218,133317000,13:33:18,171010,160,3042,27118540,0,0,0
ni2207,20220218,20220218,133318000,13:33:19,171010,160,3042,27118540,0,0,0
ni2207,20220218,20220218,133318500,13:33:19,171010,160,3042,27118540,0,0,0
ni2207,20220218,20220218,133319000,13:33:20,171010,160,3042,27118540,0,0,0
ni2207,20220218,20220218,133319500,13:33:21,171010,160,3042,27118540,0,0,0
ni2207,20220218,20220218,133320500,13:33:21,171010,160,3042,27118540,0,0,0
ni2207,20220218,20220218,133321000,13:33:22,171010,160,3042,27118540,0,0,0
ni2207,20220218,20220218,133321500,13:33:22,171010,160,3042,27118540,0,0,0
ni2207,20220218,20220218,133322000,13:33:22,171010,160,3042,27118540,0,0,0
ni2207,20220218,20220218,133322500,13:33:22,171010,160,3042,27118540,0,0,0
ni2207,20220218,20220218,133323000,13:33:23,171010,160,3042,27118540,0,0,0
ni2207,20220218,20220218,133323500,13:33:24,171010,160,3042,27118540,0,0,0
ni2207,20220218,20220218,133324000,13:33:24,171010,160,3042,27118540,0,0,0
ni2207,20220218,20220218,133324500,13:33:25,171010,160,3042,27118540,0,0,0
ni2207,20220218,20220218,133325000,13:33:26,171010,160,3042,27118540,0,0,0
ni2207,20220218,20220218,133325500,13:33:27,171010,160,3042,27118540,0,0,0
ni2207,20220218,20220218,133326000,13:33:28,171010,160,3042,27118540,0,0,0
ni2207,20220218,20220218,133326500,13:33:29,171010,160,3042,27118540,0,0,0
ni2207,20220218,20220218,133327000,13:33:29,171010,160,3042,27118540,0,0,0
ni2207,20220218,20220218,133328500,13:33:30,171010,160,3042,27118540,0,0,0
ni2207,20220218,20220218,133329000,13:33:30,171010,160,3042,27118540,0,0,0
ni2207,20220218,20220218,133329500,13:33:30,171010,160,3042,27118540,0,0,0
ni2207,20220218,20220218,133330000,13:33:30,171010,160,3042,27118540,0,0,0
ni2207,20220218,20220218,133330500,13:33:31,171010,160,3042,27118540,0,0,0
ni2207,20220218,20220218,133331000,13:33:32,171010,160,3042,27118540,0,0,0
ni2207,20220218,20220218,133331500,13:33:32,171010,160,3042,27118540,0,0,0
ni2207,20220218,20220218,133333000,13:33:33,171010,160,3042,27118540,0,0,0
ni2207,20220218,20220218,133333500,13:33:33,171010,160,3042,27118540,0,0,0
ni2207,20220218,20220218,133337000,13:33:37,171010,160,3042,27118540,0,0,0
ni2207,20220218,20220218,133337500,13:33:37,171010,160,3042,27118540,0,0,0
ni2207,20220218,20220218,133338000,13:33:38,171010,160,3042,27118540,0,0,0
ni2207,20220218,20220218,133338500,13:33:39,171010,160,3042,27118540,0,0,0
ni2207,20220218,20220218,133339000,13:33:39,171010,160,3042,27118540,0,0,0
ni2207,20220218,20220218,133339500,13:33:40,171010,160,3042,27118540,0,0,0
ni2207,20220218,20220218,133340000,13:33:40,171010,160,3042,27118540,0,0,0
ni2207,20220218,20220218,133340500,13:33:41,171010,160,3042,27118540,0,0,0
ni2207,20220218,20220218,133341000,13:33:41,171010,160,3042,27118540,0,0,0
ni2207,20220218,20220218,133341500,13:33:42,171010,160,3042,27118540,0,0,0
ni2207,20220218,20220218,133342500,13:33:42,171010,160,3042,27118540,0,0,0
ni2207,20220218,20220218,133343000,13:33:43,171010,160,3042,27118540,0,0,0
ni2207,20220218,20220218,133343500,13:33:44,171010,160,3042,27118540,0,0,0
ni2207,20220218,20220218,133344000,13:33:45,171010,160,3042,27118540,0,0,0
ni2207,20220218,20220218,133344500,13:33:45,171010,160,3042,27118540,0,0,0
ni2207,20220218,20220218,133346500,13:33:48,171010,160,3042,27118540,0,0,0
ni2207,20220218,20220218,133349500,13:33:50,171010,160,3042,27118540,0,0,0
ni2207,20220218,20220218,133357000,13:33:57,171010,160,3042,27118540,0,0,0
ni2207,20220218,20220218,133357500,13:33:58,171010,160,3042,27118540,0,0,0
ni2207,20220218,20220218,133358000,13:33:58,171010,160,3042,27118540,0,0,0
ni2207,20220218,20220218,133358500,13:33:59,171010,160,3042,27118540,0,0,0
ni2207,20220218,20220218,133359000,13:33:59,171010,160,3042,27118540,0,0,0
ni2207,20220218,20220218,133401000,13:34:02,171010,160,3042,27118540,0,0,0
ni2207,20220218,20220218,133410000,13:34:12,171010,160,3042,27118540,0,0,0
ni2207,20220218,20220218,133410500,13:34:12,171010,160,3042,27118540,0,0,0
ni2207,20220218,20220218,133411500,13:34:12,171010,160,3042,27118540,0,0,0
ni2207,20220218,20220218,133412500,13:34:13,171010,160,3042,27118540,0,0,0
ni2207,20220218,20220218,133413000,13:34:14,171010,160,3042,27118540,0,0,0
ni2207,20220218,20220218,133414000,13:34:14,171010,160,3042,27118540,0,0,0
ni2207,20220218,20220218,133414500,13:34:15,171010,160,3042,27118540,0,0,0
ni2207,20220218,20220218,133415000,13:34:15,171010,160,3042,27118540,0,0,0
ni2207,20220218,20220218,133415500,13:34:16,171010,160,3042,27118540,0,0,0
ni2207,20220218,20220218,133416000,13:34:16,171010,160,3042,27118540,0,0,0
ni2207,20220218,20220218,133416500,13:34:17,171010,160,3042,27118540,0,0,0
ni2207,20220218,20220218,133417000,13:34:17,171010,160,3042,27118540,0,0,0
ni2207,20220218,20220218,133417500,13:34:17,171010,160,3042,27118540,0,0,0
ni2207,20220218,20220218,133418000,13:34:18,171010,160,3042,27118540,0,0,0
ni2207,20220218,20220218,133418500,13:34:19,171010,160,3042,27118540,0,0,0
ni2207,20220218,20220218,133419000,13:34:19,171010,160,3042,27118540,0,0,0
ni2207,20220218,20220218,133421000,13:34:23,171010,160,3042,27118540,0,0,0
ni2207,20220218,20220218,133423500,13:34:24,171010,160,3042,27118540,0,0,0
ni2207,20220218,20220218,133424000,13:34:24,171010,160,3042,27118540,0,0,0
ni2207,20220218,20220218,133424500,13:34:24,171010,160,3042,27118540,0,0,0
ni2207,20220218,20220218,133426000,13:34:26,171010,160,3042,27118540,0,0,0
ni2207,20220218,20220218,133426500,13:34:26,171010,160,3042,27118540,0,0,0
ni2207,20220218,20220218,133427000,13:34:27,171010,160,3042,27118540,0,0,0
ni2207,20220218,20220218,133427500,13:34:28,171010,160,3042,27118540,0,0,0
ni2207,20220218,20220218,133428500,13:34:29,171010,160,3042,27118540,0,0,0
ni2207,20220218,20220218,133430000,13:34:30,171010,160,3042,27118540,0,0,0
ni2207,20220218,20220218,133430500,13:34:30,171010,160,3042,27118540,0,0,0
ni2207,20220218,20220218,133431000,13:34:31,171010,160,3042,27118540,0,0,0
ni2207,20220218,20220218,133434000,13:34:34,171010,160,3042,27118540,0,0,0
ni2207,20220218,20220218,133435000,13:34:35,171010,160,3042,27118540,0,0,0
ni2207,20220218,20220218,133436000,13:34:36,171010,160,3042,27118540,0,0,0
ni2207,20220218,20220218,133438500,13:34:39,171010,160,3042,27118540,0,0,0
ni2207,20220218,20220218,133439000,13:34:39,171010,160,3042,27118540,0,0,0
ni2207,20220218,20220218,133446000,13:34:46,171010,160,3042,27118540,0,0,0
ni2207,20220218,20220218,133446500,13:34:47,171010,160,3042,27118540,0,0,0
ni2207,20220218,20220218,133447500,13:34:48,171010,160,3042,27118540,0,0,0
ni2207,20220218,20220218,133448000,13:34:48,171010,160,3042,27118540,0,0,0
ni2207,20220218,20220218,133449000,13:34:49,171010,160,3042,27118540,0,0,0
ni2207,20220218,20220218,133449500,13:34:49,171010,160,3042,27118540,0,0,0
ni2207,20220218,20220218,133450000,13:34:51,171010,160,3042,27118540,0,0,0
ni2207,20220218,20220218,133450500,13:34:51,171010,160,3042,27118540,0,0,0
ni2207,20220218,20220218,133451000,13:34:51,171010,160,3042,27118540,0,0,0
ni2207,20220218,20220218,133451500,13:34:52,171010,160,3042,27118540,0,0,0
ni2207,20220218,20220218,133452000,13:34:52,171010,160,3042,27118540,0,0,0
ni2207,20220218,20220218,133452500,13:34:53,171010,160,3042,27118540,0,0,0
ni2207,20220218,20220218,133453000,13:34:53,171010,160,3042,27118540,0,0,0
ni2207,20220218,20220218,133454500,13:34:56,171010,160,3042,27118540,0,0,0
ni2207,20220218,20220218,133455500,13:34:56,171010,160,3042,27118540,0,0,0
ni2207,20220218,20220218,133456000,13:34:57,171010,160,3042,27118540,0,0,0
ni2207,20220218,20220218,133456500,13:34:57,171010,160,3042,27118540,0,0,0
ni2207,20220218,20220218,133457000,13:34:57,171010,160,3042,27118540,0,0,0
ni2207,20220218,20220218,133458000,13:34:58,171010,160,3042,27118540,0,0,0
ni2207,20220218,20220218,133459000,13:34:59,171010,160,3042,27118540,0,0,0
ni2207,20220218,20220218,133501000,13:35:04,171010,160,3042,27118540,0,0,0
ni2207,20220218,20220218,133501500,13:35:05,171010,160,3042,27118540,0,0,0
ni2207,20220218,20220218,133504500,13:35:10,171010,160,3042,27118540,0,0,0
ni2207,20220218,20220218,133509500,13:35:10,171010,160,3042,27118540,0,0,0
ni2207,20220218,20220218,133511500,13:35:12,171010,160,3042,27118540,0,0,0
ni2207,20220218,20220218,133512000,13:35:13,171010,160,3042,27118540,0,0,0
ni2207,20220218,20220218,133512500,13:35:13,171010,160,3042,27118540,0,0,0
ni2207,20220218,20220218,133513000,13:35:13,171010,160,3042,27118540,0,0,0
ni2207,20220218,20220218,133513500,13:35:14,171010,160,3042,27118540,0,0,0
ni2207,20220218,20220218,133514500,13:35:15,171010,160,3042,27118540,0,0,0
ni2207,20220218,20220218,133515500,13:35:16,171010,160,3042,27118540,0,0,0
ni2207,20220218,20220218,133516000,13:35:16,171010,160,3042,27118540,0,0,0
ni2207,20220218,20220218,133516500,13:35:17,171010,160,3042,27118540,0,0,0
ni2207,20220218,20220218,133517000,13:35:17,171010,160,3042,27118540,0,0,0
ni2207,20220218,20220218,133517500,13:35:18,171010,160,3042,27118540,0,0,0
ni2207,20220218,20220218,133518000,13:35:19,171010,160,3042,27118540,0,0,0
ni2207,20220218,20220218,133518500,13:35:19,171010,160,3042,27118540,0,0,0
ni2207,20220218,20220218,133519000,13:35:19,171010,160,3042,27118540,0,0,0
ni2207,20220218,20220218,133519500,13:35:20,171010,160,3042,27118540,0,0,0
ni2207,20220218,20220218,133520000,13:35:20,171010,160,3042,27118540,0,0,0
ni2207,20220218,20220218,133520500,13:35:21,171010,160,3042,27118540,0,0,0
ni2207,20220218,20220218,133523500,13:35:23,171010,160,3042,27118540,0,0,0
ni2207,20220218,20220218,133526000,13:35:26,171010,160,3042,27118540,0,0,0
ni2207,20220218,20220218,133526500,13:35:27,171010,160,3042,27118540,0,0,0
ni2207,20220218,20220218,133527000,13:35:31,171010,160,3042,27118540,0,0,0
ni2207,20220218,20220218,133527500,13:35:31,171010,160,3042,27118540,0,0,0
ni2207,20220218,20220218,133528000,13:35:32,171010,160,3042,27118540,0,0,0
ni2207,20220218,20220218,133531000,13:35:33,171010,160,3042,27118540,0,0,0
ni2207,20220218,20220218,133531500,13:35:42,171010,160,3042,27118540,0,0,0
ni2207,20220218,20220218,133532000,13:35:42,171010,160,3042,27118540,0,0,0
ni2207,20220218,20220218,133540500,13:35:43,171010,160,3042,27118540,0,0,0
ni2207,20220218,20220218,133542000,13:35:44,171010,160,3042,27118540,0,0,0
ni2207,20220218,20220218,133543000,13:35:44,171010,160,3042,27118540,0,0,0
ni2207,20220218,20220218,133545000,13:35:46,171010,160,3042,27118540,0,0,0
ni2207,20220218,20220218,133545500,13:35:46,171010,160,3042,27118540,0,0,0
ni2207,20220218,20220218,133552000,13:35:52,171010,160,3042,27118540,0,0,0
ni2207,20220218,20220218,133553000,13:35:53,171010,160,3042,27118540,0,0,0
ni2207,20220218,20220218,133555000,13:35:56,171010,160,3042,27118540,0,0,0
ni2207,20220218,20220218,133555500,13:35:56,171010,160,3042,27118540,0,0,0
ni2207,20220218,20220218,133556000,13:35:56,171010,160,3042,27118540,0,0,0
ni2207,20220218,20220218,133556500,13:35:58,171010,160,3042,27118540,0,0,0
ni2207,20220218,20220218,133557000,13:35:59,171010,160,3042,27118540,0,0,0
ni2207,20220218,20220218,133558000,13:36:01,171010,160,3042,27118540,0,0,0
ni2207,20220218,20220218,133559500,13:36:03,171010,160,3042,27118540,0,0,0
ni2207,20220218,20220218,133602500,13:36:04,171010,160,3042,27118540,0,0,0
ni2207,20220218,20220218,133606000,13:36:07,171010,160,3042,27118540,0,0,0
ni2207,20220218,20220218,133607000,13:36:08,171010,160,3042,27118540,0,0,0
ni2207,20220218,20220218,133607500,13:36:08,171010,160,3042,27118540,0,0,0
ni2207,20220218,20220218,133608000,13:36:08,171010,160,3042,27118540,0,0,0
ni2207,20220218,20220218,133610500,13:36:11,171010,160,3042,27118540,0,0,0
ni2207,20220218,20220218,133611500,13:36:12,171010,160,3042,27118540,0,0,0
ni2207,20220218,20220218,133612000,13:36:12,171010,160,3042,27118540,0,0,0
ni2207,20220218,20220218,133612500,13:36:12,171010,160,3042,27118540,0,0,0
ni2207,20220218,20220218,133613500,13:36:14,171010,160,3042,27118540,0,0,0
ni2207,20220218,20220218,133614000,13:36:14,171010,160,3042,27118540,0,0,0
ni2207,20220218,20220218,133614500,13:36:14,171010,160,3042,27118540,0,0,0
ni2207,20220218,20220218,133615000,13:36:15,171010,160,3042,27118540,0,0,0
ni2207,20220218,20220218,133615500,13:36:15,171010,160,3042,27118540,0,0,0
ni2207,20220218,20220218,133616000,13:36:16,171010,160,3042,27118540,0,0,0
ni2207,20220218,20220218,133616500,13:36:17,171010,160,3042,27118540,0,0,0
ni2207,20220218,20220218,133617000,13:36:19,171010,160,3042,27118540,0,0,0
ni2207,20220218,20220218,133617500,13:36:19,171010,160,3042,27118540,0,0,0
ni2207,20220218,20220218,133619500,13:36:20,171010,160,3042,27118540,0,0,0
ni2207,20220218,20220218,133620500,13:36:20,171010,160,3042,27118540,0,0,0
ni2207,20220218,20220218,133621000,13:36:21,171010,160,3042,27118540,0,0,0
ni2207,20220218,20220218,133621500,13:36:21,171010,160,3042,27118540,0,0,0
ni2207,20220218,20220218,133622000,13:36:22,171010,160,3042,27118540,0,0,0
ni2207,20220218,20220218,133622500,13:36:22,171010,160,3042,27118540,0,0,0
ni2207,20220218,20220218,133623000,13:36:23,171010,160,3042,27118540,0,0,0
ni2207,20220218,20220218,133623500,13:36:23,171010,160,3042,27118540,0,0,0
ni2207,20220218,20220218,133624000,13:36:24,171010,160,3042,27118540,0,0,0
ni2207,20220218,20220218,133624500,13:36:24,171010,160,3042,27118540,0,0,0
ni2207,20220218,20220218,133625000,13:36:25,171010,160,3042,27118540,0,0,0
ni2207,20220218,20220218,133625500,13:36:26,171010,160,3042,27118540,0,0,0
ni2207,20220218,20220218,133626000,13:36:26,171010,160,3042,27118540,0,0,0
ni2207,20220218,20220218,133630500,13:36:31,171010,160,3042,27118540,0,0,0
ni2207,20220218,20220218,133639500,13:36:39,171010,160,3042,27118540,0,0,0
ni2207,20220218,20220218,133643000,13:36:43,171010,160,3042,27118540,0,0,0
ni2207,20220218,20220218,133644000,13:36:44,171010,160,3042,27118540,0,0,0
ni2207,20220218,20220218,133644500,13:36:44,171010,160,3042,27118540,0,0,0
ni2207,20220218,20220218,133645000,13:36:45,171010,160,3042,27118540,0,0,0
ni2207,20220218,20220218,133645500,13:36:46,171010,160,3042,27118540,0,0,0
ni2207,20220218,20220218,133646500,13:36:46,171010,160,3042,27118540,0,0,0
ni2207,20220218,20220218,133647000,13:36:47,171010,160,3042,27118540,0,0,0
ni2207,20220218,20220218,133655000,13:36:55,171010,160,3042,27118540,0,0,0
ni2207,20220218,20220218,133655500,13:36:56,171010,160,3042,27118540,0,0,0
ni2207,20220218,20220218,133701000,13:37:01,171010,160,3042,27118540,0,0,0
ni2207,20220218,20220218,133701500,13:37:02,171010,160,3042,27118540,0,0,0
ni2207,20220218,20220218,133702000,13:37:02,171010,160,3042,27118540,0,0,0
ni2207,20220218,20220218,133702500,13:37:03,171010,160,3042,27118540,0,0,0
ni2207,20220218,20220218,133703000,13:37:03,171010,160,3042,27118540,0,0,0
ni2207,20220218,20220218,133703500,13:37:03,171010,160,3042,27118540,0,0,0
ni2207,20220218,20220218,133704000,13:37:04,171010,160,3042,27118540,0,0,0
ni2207,20220218,20220218,133704500,13:37:05,171010,160,3042,27118540,0,0,0
ni2207,20220218,20220218,133705000,13:37:05,171010,160,3042,27118540,0,0,0
ni2207,20220218,20220218,133705500,13:37:08,171010,160,3042,27118540,0,0,0
ni2207,20220218,20220218,133706000,13:37:08,171010,160,3042,27118540,0,0,0
ni2207,20220218,20220218,133706500,13:37:08,171010,160,3042,27118540,0,0,0
ni2207,20220218,20220218,133707500,13:37:08,171010,160,3042,27118540,0,0,0
ni2207,20220218,20220218,133710000,13:37:11,171010,160,3042,27118540,0,0,0
ni2207,20220218,20220218,133711500,13:37:13,171010,160,3042,27118540,0,0,0
ni2207,20220218,20220218,133712000,13:37:13,171010,160,3042,27118540,0,0,0
ni2207,20220218,20220218,133712500,13:37:13,171010,160,3042,27118540,0,0,0
ni2207,20220218,20220218,133713000,13:37:14,171010,160,3042,27118540,0,0,0
ni2207,20220218,20220218,133713500,13:37:14,171010,160,3042,27118540,0,0,0
ni2207,20220218,20220218,133714000,13:37:14,171010,160,3042,27118540,0,0,0
ni2207,20220218,20220218,133714500,13:37:15,171010,160,3042,27118540,0,0,0
ni2207,20220218,20220218,133715000,13:37:15,171010,160,3042,27118540,0,0,0
ni2207,20220218,20220218,133715500,13:37:16,171010,160,3042,27118540,0,0,0
ni2207,20220218,20220218,133716000,13:37:16,171010,160,3042,27118540,0,0,0
ni2207,20220218,20220218,133716500,13:37:17,171010,160,3042,27118540,0,0,0
ni2207,20220218,20220218,133717000,13:37:18,171010,160,3042,27118540,0,0,0
ni2207,20220218,20220218,133717500,13:37:18,171010,160,3042,27118540,0,0,0
ni2207,20220218,20220218,133718000,13:37:19,171010,160,3042,27118540,0,0,0
ni2207,20220218,20220218,133719000,13:37:19,171010,160,3042,27118540,0,0,0
ni2207,20220218,20220218,133720500,13:37:21,171010,160,3042,27118540,0,0,0
ni2207,20220218,20220218,133721000,13:37:21,171010,160,3042,27118540,0,0,0
ni2207,20220218,20220218,133721500,13:37:22,171010,160,3042,27118540,0,0,0
ni2207,20220218,20220218,133722000,13:37:22,171010,160,3042,27118540,0,0,0
ni2207,20220218,20220218,133725000,13:37:25,171010,160,3042,27118540,0,0,0
ni2207,20220218,20220218,133732000,13:37:32,171010,160,3042,27118540,0,0,0
ni2207,20220218,20220218,133735000,13:37:35,171010,160,3042,27118540,0,0,0
ni2207,20220218,20220218,133735500,13:37:36,171010,160,3042,27118540,0,0,0
ni2207,20220218,20220218,133736000,13:37:36,171010,160,3042,27118540,0,0,0
ni2207,20220218,20220218,133736500,13:37:37,171010,160,3042,27118540,0,0,0
ni2207,20220218,20220218,133737000,13:37:37,171010,160,3042,27118540,0,0,0
ni2207,20220218,20220218,133737500,13:37:37,171010,160,3042,27118540,0,0,0
ni2207,20220218,20220218,133738500,13:37:39,171010,160,3042,27118540,0,0,0
ni2207,20220218,20220218,133739000,13:37:39,171010,160,3042,27118540,0,0,0
ni2207,20220218,20220218,133739500,13:37:39,171010,160,3042,27118540,0,0,0
ni2207,20220218,20220218,133740000,13:37:40,171010,160,3042,27118540,0,0,0
ni2207,20220218,20220218,133740500,13:37:40,171010,160,3042,27118540,0,0,0
ni2207,20220218,20220218,133743500,13:37:44,171010,160,3042,27118540,0,0,0
ni2207,20220218,20220218,133745000,13:37:45,171010,160,3042,27118540,0,0,0
ni2207,20220218,20220218,133746000,13:37:46,171010,160,3042,27118540,0,0,0
ni2207,20220218,20220218,133746500,13:37:47,171010,160,3042,27118540,0,0,0
ni2207,20220218,20220218,133747500,13:37:48,171010,160,3042,27118540,0,0,0
ni2207,20220218,20220218,133748000,13:37:48,171010,160,3042,27118540,0,0,0
ni2207,20220218,20220218,133802500,13:38:06,171010,160,3042,27118540,0,0,0
ni2207,20220218,20220218,133803000,13:38:06,171010,160,3042,27118540,0,0,0
ni2207,20220218,20220218,133804000,13:38:06,171010,160,3042,27118540,0,0,0
ni2207,20220218,20220218,133809000,13:38:09,171010,160,3042,27118540,0,0,0
ni2207,20220218,20220218,133809500,13:38:10,171010,160,3042,27118540,0,0,0
ni2207,20220218,20220218,133812000,13:38:14,171010,160,3042,27118540,0,0,0
ni2207,20220218,20220218,133817500,13:38:18,171010,160,3042,27118540,0,0,0
ni2207,20220218,20220218,133818000,13:38:18,171010,160,3042,27118540,0,0,0
ni2207,20220218,20220218,133818500,13:38:19,171010,160,3042,27118540,0,0,0
ni2207,20220218,20220218,133819000,13:38:19,171010,160,3042,27118540,0,0,0
ni2207,20220218,20220218,133819500,13:38:20,171010,160,3042,27118540,0,0,0
ni2207,20220218,20220218,133820000,13:38:22,171010,160,3042,27118540,0,0,0
ni2207,20220218,20220218,133820500,13:38:22,171010,160,3042,27118540,0,0,0
ni2207,20220218,20220218,133821000,13:38:22,171010,160,3042,27118540,0,0,0
ni2207,20220218,20220218,133821500,13:38:23,171010,160,3042,27118540,0,0,0
ni2207,20220218,20220218,133822000,13:38:23,171010,160,3042,27118540,0,0,0
ni2207,20220218,20220218,133822500,13:38:23,171010,160,3042,27118540,0,0,0
ni2207,20220218,20220218,133824000,13:38:25,171010,160,3042,27118540,0,0,0
ni2207,20220218,20220218,133824500,13:38:41,171010,160,3042,27118540,0,0,0
ni2207,20220218,20220218,133825000,13:38:41,171010,160,3042,27118540,0,0,0
ni2207,20220218,20220218,133825500,13:38:42,171010,160,3042,27118540,0,0,0
ni2207,20220218,20220218,133839000,13:38:43,171010,160,3042,27118540,0,0,0
ni2207,20220218,20220218,133906500,13:39:06,171010,160,3042,27118540,0,0,0
ni2207,20220218,20220218,133908000,13:39:08,171010,160,3042,27118540,0,0,0
ni2207,20220218,20220218,133908500,13:39:08,171010,160,3042,27118540,0,0,0
ni2207,20220218,20220218,133910500,13:39:10,171010,160,3042,27118540,0,0,0
ni2207,20220218,20220218,133913500,13:39:13,171010,160,3042,27118540,0,0,0
ni2207,20220218,20220218,133914000,13:39:15,171010,160,3042,27118540,0,0,0
ni2207,20220218,20220218,133914500,13:39:18,171010,160,3042,27118540,0,0,0
ni2207,20220218,20220218,133915000,13:39:19,171010,160,3042,27118540,0,0,0
ni2207,20220218,20220218,133915500,13:39:19,171010,160,3042,27118540,0,0,0
ni2207,20220218,20220218,133916500,13:39:19,171010,160,3042,27118540,0,0,0
ni2207,20220218,20220218,133931500,13:39:31,171010,160,3042,27118540,0,0,0
ni2207,20220218,20220218,133932500,13:39:33,171010,160,3042,27118540,0,0,0
ni2207,20220218,20220218,133933500,13:39:33,171010,160,3042,27118540,0,0,0
ni2207,20220218,20220218,133935000,13:39:35,171010,160,3042,27118540,0,0,0
ni2207,20220218,20220218,133937500,13:39:37,171010,160,3042,27118540,0,0,0
ni2207,20220218,20220218,133938000,13:39:38,171010,160,3042,27118540,0,0,0
ni2207,20220218,20220218,133939000,13:39:39,171010,160,3042,27118540,0,0,0
ni2207,20220218,20220218,133944000,13:39:44,171010,160,3042,27118540,0,0,0
ni2207,20220218,20220218,133945000,13:39:46,171010,160,3042,27118540,0,0,0
ni2207,20220218,20220218,133945500,13:39:46,171010,160,3042,27118540,0,0,0
ni2207,20220218,20220218,133946000,13:39:47,171010,160,3042,27118540,0,0,0
ni2207,20220218,20220218,133956000,13:39:56,171010,160,3042,27118540,0,0,0
ni2207,20220218,20220218,133956500,13:39:57,171010,160,3042,27118540,0,0,0
ni2207,20220218,20220218,133957000,13:39:59,171010,160,3042,27118540,0,0,0
ni2207,20220218,20220218,133957500,13:40:13,171010,160,3042,27118540,0,0,0
ni2207,20220218,20220218,133958000,13:40:13,171010,160,3042,27118540,0,0,0
ni2207,20220218,20220218,134005500,13:40:13,171010,160,3042,27118540,0,0,0
ni2207,20220218,20220218,134015500,13:40:16,171010,160,3042,27118540,0,0,0
ni2207,20220218,20220218,134016000,13:40:16,171010,160,3042,27118540,0,0,0
ni2207,20220218,20220218,134017000,13:40:17,171010,160,3042,27118540,0,0,0
ni2207,20220218,20220218,134020000,13:40:20,171010,160,3042,27118540,0,0,0
ni2207,20220218,20220218,134020500,13:40:21,171010,160,3042,27118540,0,0,0
ni2207,20220218,20220218,134021000,13:40:22,171010,160,3042,27118540,0,0,0
ni2207,20220218,20220218,134021500,13:40:22,171010,160,3042,27118540,0,0,0
ni2207,20220218,20220218,134023500,13:40:24,171010,160,3042,27118540,0,0,0
ni2207,20220218,20220218,134027000,13:40:27,171010,160,3042,27118540,0,0,0
ni2207,20220218,20220218,134027500,13:40:28,171010,160,3042,27118540,0,0,0
ni2207,20220218,20220218,134028000,13:40:28,171010,160,3042,27118540,0,0,0
ni2207,20220218,20220218,134028500,13:40:30,171010,160,3042,27118540,0,0,0
ni2207,20220218,20220218,134029000,13:40:30,171010,160,3042,27118540,0,0,0
ni2207,20220218,20220218,134029500,13:40:30,171010,160,3042,27118540,0,0,0
ni2207,20220218,20220218,134030000,13:40:30,171010,160,3042,27118540,0,0,0
ni2207,20220218,20220218,134030500,13:40:31,171010,160,3042,27118540,0,0,0
ni2207,20220218,20220218,134031000,13:40:31,171010,160,3042,27118540,0,0,0
ni2207,20220218,20220218,134031500,13:40:32,171010,160,3042,27118540,0,0,0
ni2207,20220218,20220218,134032000,13:40:32,171010,160,3042,27118540,0,0,0
ni2207,20220218,20220218,134032500,13:40:32,171010,160,3042,27118540,0,0,0
ni2207,20220218,20220218,134033000,13:40:34,171010,160,3042,27118540,0,0,0
ni2207,20220218,20220218,134033500,13:40:34,171010,160,3042,27118540,0,0,0
ni2207,20220218,20220218,134034000,13:40:34,171010,160,3042,27118540,0,0,0
ni2207,20220218,20220218,134036000,13:40:36,171010,160,3042,27118540,0,0,0
ni2207,20220218,20220218,134037000,13:40:37,171010,160,3042,27118540,0,0,0
ni2207,20220218,20220218,134039000,13:40:39,171010,160,3042,27118540,0,0,0
ni2207,20220218,20220218,134039500,13:40:40,171010,160,3042,27118540,0,0,0
ni2207,20220218,20220218,134040000,13:40:41,171010,160,3042,27118540,0,0,0
ni2207,20220218,20220218,134042000,13:40:42,171010,160,3042,27118540,0,0,0
ni2207,20220218,20220218,134044000,13:40:44,171010,160,3042,27118540,0,0,0
ni2207,20220218,20220218,134044500,13:40:44,171010,160,3042,27118540,0,0,0
ni2207,20220218,20220218,134045000,13:40:45,171010,160,3042,27118540,0,0,0
ni2207,20220218,20220218,134045500,13:40:46,171010,160,3042,27118540,0,0,0
ni2207,20220218,20220218,134046500,13:40:46,171010,160,3042,27118540,0,0,0
ni2207,20220218,20220218,134047000,13:40:47,171010,160,3042,27118540,0,0,0
ni2207,20220218,20220218,134055000,13:40:55,171010,160,3042,27118540,0,0,0
ni2207,20220218,20220218,134055500,13:40:57,171010,160,3042,27118540,0,0,0
ni2207,20220218,20220218,134056000,13:40:58,171010,160,3042,27118540,0,0,0
ni2207,20220218,20220218,134056500,13:40:58,171010,160,3042,27118540,0,0,0
ni2207,20220218,20220218,134058500,13:40:59,171010,160,3042,27118540,0,0,0
ni2207,20220218,20220218,134059500,13:41:00,171010,160,3042,27118540,0,0,0
ni2207,20220218,20220218,134101000,13:41:01,171010,160,3042,27118540,0,0,0
ni2207,20220218,20220218,134102500,13:41:03,171010,160,3042,27118540,0,0,0
ni2207,20220218,20220218,134103000,13:41:05,171010,160,3042,27118540,0,0,0
ni2207,20220218,20220218,134103500,13:41:05,171010,160,3042,27118540,0,0,0
ni2207,20220218,20220218,134105000,13:41:06,171010,160,3042,27118540,0,0,0
ni2207,20220218,20220218,134106500,13:41:07,171010,160,3042,27118540,0,0,0
ni2207,20220218,20220218,134107000,13:41:09,171010,160,3042,27118540,0,0,0
ni2207,20220218,20220218,134110500,13:41:10,171010,160,3042,27118540,0,0,0
ni2207,20220218,20220218,134111500,13:41:12,171010,160,3042,27118540,0,0,0
ni2207,20220218,20220218,134112000,13:41:12,171010,160,3042,27118540,0,0,0
ni2207,20220218,20220218,134112500,13:41:12,171010,160,3042,27118540,0,0,0
ni2207,20220218,20220218,134113000,13:41:13,171010,160,3042,27118540,0,0,0
ni2207,20220218,20220218,134113500,13:41:13,171010,160,3042,27118540,0,0,0
ni2207,20220218,20220218,134114000,13:41:15,171010,160,3042,27118540,0,0,0
ni2207,20220218,20220218,134115000,13:41:16,171010,160,3042,27118540,0,0,0
ni2207,20220218,20220218,134116500,13:41:17,171010,160,3042,27118540,0,0,0
ni2207,20220218,20220218,134119000,13:41:19,171010,160,3042,27118540,0,0,0
ni2207,20220218,20220218,134120000,13:41:20,171010,160,3042,27118540,0,0,0
ni2207,20220218,20220218,134121000,13:41:23,171010,160,3042,27118540,0,0,0
ni2207,20220218,20220218,134121500,13:41:24,171010,160,3042,27118540,0,0,0
ni2207,20220218,20220218,134123000,13:41:24,171010,160,3042,27118540,0,0,0
ni2207,20220218,20220218,134123500,13:41:24,171010,160,3042,27118540,0,0,0
ni2207,20220218,20220218,134124000,13:41:25,171010,160,3042,27118540,0,0,0
ni2207,20220218,20220218,134125000,13:41:27,171010,160,3042,27118540,0,0,0
ni2207,20220218,20220218,134125500,13:41:27,171010,160,3042,27118540,0,0,0
ni2207,20220218,20220218,134127500,13:41:27,171010,160,3042,27118540,0,0,0
ni2207,20220218,20220218,134128000,13:41:28,171010,160,3042,27118540,0,0,0
ni2207,20220218,20220218,134129000,13:41:29,171010,160,3042,27118540,0,0,0
ni2207,20220218,20220218,134139500,13:41:42,171010,160,3042,27118540,0,0,0
ni2207,20220218,20220218,134140500,13:41:42,171010,160,3042,27118540,0,0,0
ni2207,20220218,20220218,134149000,13:41:50,171010,160,3042,27118540,0,0,0
ni2207,20220218,20220218,134149500,13:41:50,171010,160,3042,27118540,0,0,0
ni2207,20220218,20220218,134152000,13:41:52,171010,160,3042,27118540,0,0,0
ni2207,20220218,20220218,134152500,13:41:53,171010,160,3042,27118540,0,0,0
ni2207,20220218,20220218,134200500,13:42:11,171010,160,3042,27118540,0,0,0
ni2207,20220218,20220218,134210000,13:42:12,171010,160,3042,27118540,0,0,0
ni2207,20220218,20220218,134210500,13:42:12,171010,160,3042,27118540,0,0,0
ni2207,20220218,20220218,134215000,13:42:15,171010,160,3042,27118540,0,0,0
ni2207,20220218,20220218,134224500,13:42:25,171010,160,3042,27118540,0,0,0
ni2207,20220218,20220218,134225000,13:42:25,171010,160,3042,27118540,0,0,0
ni2207,20220218,20220218,134225500,13:42:26,171010,160,3042,27118540,0,0,0
ni2207,20220218,20220218,134226000,13:42:27,171010,160,3042,27118540,0,0,0
ni2207,20220218,20220218,134256000,13:42:56,171010,160,3042,27118540,0,0,0
ni2207,20220218,20220218,134256500,13:42:57,171010,160,3042,27118540,0,0,0
ni2207,20220218,20220218,134257000,13:42:59,171010,160,3042,27118540,0,0,0
ni2207,20220218,20220218,134257500,13:42:59,171010,160,3042,27118540,0,0,0
ni2207,20220218,20220218,134300000,13:43:02,171010,160,3042,27118540,0,0,0
ni2207,20220218,20220218,134300500,13:43:02,171010,160,3042,27118540,0,0,0
ni2207,20220218,20220218,134301000,13:43:02,171010,160,3042,27118540,0,0,0
ni2207,20220218,20220218,134301500,13:43:02,171010,160,3042,27118540,0,0,0
ni2207,20220218,20220218,134302000,13:43:02,171010,160,3042,27118540,0,0,0
ni2207,20220218,20220218,134302500,13:43:03,171010,160,3042,27118540,0,0,0
ni2207,20220218,20220218,134303000,13:43:05,171010,160,3042,27118540,0,0,0
ni2207,20220218,20220218,134303500,13:43:11,171010,160,3042,27118540,0,0,0
ni2207,20220218,20220218,134304500,13:43:11,171010,160,3042,27118540,0,0,0
ni2207,20220218,20220218,134308500,13:43:12,171010,160,3042,27118540,0,0,0
ni2207,20220218,20220218,134312000,13:43:14,171010,160,3042,27118540,0,0,0
ni2207,20220218,20220218,134312500,13:43:14,171010,160,3042,27118540,0,0,0
ni2207,20220218,20220218,134314000,13:43:14,171010,160,3042,27118540,0,0,0
ni2207,20220218,20220218,134314500,13:43:15,171010,160,3042,27118540,0,0,0
ni2207,20220218,20220218,134315500,13:43:15,171010,160,3042,27118540,0,0,0
ni2207,20220218,20220218,134321500,13:43:21,171010,160,3042,27118540,0,0,0
ni2207,20220218,20220218,134322000,13:43:22,171010,160,3042,27118540,0,0,0
ni2207,20220218,20220218,134324000,13:43:24,171010,160,3042,27118540,0,0,0
ni2207,20220218,20220218,134324500,13:43:25,171010,160,3042,27118540,0,0,0
ni2207,20220218,20220218,134325000,13:43:25,171010,160,3042,27118540,0,0,0
ni2207,20220218,20220218,134325500,13:43:26,171010,160,3042,27118540,0,0,0
ni2207,20220218,20220218,134326000,13:43:26,171010,160,3042,27118540,0,0,0
ni2207,20220218,20220218,134326500,13:43:27,171010,160,3042,27118540,0,0,0
ni2207,20220218,20220218,134327000,13:43:27,171010,160,3042,27118540,0,0,0
ni2207,20220218,20220218,134327500,13:43:27,171010,160,3042,27118540,0,0,0
ni2207,20220218,20220218,134328000,13:43:29,171010,160,3042,27118540,0,0,0
ni2207,20220218,20220218,134329000,13:43:29,171010,160,3042,27118540,0,0,0
ni2207,20220218,20220218,134329500,13:43:30,171010,160,3042,27118540,0,0,0
ni2207,20220218,20220218,134330000,13:43:30,171010,160,3042,27118540,0,0,0
ni2207,20220218,20220218,134330500,13:43:30,171010,160,3042,27118540,0,0,0
ni2207,20220218,20220218,134331000,13:43:31,171010,160,3042,27118540,0,0,0
ni2207,20220218,20220218,134333500,13:43:34,171010,160,3042,27118540,0,0,0
ni2207,20220218,20220218,134334000,13:43:34,171010,160,3042,27118540,0,0,0
ni2207,20220218,20220218,134334500,13:43:34,171010,160,3042,27118540,0,0,0
ni2207,20220218,20220218,134335500,13:43:35,171010,160,3042,27118540,0,0,0
ni2207,20220218,20220218,134336000,13:43:36,171010,160,3042,27118540,0,0,0
ni2207,20220218,20220218,134337000,13:43:37,171010,160,3042,27118540,0,0,0
ni2207,20220218,20220218,134337500,13:43:38,171010,160,3042,27118540,0,0,0
ni2207,20220218,20220218,134338000,13:43:38,171010,160,3042,27118540,0,0,0
ni2207,20220218,20220218,134338500,13:43:39,171010,160,3042,27118540,0,0,0
ni2207,20220218,20220218,134339000,13:43:43,171010,160,3042,27118540,0,0,0
ni2207,20220218,20220218,134339500,13:43:57,171010,160,3042,27118540,0,0,0
ni2207,20220218,20220218,134340000,13:43:57,171010,160,3042,27118540,0,0,0
ni2207,20220218,20220218,134353500,13:44:04,171010,160,3042,27118540,0,0,0
ni2207,20220218,20220218,134355000,13:44:04,171010,160,3042,27118540,0,0,0
ni2207,20220218,20220218,134400500,13:44:04,171010,160,3042,27118540,0,0,0
ni2207,20220218,20220218,134404500,13:44:05,171010,160,3042,27118540,0,0,0
ni2207,20220218,20220218,134405000,13:44:05,171010,160,3042,27118540,0,0,0
ni2207,20220218,20220218,134406500,13:44:07,171010,160,3042,27118540,0,0,0
ni2207,20220218,20220218,134407000,13:44:07,171010,160,3042,27118540,0,0,0
ni2207,20220218,20220218,134409500,13:44:17,171010,160,3042,27118540,0,0,0
ni2207,20220218,20220218,134410500,13:44:17,171010,160,3042,27118540,0,0,0
ni2207,20220218,20220218,134417000,13:44:18,171010,160,3042,27118540,0,0,0
ni2207,20220218,20220218,134417500,13:44:18,171010,160,3042,27118540,0,0,0
ni2207,20220218,20220218,134418000,13:44:18,171010,160,3042,27118540,0,0,0
ni2207,20220218,20220218,134418500,13:44:19,171010,160,3042,27118540,0,0,0
ni2207,20220218,20220218,134419000,13:44:23,171010,160,3042,27118540,0,0,0
ni2207,20220218,20220218,134419500,13:44:23,171010,160,3042,27118540,0,0,0
ni2207,20220218,20220218,134420000,13:44:23,171010,160,3042,27118540,0,0,0
ni2207,20220218,20220218,134420500,13:44:23,171010,160,3042,27118540,0,0,0
ni2207,20220218,20220218,134423000,13:44:23,171010,160,3042,27118540,0,0,0
ni2207,20220218,20220218,134423500,13:44:24,171010,160,3042,27118540,0,0,0
ni2207,20220218,20220218,134425000,13:44:25,169850,161,3042,27288390,1,0,169850
ni2207,20220218,20220218,134425500,13:44:25,169850,161,3042,27288390,0,0,0
ni2207,20220218,20220218,134426500,13:44:26,169850,161,3042,27288390,0,0,0
ni2207,20220218,20220218,134427000,13:44:27,169850,161,3042,27288390,0,0,0
ni2207,20220218,20220218,134428000,13:44:29,169850,161,3042,27288390,0,0,0
ni2207,20220218,20220218,134428500,13:44:29,169850,161,3042,27288390,0,0,0
ni2207,20220218,20220218,134429500,13:44:37,169850,161,3042,27288390,0,0,0
ni2207,20220218,20220218,134436500,13:44:37,169850,161,3042,27288390,0,0,0
ni2207,20220218,20220218,134437500,13:44:37,169850,161,3042,27288390,0,0,0
ni2207,20220218,20220218,134438000,13:44:38,169850,161,3042,27288390,0,0,0
ni2207,20220218,20220218,134438500,13:44:39,169850,161,3042,27288390,0,0,0
ni2207,20220218,20220218,134439000,13:44:39,169850,161,3042,27288390,0,0,0
ni2207,20220218,20220218,134439500,13:44:39,169850,161,3042,27288390,0,0,0
ni2207,20220218,20220218,134441000,13:44:41,169850,161,3042,27288390,0,0,0
ni2207,20220218,20220218,134441500,13:44:42,169850,161,3042,27288390,0,0,0
ni2207,20220218,20220218,134442000,13:44:42,169850,161,3042,27288390,0,0,0
ni2207,20220218,20220218,134442500,13:44:43,169850,161,3042,27288390,0,0,0
ni2207,20220218,20220218,134443000,13:44:43,169850,161,3042,27288390,0,0,0
ni2207,20220218,20220218,134443500,13:44:44,169850,161,3042,27288390,0,0,0
ni2207,20220218,20220218,134444000,13:44:44,169850,161,3042,27288390,0,0,0
ni2207,20220218,20220218,134444500,13:44:45,169850,161,3042,27288390,0,0,0
ni2207,20220218,20220218,134445000,13:44:45,169850,161,3042,27288390,0,0,0
ni2207,20220218,20220218,134445500,13:44:45,169850,161,3042,27288390,0,0,0
ni2207,20220218,20220218,134449500,13:44:50,169850,161,3042,27288390,0,0,0
ni2207,20220218,20220218,134450000,13:44:50,169850,161,3042,27288390,0,0,0
ni2207,20220218,20220218,134452000,13:44:53,169850,161,3042,27288390,0,0,0
ni2207,20220218,20220218,134452500,13:44:53,169850,161,3042,27288390,0,0,0
ni2207,20220218,20220218,134453000,13:44:53,169850,161,3042,27288390,0,0,0
ni2207,20220218,20220218,134453500,13:44:54,169850,161,3042,27288390,0,0,0
ni2207,20220218,20220218,134454000,13:44:54,169850,161,3042,27288390,0,0,0
ni2207,20220218,20220218,134454500,13:44:55,169850,161,3042,27288390,0,0,0
ni2207,20220218,20220218,134455000,13:44:55,169850,161,3042,27288390,0,0,0
ni2207,20220218,20220218,134455500,13:44:56,169850,161,3042,27288390,0,0,0
ni2207,20220218,20220218,134456000,13:44:56,169850,161,3042,27288390,0,0,0
ni2207,20220218,20220218,134456500,13:44:56,169850,161,3042,27288390,0,0,0
ni2207,20220218,20220218,134458000,13:44:58,169850,161,3042,27288390,0,0,0
ni2207,20220218,20220218,134458500,13:44:59,169850,161,3042,27288390,0,0,0
ni2207,20220218,20220218,134459000,13:44:59,169850,161,3042,27288390,0,0,0
ni2207,20220218,20220218,134500500,13:45:01,169850,161,3042,27288390,0,0,0
ni2207,20220218,20220218,134501000,13:45:01,169850,161,3042,27288390,0,0,0
ni2207,20220218,20220218,134501500,13:45:02,169850,161,3042,27288390,0,0,0
ni2207,20220218,20220218,134502500,13:45:03,169850,161,3042,27288390,0,0,0
ni2207,20220218,20220218,134503000,13:45:04,169850,161,3042,27288390,0,0,0
ni2207,20220218,20220218,134503500,13:45:06,169850,161,3042,27288390,0,0,0
ni2207,20220218,20220218,134504000,13:45:08,169850,161,3042,27288390,0,0,0
ni2207,20220218,20220218,134504500,13:45:09,169850,161,3042,27288390,0,0,0
ni2207,20220218,20220218,134508000,13:45:09,169850,161,3042,27288390,0,0,0
ni2207,20220218,20220218,134508500,13:45:09,169850,161,3042,27288390,0,0,0
ni2207,20220218,20220218,134515500,13:45:17,169850,161,3042,27288390,0,0,0
ni2207,20220218,20220218,134516000,13:45:17,169850,161,3042,27288390,0,0,0
ni2207,20220218,20220218,134518000,13:45:21,169850,161,3042,27288390,0,0,0
ni2207,20220218,20220218,134525000,13:45:27,169850,161,3042,27288390,0,0,0
ni2207,20220218,20220218,134525500,13:45:27,169850,161,3042,27288390,0,0,0
ni2207,20220218,20220218,134526000,13:45:28,169850,161,3042,27288390,0,0,0
ni2207,20220218,20220218,134529500,13:45:30,169850,161,3042,27288390,0,0,0
ni2207,20220218,20220218,134530000,13:45:30,169850,161,3042,27288390,0,0,0
ni2207,20220218,20220218,134530500,13:45:31,169850,161,3042,27288390,0,0,0
ni2207,20220218,20220218,134532500,13:45:33,169850,161,3042,27288390,0,0,0
ni2207,20220218,20220218,134533000,13:45:33,169850,161,3042,27288390,0,0,0
ni2207,20220218,20220218,134533500,13:45:34,169850,161,3042,27288390,0,0,0
ni2207,20220218,20220218,134534000,13:45:35,169850,161,3042,27288390,0,0,0
ni2207,20220218,20220218,134534500,13:45:35,169850,161,3042,27288390,0,0,0
ni2207,20220218,20220218,134536000,13:45:37,169850,161,3042,27288390,0,0,0
ni2207,20220218,20220218,134537000,13:45:37,169850,161,3042,27288390,0,0,0
ni2207,20220218,20220218,134537500,13:45:38,169850,161,3042,27288390,0,0,0
ni2207,20220218,20220218,134538000,13:45:38,169850,161,3042,27288390,0,0,0
ni2207,20220218,20220218,134539000,13:45:40,169850,161,3042,27288390,0,0,0
ni2207,20220218,20220218,134540000,13:45:40,169850,161,3042,27288390,0,0,0
ni2207,20220218,20220218,134541000,13:45:41,169850,161,3042,27288390,0,0,0
ni2207,20220218,20220218,134541500,13:45:41,169850,161,3042,27288390,0,0,0
ni2207,20220218,20220218,134542000,13:45:45,169850,161,3042,27288390,0,0,0
ni2207,20220218,20220218,134542500,13:45:45,169850,161,3042,27288390,0,0,0
ni2207,20220218,20220218,134543000,13:45:46,169850,161,3042,27288390,0,0,0
ni2207,20220218,20220218,134545500,13:45:46,169850,161,3042,27288390,0,0,0
ni2207,20220218,20220218,134546000,13:45:47,169850,161,3042,27288390,0,0,0
ni2207,20220218,20220218,134546500,13:45:47,169850,161,3042,27288390,0,0,0
ni2207,20220218,20220218,134547500,13:45:47,169850,161,3042,27288390,0,0,0
ni2207,20220218,20220218,134548000,13:45:48,169850,161,3042,27288390,0,0,0
ni2207,20220218,20220218,134549000,13:45:49,169850,161,3042,27288390,0,0,0
ni2207,20220218,20220218,134550000,13:45:53,169850,161,3042,27288390,0,0,0
ni2207,20220218,20220218,134550500,13:45:54,169850,161,3042,27288390,0,0,0
ni2207,20220218,20220218,134552500,13:45:54,169850,161,3042,27288390,0,0,0
ni2207,20220218,20220218,134554000,13:45:55,169850,161,3042,27288390,0,0,0
ni2207,20220218,20220218,134554500,13:45:55,169850,161,3042,27288390,0,0,0
ni2207,20220218,20220218,134559500,13:46:01,169850,161,3042,27288390,0,0,0
ni2207,20220218,20220218,134606500,13:46:07,169850,161,3042,27288390,0,0,0
ni2207,20220218,20220218,134608000,13:46:09,169850,161,3042,27288390,0,0,0
ni2207,20220218,20220218,134608500,13:46:09,169850,161,3042,27288390,0,0,0
ni2207,20220218,20220218,134609000,13:46:09,169850,161,3042,27288390,0,0,0
ni2207,20220218,20220218,134609500,13:46:10,169850,161,3042,27288390,0,0,0
ni2207,20220218,20220218,134610000,13:46:11,169850,161,3042,27288390,0,0,0
ni2207,20220218,20220218,134610500,13:46:11,169850,161,3042,27288390,0,0,0
ni2207,20220218,20220218,134611500,13:46:11,169850,161,3042,27288390,0,0,0
ni2207,20220218,20220218,134614000,13:46:14,169850,161,3042,27288390,0,0,0
ni2207,20220218,20220218,134614500,13:46:15,169850,161,3042,27288390,0,0,0
ni2207,20220218,20220218,134615000,13:46:16,169850,161,3042,27288390,0,0,0
ni2207,20220218,20220218,134615500,13:46:17,169850,161,3042,27288390,0,0,0
ni2207,20220218,20220218,134616000,13:46:18,169850,161,3042,27288390,0,0,0
ni2207,20220218,20220218,134619500,13:46:19,169850,161,3042,27288390,0,0,0
ni2207,20220218,20220218,134620000,13:46:20,169850,161,3042,27288390,0,0,0
ni2207,20220218,20220218,134620500,13:46:21,169850,161,3042,27288390,0,0,0
ni2207,20220218,20220218,134621000,13:46:21,169850,161,3042,27288390,0,0,0
ni2207,20220218,20220218,134621500,13:46:29,169850,161,3042,27288390,0,0,0
ni2207,20220218,20220218,134623000,13:46:30,169850,161,3042,27288390,0,0,0
ni2207,20220218,20220218,134634500,13:46:35,169850,161,3042,27288390,0,0,0
ni2207,20220218,20220218,134635000,13:46:35,169850,161,3042,27288390,0,0,0
ni2207,20220218,20220218,134635500,13:46:36,169850,161,3042,27288390,0,0,0
ni2207,20220218,20220218,134647500,13:46:47,169850,161,3042,27288390,0,0,0
ni2207,20220218,20220218,134648000,13:46:48,169850,161,3042,27288390,0,0,0
ni2207,20220218,20220218,134648500,13:46:48,169850,161,3042,27288390,0,0,0
ni2207,20220218,20220218,134650500,13:46:51,169850,161,3042,27288390,0,0,0
ni2207,20220218,20220218,134653500,13:46:54,169850,161,3042,27288390,0,0,0
ni2207,20220218,20220218,134703500,13:47:03,169850,161,3042,27288390,0,0,0
ni2207,20220218,20220218,134756000,13:47:56,169850,161,3042,27288390,0,0,0
ni2207,20220218,20220218,134756500,13:47:56,169850,161,3042,27288390,0,0,0
ni2207,20220218,20220218,134802500,13:48:02,169850,161,3042,27288390,0,0,0
ni2207,20220218,20220218,134805500,13:48:05,169850,161,3042,27288390,0,0,0
ni2207,20220218,20220218,134806000,13:48:06,169850,161,3042,27288390,0,0,0
ni2207,20220218,20220218,134807000,13:48:07,169850,161,3042,27288390,0,0,0
ni2207,20220218,20220218,134817000,13:48:18,169850,161,3042,27288390,0,0,0
ni2207,20220218,20220218,134818000,13:48:19,169850,161,3042,27288390,0,0,0
ni2207,20220218,20220218,134819000,13:48:20,169850,161,3042,27288390,0,0,0
ni2207,20220218,20220218,134819500,13:48:21,169850,161,3042,27288390,0,0,0
ni2207,20220218,20220218,134823500,13:48:24,169850,161,3042,27288390,0,0,0
ni2207,20220218,20220218,134824000,13:48:24,169850,161,3042,27288390,0,0,0
ni2207,20220218,20220218,134834500,13:48:36,169850,161,3042,27288390,0,0,0
ni2207,20220218,20220218,134841500,13:48:42,169850,161,3042,27288390,0,0,0
ni2207,20220218,20220218,134842000,13:48:42,169850,161,3042,27288390,0,0,0
ni2207,20220218,20220218,134842500,13:48:42,169850,161,3042,27288390,0,0,0
ni2207,20220218,20220218,134843000,13:48:43,169850,161,3042,27288390,0,0,0
ni2207,20220218,20220218,134853000,13:48:54,169850,161,3042,27288390,0,0,0
ni2207,20220218,20220218,134853500,13:48:55,169850,161,3042,27288390,0,0,0
ni2207,20220218,20220218,134854500,13:48:56,169850,161,3042,27288390,0,0,0
ni2207,20220218,20220218,134855000,13:48:56,169850,161,3042,27288390,0,0,0
ni2207,20220218,20220218,134857500,13:48:57,169850,161,3042,27288390,0,0,0
ni2207,20220218,20220218,134901500,13:49:02,169850,161,3042,27288390,0,0,0
ni2207,20220218,20220218,134902000,13:49:02,169850,161,3042,27288390,0,0,0
ni2207,20220218,20220218,134903000,13:49:03,169850,161,3042,27288390,0,0,0
ni2207,20220218,20220218,134904000,13:49:04,169850,161,3042,27288390,0,0,0
ni2207,20220218,20220218,134909500,13:49:10,169850,161,3042,27288390,0,0,0
ni2207,20220218,20220218,134914000,13:49:14,169850,161,3042,27288390,0,0,0
ni2207,20220218,20220218,134931500,13:49:32,169850,161,3042,27288390,0,0,0
ni2207,20220218,20220218,134932000,13:49:32,169850,161,3042,27288390,0,0,0
ni2207,20220218,20220218,134940000,13:49:40,169850,161,3042,27288390,0,0,0
ni2207,20220218,20220218,134940500,13:49:40,169850,161,3042,27288390,0,0,0
ni2207,20220218,20220218,135001500,13:50:02,169850,161,3042,27288390,0,0,0
ni2207,20220218,20220218,135020000,13:50:27,169850,161,3042,27288390,0,0,0
ni2207,20220218,20220218,135034500,13:50:37,169850,161,3042,27288390,0,0,0
ni2207,20220218,20220218,135035000,13:50:37,169850,161,3042,27288390,0,0,0
ni2207,20220218,20220218,135035500,13:50:38,169850,161,3042,27288390,0,0,0
ni2207,20220218,20220218,135040000,13:50:40,169850,161,3042,27288390,0,0,0
ni2207,20220218,20220218,135040500,13:50:41,169850,161,3042,27288390,0,0,0
ni2207,20220218,20220218,135041500,13:50:42,169710,162,3042,27458100,1,0,169710
ni2207,20220218,20220218,135044000,13:50:45,169710,162,3042,27458100,0,0,0
ni2207,20220218,20220218,135046500,13:50:47,169710,162,3042,27458100,0,0,0
ni2207,20220218,20220218,135049000,13:50:49,169710,162,3042,27458100,0,0,0
ni2207,20220218,20220218,135050000,13:50:50,169710,162,3042,27458100,0,0,0
ni2207,20220218,20220218,135055500,13:50:56,169710,162,3042,27458100,0,0,0
ni2207,20220218,20220218,135056000,13:50:56,169710,162,3042,27458100,0,0,0
ni2207,20220218,20220218,135056500,13:50:57,169710,162,3042,27458100,0,0,0
ni2207,20220218,20220218,135058000,13:50:58,169710,162,3042,27458100,0,0,0
ni2207,20220218,20220218,135059500,13:51:00,169710,162,3042,27458100,0,0,0
ni2207,20220218,20220218,135100000,13:51:00,169710,162,3042,27458100,0,0,0
ni2207,20220218,20220218,135102500,13:51:02,169710,162,3042,27458100,0,0,0
ni2207,20220218,20220218,135103000,13:51:03,169710,162,3042,27458100,0,0,0
ni2207,20220218,20220218,135105000,13:51:05,169710,162,3042,27458100,0,0,0
ni2207,20220218,20220218,135119500,13:51:21,169710,162,3042,27458100,0,0,0
ni2207,20220218,20220218,135122500,13:51:23,169710,162,3042,27458100,0,0,0
ni2207,20220218,20220218,135123000,13:51:23,169710,162,3042,27458100,0,0,0
ni2207,20220218,20220218,135123500,13:51:24,169710,162,3042,27458100,0,0,0
ni2207,20220218,20220218,135124000,13:51:24,169710,162,3042,27458100,0,0,0
ni2207,20220218,20220218,135125000,13:51:25,169710,162,3042,27458100,0,0,0
ni2207,20220218,20220218,135203000,13:52:04,169710,162,3042,27458100,0,0,0
ni2207,20220218,20220218,135203500,13:52:04,169710,162,3042,27458100,0,0,0
ni2207,20220218,20220218,135204000,13:52:05,169710,162,3042,27458100,0,0,0
ni2207,20220218,20220218,135204500,13:52:05,169710,162,3042,27458100,0,0,0
ni2207,20220218,20220218,135205000,13:52:05,169710,162,3042,27458100,0,0,0
ni2207,20220218,20220218,135205500,13:52:06,169710,162,3042,27458100,0,0,0
ni2207,20220218,20220218,135206000,13:52:06,169710,162,3042,27458100,0,0,0
ni2207,20220218,20220218,135206500,13:52:08,169710,162,3042,27458100,0,0,0
ni2207,20220218,20220218,135207000,13:52:09,169710,162,3042,27458100,0,0,0
ni2207,20220218,20220218,135207500,13:52:10,169710,162,3042,27458100,0,0,0
ni2207,20220218,20220218,135208000,13:52:11,169710,162,3042,27458100,0,0,0
ni2207,20220218,20220218,135210000,13:52:11,169710,162,3042,27458100,0,0,0
ni2207,20220218,20220218,135210500,13:52:12,169710,162,3042,27458100,0,0,0
ni2207,20220218,20220218,135211000,13:52:12,169710,162,3042,27458100,0,0,0
ni2207,20220218,20220218,135212500,13:52:13,169710,162,3042,27458100,0,0,0
ni2207,20220218,20220218,135213000,13:52:13,169710,162,3042,27458100,0,0,0
ni2207,20220218,20220218,135214000,13:52:14,169710,162,3042,27458100,0,0,0
ni2207,20220218,20220218,135214500,13:52:15,169710,162,3042,27458100,0,0,0
ni2207,20220218,20220218,135215000,13:52:15,169710,162,3042,27458100,0,0,0
ni2207,20220218,20220218,135216000,13:52:16,169710,162,3042,27458100,0,0,0
ni2207,20220218,20220218,135216500,13:52:17,169710,162,3042,27458100,0,0,0
ni2207,20220218,20220218,135217000,13:52:17,169710,162,3042,27458100,0,0,0
ni2207,20220218,20220218,135217500,13:52:19,169710,162,3042,27458100,0,0,0
ni2207,20220218,20220218,135223500,13:52:24,169710,162,3042,27458100,0,0,0
ni2207,20220218,20220218,135227000,13:52:27,169710,162,3042,27458100,0,0,0
ni2207,20220218,20220218,135247500,13:52:48,169710,162,3042,27458100,0,0,0
ni2207,20220218,20220218,135248000,13:52:48,169710,162,3042,27458100,0,0,0
ni2207,20220218,20220218,135248500,13:52:49,169710,162,3042,27458100,0,0,0
ni2207,20220218,20220218,135254000,13:52:54,169710,162,3042,27458100,0,0,0
ni2207,20220218,20220218,135254500,13:52:54,169710,162,3042,27458100,0,0,0
ni2207,20220218,20220218,135255000,13:52:55,169710,162,3042,27458100,0,0,0
ni2207,20220218,20220218,135255500,13:52:55,169710,162,3042,27458100,0,0,0
ni2207,20220218,20220218,135257000,13:52:57,169710,162,3042,27458100,0,0,0
ni2207,20220218,20220218,135257500,13:52:57,169710,162,3042,27458100,0,0,0
ni2207,20220218,20220218,135301500,13:53:02,169710,162,3042,27458100,0,0,0
ni2207,20220218,20220218,135302000,13:53:02,169710,162,3042,27458100,0,0,0
ni2207,20220218,20220218,135302500,13:53:03,169710,162,3042,27458100,0,0,0
ni2207,20220218,20220218,135308500,13:53:09,169710,162,3042,27458100,0,0,0
ni2207,20220218,20220218,135309000,13:53:09,169710,162,3042,27458100,0,0,0
ni2207,20220218,20220218,135309500,13:53:09,169710,162,3042,27458100,0,0,0
ni2207,20220218,20220218,135310000,13:53:10,169710,162,3042,27458100,0,0,0
ni2207,20220218,20220218,135311000,13:53:11,169710,162,3042,27458100,0,0,0
ni2207,20220218,20220218,135313500,13:53:13,169710,162,3042,27458100,0,0,0
ni2207,20220218,20220218,135314000,13:53:14,169710,162,3042,27458100,0,0,0
ni2207,20220218,20220218,135316000,13:53:16,169710,162,3042,27458100,0,0,0
ni2207,20220218,20220218,135317000,13:53:20,169710,162,3042,27458100,0,0,0
ni2207,20220218,20220218,135317500,13:53:20,169710,162,3042,27458100,0,0,0
ni2207,20220218,20220218,135325000,13:53:26,169710,162,3042,27458100,0,0,0
ni2207,20220218,20220218,135336500,13:53:44,169710,162,3042,27458100,0,0,0
ni2207,20220218,20220218,135337000,13:53:45,169710,162,3042,27458100,0,0,0
ni2207,20220218,20220218,135344000,13:53:45,169710,162,3042,27458100,0,0,0
ni2207,20220218,20220218,135344500,13:53:46,169710,162,3042,27458100,0,0,0
ni2207,20220218,20220218,135345000,13:53:46,169710,162,3042,27458100,0,0,0
ni2207,20220218,20220218,135349000,13:53:49,169710,162,3042,27458100,0,0,0
ni2207,20220218,20220218,135350500,13:53:52,169710,162,3042,27458100,0,0,0
ni2207,20220218,20220218,135351000,13:53:53,169710,162,3042,27458100,0,0,0
ni2207,20220218,20220218,135351500,13:53:53,169710,162,3042,27458100,0,0,0
ni2207,20220218,20220218,135352500,13:53:53,169710,162,3042,27458100,0,0,0
ni2207,20220218,20220218,135353500,13:53:53,169710,162,3042,27458100,0,0,0
ni2207,20220218,20220218,135412500,13:54:13,169710,162,3042,27458100,0,0,0
ni2207,20220218,20220218,135413500,13:54:14,169710,162,3042,27458100,0,0,0
ni2207,20220218,20220218,135415000,13:54:15,169710,162,3042,27458100,0,0,0
ni2207,20220218,20220218,135417000,13:54:17,169710,162,3042,27458100,0,0,0
ni2207,20220218,20220218,135417500,13:54:18,169710,162,3042,27458100,0,0,0
ni2207,20220218,20220218,135420000,13:54:20,169710,162,3042,27458100,0,0,0
ni2207,20220218,20220218,135420500,13:54:21,169710,162,3042,27458100,0,0,0
ni2207,20220218,20220218,135421000,13:54:21,169710,162,3042,27458100,0,0,0
ni2207,20220218,20220218,135421500,13:54:21,169710,162,3042,27458100,0,0,0
ni2207,20220218,20220218,135422000,13:54:22,169710,162,3042,27458100,0,0,0
ni2207,20220218,20220218,135423500,13:54:23,169710,162,3042,27458100,0,0,0
ni2207,20220218,20220218,135425000,13:54:26,169710,162,3042,27458100,0,0,0
ni2207,20220218,20220218,135426000,13:54:26,169710,162,3042,27458100,0,0,0
ni2207,20220218,20220218,135426500,13:54:27,169710,162,3042,27458100,0,0,0
ni2207,20220218,20220218,135427000,13:54:28,169710,162,3042,27458100,0,0,0
ni2207,20220218,20220218,135428000,13:54:30,169710,162,3042,27458100,0,0,0
ni2207,20220218,20220218,135430000,13:54:31,169710,162,3042,27458100,0,0,0
ni2207,20220218,20220218,135430500,13:54:32,169710,162,3042,27458100,0,0,0
ni2207,20220218,20220218,135431000,13:54:32,169710,162,3042,27458100,0,0,0
ni2207,20220218,20220218,135431500,13:54:32,169710,162,3042,27458100,0,0,0
ni2207,20220218,20220218,135432000,13:54:32,169710,162,3042,27458100,0,0,0
ni2207,20220218,20220218,135435500,13:54:35,169710,162,3042,27458100,0,0,0
ni2207,20220218,20220218,135436000,13:54:36,169710,162,3042,27458100,0,0,0
ni2207,20220218,20220218,135437500,13:54:37,169710,162,3042,27458100,0,0,0
ni2207,20220218,20220218,135440000,13:54:40,169710,162,3042,27458100,0,0,0
ni2207,20220218,20220218,135441500,13:54:42,169710,162,3042,27458100,0,0,0
ni2207,20220218,20220218,135446000,13:54:46,169710,162,3042,27458100,0,0,0
ni2207,20220218,20220218,135449500,13:54:50,169710,162,3042,27458100,0,0,0
ni2207,20220218,20220218,135450000,13:54:50,169710,162,3042,27458100,0,0,0
ni2207,20220218,20220218,135450500,13:54:50,169710,162,3042,27458100,0,0,0
ni2207,20220218,20220218,135451000,13:54:51,169710,162,3042,27458100,0,0,0
ni2207,20220218,20220218,135451500,13:54:51,169710,162,3042,27458100,0,0,0
ni2207,20220218,20220218,135452500,13:54:52,169710,162,3042,27458100,0,0,0
ni2207,20220218,20220218,135453000,13:54:53,170100,163,3043,27628200,1,1,170100
ni2207,20220218,20220218,135453500,13:54:54,170100,163,3043,27628200,0,0,0
ni2207,20220218,20220218,135454000,13:54:54,170100,163,3043,27628200,0,0,0
ni2207,20220218,20220218,135454500,13:54:55,170100,163,3043,27628200,0,0,0
ni2207,20220218,20220218,135455000,13:54:55,170100,163,3043,27628200,0,0,0
ni2207,20220218,20220218,135455500,13:54:55,170100,163,3043,27628200,0,0,0
ni2207,20220218,20220218,135456000,13:54:56,170100,163,3043,27628200,0,0,0
ni2207,20220218,20220218,135456500,13:54:56,170100,163,3043,27628200,0,0,0
ni2207,20220218,20220218,135457000,13:54:57,170100,163,3043,27628200,0,0,0
ni2207,20220218,20220218,135457500,13:54:58,170100,163,3043,27628200,0,0,0
ni2207,20220218,20220218,135458000,13:54:58,170100,163,3043,27628200,0,0,0
ni2207,20220218,20220218,135458500,13:54:59,170100,163,3043,27628200,0,0,0
ni2207,20220218,20220218,135459000,13:54:59,170100,163,3043,27628200,0,0,0
ni2207,20220218,20220218,135504000,13:55:05,170100,163,3043,27628200,0,0,0
ni2207,20220218,20220218,135505500,13:55:06,170100,163,3043,27628200,0,0,0
ni2207,20220218,20220218,135506000,13:55:06,170100,163,3043,27628200,0,0,0
ni2207,20220218,20220218,135506500,13:55:06,170100,163,3043,27628200,0,0,0
ni2207,20220218,20220218,135507000,13:55:11,170100,163,3043,27628200,0,0,0
ni2207,20220218,20220218,135509000,13:55:12,170100,163,3043,27628200,0,0,0
ni2207,20220218,20220218,135512500,13:55:13,170100,163,3043,27628200,0,0,0
ni2207,20220218,20220218,135516500,13:55:20,170100,163,3043,27628200,0,0,0
ni2207,20220218,20220218,135517000,13:55:21,170100,163,3043,27628200,0,0,0
ni2207,20220218,20220218,135517500,13:55:21,170100,163,3043,27628200,0,0,0
ni2207,20220218,20220218,135524500,13:55:25,170100,163,3043,27628200,0,0,0
ni2207,20220218,20220218,135525500,13:55:27,170100,163,3043,27628200,0,0,0
ni2207,20220218,20220218,135526000,13:55:27,170100,163,3043,27628200,0,0,0
ni2207,20220218,20220218,135529000,13:55:29,170100,163,3043,27628200,0,0,0
ni2207,20220218,20220218,135531500,13:55:32,170100,163,3043,27628200,0,0,0
ni2207,20220218,20220218,135532000,13:55:32,170100,163,3043,27628200,0,0,0
ni2207,20220218,20220218,135532500,13:55:32,170100,163,3043,27628200,0,0,0
ni2207,20220218,20220218,135533000,13:55:33,170100,163,3043,27628200,0,0,0
ni2207,20220218,20220218,135535000,13:55:35,170100,163,3043,27628200,0,0,0
ni2207,20220218,20220218,135536000,13:55:37,170100,163,3043,27628200,0,0,0
ni2207,20220218,20220218,135538000,13:55:38,170100,163,3043,27628200,0,0,0
ni2207,20220218,20220218,135538500,13:55:39,170100,163,3043,27628200,0,0,0
ni2207,20220218,20220218,135539500,13:55:40,170100,163,3043,27628200,0,0,0
ni2207,20220218,20220218,135540000,13:55:40,170100,163,3043,27628200,0,0,0
ni2207,20220218,20220218,135540500,13:55:41,170100,163,3043,27628200,0,0,0
ni2207,20220218,20220218,135541500,13:55:41,170100,163,3043,27628200,0,0,0
ni2207,20220218,20220218,135542000,13:55:42,170100,163,3043,27628200,0,0,0
ni2207,20220218,20220218,135543000,13:55:45,170100,163,3043,27628200,0,0,0
ni2207,20220218,20220218,135545000,13:55:45,170100,163,3043,27628200,0,0,0
ni2207,20220218,20220218,135545500,13:55:46,170100,163,3043,27628200,0,0,0
ni2207,20220218,20220218,135549500,13:55:50,170100,163,3043,27628200,0,0,0
ni2207,20220218,20220218,135554500,13:55:55,170100,163,3043,27628200,0,0,0
ni2207,20220218,20220218,135555000,13:55:55,170100,163,3043,27628200,0,0,0
ni2207,20220218,20220218,135555500,13:55:57,170100,163,3043,27628200,0,0,0
ni2207,20220218,20220218,135556000,13:55:57,170100,163,3043,27628200,0,0,0
ni2207,20220218,20220218,135618500,13:56:23,170100,163,3043,27628200,0,0,0
ni2207,20220218,20220218,135621000,13:56:24,170100,163,3043,27628200,0,0,0
ni2207,20220218,20220218,135628500,13:56:35,170100,163,3043,27628200,0,0,0
ni2207,20220218,20220218,135647000,13:56:48,170100,163,3043,27628200,0,0,0
ni2207,20220218,20220218,135653500,13:56:53,170100,163,3043,27628200,0,0,0
ni2207,20220218,20220218,135700000,13:57:01,170100,163,3043,27628200,0,0,0
ni2207,20220218,20220218,135702500,13:57:02,170100,163,3043,27628200,0,0,0
