ni2204,20220218,20220218,112003000,11:20:03,0,0,0,0,0,0,0
ni2204,20220218,20220218,112002700,11:20:04,175750,114726,77812,20020548240,114726,77812,20020548240
ni2204,20220218,20220218,112004500,11:20:09,175750,114731,77809,20021427090,5,-3,878850
ni2204,20220218,20220218,112006000,11:20:10,175800,114735,77810,20022130260,4,1,703170
ni2204,20220218,20220218,112006500,11:20:10,175800,114736,77809,20022306060,1,-1,175800
ni2204,20220218,20220218,112007000,11:20:10,175800,114737,77810,20022481860,1,1,175800
ni2204,20220218,20220218,112007500,11:20:10,175800,114737,77810,20022481860,0,0,0
ni2204,20220218,20220218,112008000,11:20:10,175800,114737,77810,20022481860,0,0,0
ni2204,20220218,20220218,112008500,11:20:10,175800,114737,77810,20022481860,0,0,0
ni2204,20220218,20220218,112009000,11:20:10,175800,114737,77810,20022481860,0,0,0
ni2204,20220218,20220218,112009500,11:20:10,175770,114738,77810,20022657630,1,0,175770
ni2204,20220218,20220218,112010000,11:20:10,175770,114738,77810,20022657630,0,0,0
ni2204,20220218,20220218,112010500,11:20:10,175770,114738,77810,20022657630,0,0,0
ni2204,20220218,20220218,112011000,11:20:11,175770,114738,77810,20022657630,0,0,0
ni2204,20220218,20220218,112011500,11:20:12,175770,114738,77810,20022657630,0,0,0
ni2204,20220218,20220218,112012000,11:20:12,175770,114738,77810,20022657630,0,0,0
ni2204,20220218,20220218,112012500,11:20:12,175770,114738,77810,20022657630,0,0,0
ni2204,20220218,20220218,112013000,11:20:13,175770,114738,77810,20022657630,0,0,0
ni2204,20220218,20220218,112013500,11:20:13,175760,114740,77810,20023009160,2,0,351530
ni2204,20220218,20220218,112014000,11:20:14,175760,114740,77810,20023009160,0,0,0
ni2204,20220218,20220218,112014500,11:20:14,175760,114740,77810,20023009160,0,0,0
ni2204,20220218,20220218,112015000,11:20:15,175760,114740,77810,20023009160,0,0,0
ni2204,20220218,20220218,112015500,11:20:16,175760,114740,77810,20023009160,0,0,0
ni2204,20220218,20220218,112016000,11:20:16,175760,114740,77810,20023009160,0,0,0
ni2204,20220218,20220218,112016500,11:20:16,175760,114740,77810,20023009160,0,0,0
ni2204,20220218,20220218,112017000,11:20:17,175760,114742,77808,20023360680,2,-2,351520
ni2204,20220218,20220218,112017500,11:20:17,175760,114745,77806,20023887960,3,-2,527280
ni2204,20220218,20220218,112018000,11:20:18,175760,114745,77806,20023887960,0,0,0
ni2204,20220218,20220218,112018500,11:20:18,175760,114745,77806,20023887960,0,0,0
ni2204,20220218,20220218,112019000,11:20:19,175760,114745,77806,20023887960,0,0,0
ni2204,20220218,20220218,112019500,11:20:20,175760,114745,77806,20023887960,0,0,0
ni2204,20220218,20220218,112020000,11:20:20,175780,114746,77805,20024063740,1,-1,175780
ni2204,20220218,20220218,112020500,11:20:21,175780,114746,77805,20024063740,0,0,0
ni2204,20220218,20220218,112021000,11:20:21,175780,114746,77805,20024063740,0,0,0
ni2204,20220218,20220218,112021500,11:20:21,175780,114746,77805,20024063740,0,0,0
ni2204,20220218,20220218,112022000,11:20:22,175780,114746,77805,20024063740,0,0,0
ni2204,20220218,20220218,112022500,11:20:23,175760,114747,77804,20024239500,1,-1,175760
ni2204,20220218,20220218,112023000,11:20:23,175760,114747,77804,20024239500,0,0,0
ni2204,20220218,20220218,112023500,11:20:23,175760,114747,77804,20024239500,0,0,0
ni2204,20220218,20220218,112024000,11:20:24,175760,114747,77804,20024239500,0,0,0
ni2204,20220218,20220218,112024500,11:20:24,175760,114747,77804,20024239500,0,0,0
ni2204,20220218,20220218,112025000,11:20:25,175760,114747,77804,20024239500,0,0,0
ni2204,20220218,20220218,112025500,11:20:25,175760,114747,77804,20024239500,0,0,0
ni2204,20220218,20220218,112026000,11:20:26,175760,114747,77804,20024239500,0,0,0
ni2204,20220218,20220218,112026500,11:20:26,175780,114748,77804,20024415280,1,0,175780
ni2204,20220218,20220218,112027000,11:20:27,175760,114751,77805,20024942580,3,1,527300
ni2204,20220218,20220218,112027500,11:20:28,175760,114751,77805,20024942580,0,0,0
ni2204,20220218,20220218,112028000,11:20:28,175760,114751,77805,20024942580,0,0,0
ni2204,20220218,20220218,112028500,11:20:28,175760,114751,77805,20024942580,0,0,0
ni2204,20220218,20220218,112029000,11:20:29,175750,114754,77802,20025469830,3,-3,527250
ni2204,20220218,20220218,112029500,11:20:30,175730,114757,77802,20025997020,3,0,527190
ni2204,20220218,20220218,112030000,11:20:31,175730,114757,77802,20025997020,0,0,0
ni2204,20220218,20220218,112030500,11:20:31,175720,114760,77799,20026524180,3,-3,527160
ni2204,20220218,20220218,112031000,11:20:32,175700,114762,77797,20026875590,2,-2,351410
ni2204,20220218,20220218,112031500,11:20:32,175680,114774,77789,20028983950,12,-8,2108360
ni2204,20220218,20220218,112032000,11:20:32,175670,114776,77789,20029335290,2,0,351340
ni2204,20220218,20220218,112032500,11:20:32,175660,114777,77790,20029510950,1,1,175660
ni2204,20220218,20220218,112033000,11:20:33,175660,114778,77791,20029686610,1,1,175660
ni2204,20220218,20220218,112033500,11:20:33,175660,114779,77791,20029862270,1,0,175660
ni2204,20220218,20220218,112034000,11:20:34,175660,114780,77790,20030037930,1,-1,175660
ni2204,20220218,20220218,112034500,11:20:35,175630,114781,77790,20030213560,1,0,175630
ni2204,20220218,20220218,112035000,11:20:35,175630,114781,77790,20030213560,0,0,0
ni2204,20220218,20220218,112035500,11:20:35,175640,114784,77788,20030740430,3,-2,526870
ni2204,20220218,20220218,112036000,11:20:36,175620,114785,77787,20030916050,1,-1,175620
ni2204,20220218,20220218,112036500,11:20:37,175600,114786,77786,20031091650,1,-1,175600
ni2204,20220218,20220218,112037000,11:20:37,175580,114790,77783,20031794010,4,-3,702360
ni2204,20220218,20220218,112037500,11:20:38,175580,114796,77782,20032847490,6,-1,1053480
ni2204,20220218,20220218,112038000,11:20:38,175580,114796,77782,20032847490,0,0,0
ni2204,20220218,20220218,112038500,11:20:38,175600,114835,77794,20039694370,39,12,6846880
ni2204,20220218,20220218,112039000,11:20:39,175600,114857,77808,20043557570,22,14,3863200
ni2204,20220218,20220218,112039500,11:20:40,175600,114858,77808,20043733170,1,0,175600
ni2204,20220218,20220218,112040000,11:20:40,175570,114866,77809,20045137800,8,1,1404630
ni2204,20220218,20220218,112040500,11:20:41,175600,114873,77806,20046367010,7,-3,1229210
ni2204,20220218,20220218,112041000,11:20:41,175620,114896,77820,20050406270,23,14,4039260
ni2204,20220218,20220218,112041500,11:20:41,175640,114898,77820,20050757550,2,0,351280
ni2204,20220218,20220218,112042000,11:20:42,175660,114904,77820,20051811400,6,0,1053850
ni2204,20220218,20220218,112042500,11:20:42,175660,114904,77820,20051811400,0,0,0
ni2204,20220218,20220218,112043000,11:20:43,175670,114905,77820,20051987070,1,0,175670
ni2204,20220218,20220218,112043500,11:20:44,175670,114905,77820,20051987070,0,0,0
ni2204,20220218,20220218,112044000,11:20:44,175670,114905,77820,20051987070,0,0,0
ni2204,20220218,20220218,112044500,11:20:45,175670,114905,77820,20051987070,0,0,0
ni2204,20220218,20220218,112045000,11:20:45,175640,114915,77819,20053743620,10,-1,1756550
ni2204,20220218,20220218,112045500,11:20:46,175660,114918,77817,20054270570,3,-2,526950
ni2204,20220218,20220218,112046000,11:20:46,175670,114919,77816,20054446240,1,-1,175670
ni2204,20220218,20220218,112046500,11:20:46,175670,114919,77816,20054446240,0,0,0
ni2204,20220218,20220218,112047000,11:20:47,175690,114922,77816,20054973290,3,0,527050
ni2204,20220218,20220218,112047500,11:20:48,175690,114924,77817,20055324670,2,1,351380
ni2204,20220218,20220218,112048000,11:20:48,175690,114924,77817,20055324670,0,0,0
ni2204,20220218,20220218,112048500,11:20:50,175710,114926,77815,20055676090,2,-2,351420
ni2204,20220218,20220218,112049000,11:20:50,175690,114928,77814,20056027500,2,-1,351410
ni2204,20220218,20220218,112049500,11:20:50,175700,114929,77814,20056203200,1,0,175700
ni2204,20220218,20220218,112050500,11:20:51,175730,114938,77808,20057784700,9,-6,1581500
ni2204,20220218,20220218,112051000,11:20:51,175700,114943,77805,20058663320,5,-3,878620
ni2204,20220218,20220218,112051500,11:20:52,175710,114944,77804,20058839030,1,-1,175710
ni2204,20220218,20220218,112052000,11:20:53,175720,114945,77803,20059014750,1,-1,175720
ni2204,20220218,20220218,112052500,11:20:53,175720,114945,77803,20059014750,0,0,0
ni2204,20220218,20220218,112053000,11:20:53,175720,114945,77803,20059014750,0,0,0
ni2204,20220218,20220218,112053500,11:20:53,175720,114948,77802,20059541900,3,-1,527150
ni2204,20220218,20220218,112054000,11:20:54,175720,114950,77802,20059893340,2,0,351440
ni2204,20220218,20220218,112054500,11:20:55,175700,114951,77802,20060069040,1,0,175700
ni2204,20220218,20220218,112055000,11:20:55,175700,114951,77802,20060069040,0,0,0
ni2204,20220218,20220218,112055500,11:20:56,175700,114951,77802,20060069040,0,0,0
ni2204,20220218,20220218,112056000,11:20:56,175730,114952,77801,20060244770,1,-1,175730
ni2204,20220218,20220218,112056500,11:20:56,175730,114957,77798,20061123420,5,-3,878650
ni2204,20220218,20220218,112057000,11:20:58,175750,114964,77796,20062353720,7,-2,1230300
ni2204,20220218,20220218,112057500,11:20:58,175750,114964,77796,20062353720,0,0,0
ni2204,20220218,20220218,112058000,11:20:58,175780,114969,77795,20063232580,5,-1,878860
ni2204,20220218,20220218,112058500,11:20:59,175770,114971,77795,20063584120,2,0,351540
ni2204,20220218,20220218,112059000,11:21:00,175800,114973,77794,20063935720,2,-1,351600
ni2204,20220218,20220218,112059500,11:21:00,175800,114973,77794,20063935720,0,0,0
ni2204,20220218,20220218,112100000,11:21:00,175800,114973,77794,20063935720,0,0,0
ni2204,20220218,20220218,112100500,11:21:01,175770,114974,77793,20064111490,1,-1,175770
ni2204,20220218,20220218,112101000,11:21:01,175770,114974,77793,20064111490,0,0,0
ni2204,20220218,20220218,112101500,11:21:02,175730,114979,77790,20064990190,5,-3,878700
ni2204,20220218,20220218,112102000,11:21:03,175760,114982,77791,20065517420,3,1,527230
ni2204,20220218,20220218,112102500,11:21:03,175800,114985,77790,20066044760,3,-1,527340
ni2204,20220218,20220218,112103000,11:21:03,175740,114991,77790,20067099200,6,0,1054440
ni2204,20220218,20220218,112103500,11:21:04,175740,114991,77790,20067099200,0,0,0
ni2204,20220218,20220218,112104000,11:21:04,175730,114999,77788,20068505040,8,-2,1405840
ni2204,20220218,20220218,112104500,11:21:05,175680,115016,77776,20071491850,17,-12,2986810
ni2204,20220218,20220218,112105000,11:21:06,175670,115025,77779,20073072880,9,3,1581030
ni2204,20220218,20220218,112105500,11:21:07,175660,115040,77781,20075707800,15,2,2634920
ni2204,20220218,20220218,112106000,11:21:07,175690,115041,77780,20075883490,1,-1,175690
ni2204,20220218,20220218,112106500,11:21:08,175660,115043,77779,20076234830,2,-1,351340
ni2204,20220218,20220218,112107000,11:21:09,175650,115045,77780,20076586140,2,1,351310
ni2204,20220218,20220218,112107500,11:21:10,175650,115045,77780,20076586140,0,0,0
ni2204,20220218,20220218,112108000,11:21:10,175660,115046,77780,20076761800,1,0,175660
ni2204,20220218,20220218,112110000,11:21:10,175660,115050,77778,20077464500,4,-2,702700
ni2204,20220218,20220218,112110500,11:21:11,175660,115050,77778,20077464500,0,0,0
ni2204,20220218,20220218,112111000,11:21:11,175660,115050,77778,20077464500,0,0,0
ni2204,20220218,20220218,112111500,11:21:12,175660,115050,77778,20077464500,0,0,0
ni2204,20220218,20220218,112112000,11:21:12,175660,115050,77778,20077464500,0,0,0
ni2204,20220218,20220218,112112500,11:21:13,175660,115050,77778,20077464500,0,0,0
ni2204,20220218,20220218,112113000,11:21:13,175660,115050,77778,20077464500,0,0,0
ni2204,20220218,20220218,112113500,11:21:13,175660,115050,77778,20077464500,0,0,0
ni2204,20220218,20220218,112114000,11:21:14,175660,115050,77778,20077464500,0,0,0
ni2204,20220218,20220218,112114500,11:21:14,175660,115050,77778,20077464500,0,0,0
ni2204,20220218,20220218,112115000,11:21:15,175640,115056,77776,20078518380,6,-2,1053880
ni2204,20220218,20220218,112115500,11:21:15,175690,115058,77776,20078869730,2,0,351350
ni2204,20220218,20220218,112116000,11:21:16,175690,115058,77776,20078869730,0,0,0
ni2204,20220218,20220218,112116500,11:21:17,175700,115060,77776,20079221120,2,0,351390
ni2204,20220218,20220218,112117000,11:21:17,175700,115060,77776,20079221120,0,0,0
ni2204,20220218,20220218,112117500,11:21:18,175710,115062,77778,20079572540,2,2,351420
ni2204,20220218,20220218,112118000,11:21:18,175730,115070,77784,20080978310,8,6,1405770
ni2204,20220218,20220218,112118500,11:21:18,175710,115072,77784,20081329730,2,0,351420
ni2204,20220218,20220218,112119000,11:21:19,175710,115073,77784,20081505440,1,0,175710
ni2204,20220218,20220218,112119500,11:21:19,175710,115073,77784,20081505440,0,0,0
ni2204,20220218,20220218,112120000,11:21:21,175750,115075,77784,20081856940,2,0,351500
ni2204,20220218,20220218,112120500,11:21:21,175700,115082,77782,20083086910,7,-2,1229970
ni2204,20220218,20220218,112121000,11:21:22,175710,115085,77780,20083614040,3,-2,527130
ni2204,20220218,20220218,112121500,11:21:22,175710,115087,77780,20083965460,2,0,351420
ni2204,20220218,20220218,112122000,11:21:22,175710,115087,77780,20083965460,0,0,0
ni2204,20220218,20220218,112122500,11:21:22,175680,115088,77779,20084141140,1,-1,175680
ni2204,20220218,20220218,112123000,11:21:23,175680,115088,77779,20084141140,0,0,0
ni2204,20220218,20220218,112123500,11:21:23,175680,115088,77779,20084141140,0,0,0
ni2204,20220218,20220218,112124000,11:21:24,175680,115088,77779,20084141140,0,0,0
ni2204,20220218,20220218,112124500,11:21:25,175680,115088,77779,20084141140,0,0,0
ni2204,20220218,20220218,112125000,11:23:32,175670,115089,77779,20084316810,1,0,175670
ni2204,20220218,20220218,112125500,11:23:32,175680,115090,77779,20084492490,1,0,175680
ni2204,20220218,20220218,112126000,11:23:33,175700,115095,77782,20085370910,5,3,878420
ni2204,20220218,20220218,112126500,11:23:33,175700,115095,77782,20085370910,0,0,0
ni2204,20220218,20220218,112332500,11:23:33,175700,115095,77782,20085370910,0,0,0
ni2204,20220218,20220218,112333000,11:23:33,175700,115095,77782,20085370910,0,0,0
ni2204,20220218,20220218,112333500,11:23:33,175700,115362,77764,20132296270,267,-18,46925360
ni2204,20220218,20220218,112334000,11:23:34,175700,115362,77764,20132296270,0,0,0
ni2204,20220218,20220218,112334500,11:23:34,175700,115362,77764,20132296270,0,0,0
ni2204,20220218,20220218,112335000,11:23:35,175700,115362,77764,20132296270,0,0,0
ni2204,20220218,20220218,112335500,11:23:35,175700,115362,77764,20132296270,0,0,0
ni2204,20220218,20220218,112336000,11:23:36,175700,115362,77764,20132296270,0,0,0
ni2204,20220218,20220218,112336500,11:23:38,175700,115362,77764,20132296270,0,0,0
ni2204,20220218,20220218,112337000,11:23:38,175700,115362,77764,20132296270,0,0,0
ni2204,20220218,20220218,112337500,11:23:38,175680,115363,77763,20132471950,1,-1,175680
ni2204,20220218,20220218,112338000,11:23:38,175670,115366,77762,20132998980,3,-1,527030
ni2204,20220218,20220218,112338500,11:23:38,175670,115366,77762,20132998980,0,0,0
ni2204,20220218,20220218,112339000,11:23:39,175670,115366,77762,20132998980,0,0,0
ni2204,20220218,20220218,112339500,11:23:39,175670,115366,77762,20132998980,0,0,0
ni2204,20220218,20220218,112340000,11:23:40,175670,115366,77762,20132998980,0,0,0
ni2204,20220218,20220218,112340500,11:23:40,175700,115367,77761,20133174680,1,-1,175700
ni2204,20220218,20220218,112341000,11:23:41,175660,115369,77760,20133526040,2,-1,351360
ni2204,20220218,20220218,112341500,11:23:42,175660,115369,77760,20133526040,0,0,0
ni2204,20220218,20220218,112342000,11:23:42,175660,115369,77760,20133526040,0,0,0
ni2204,20220218,20220218,112342500,11:23:42,175660,115369,77760,20133526040,0,0,0
ni2204,20220218,20220218,112343000,11:23:43,175710,115370,77760,20133701750,1,0,175710
ni2204,20220218,20220218,112343500,11:23:43,175710,115370,77760,20133701750,0,0,0
ni2204,20220218,20220218,112344000,11:23:45,175710,115374,77764,20134404590,4,4,702840
ni2204,20220218,20220218,112344500,11:23:48,175720,115377,77766,20134931750,3,2,527160
ni2204,20220218,20220218,112345000,11:23:48,175720,115377,77766,20134931750,0,0,0
ni2204,20220218,20220218,112345500,11:23:48,175710,115378,77766,20135107460,1,0,175710
ni2204,20220218,20220218,112348000,11:23:48,175750,115380,77766,20135458950,2,0,351490
ni2204,20220218,20220218,112348500,11:23:49,175750,115381,77765,20135634700,1,-1,175750
ni2204,20220218,20220218,112349000,11:23:49,175750,115382,77764,20135810450,1,-1,175750
ni2204,20220218,20220218,112349500,11:23:50,175750,115382,77764,20135810450,0,0,0
ni2204,20220218,20220218,112350000,11:23:50,175750,115382,77764,20135810450,0,0,0
ni2204,20220218,20220218,112350500,11:23:50,175750,115382,77764,20135810450,0,0,0
ni2204,20220218,20220218,112351000,11:23:51,175750,115382,77764,20135810450,0,0,0
ni2204,20220218,20220218,112351500,11:23:51,175750,115382,77764,20135810450,0,0,0
ni2204,20220218,20220218,112352000,11:23:52,175750,115382,77764,20135810450,0,0,0
ni2204,20220218,20220218,112352500,11:23:52,175710,115383,77764,20135986160,1,0,175710
ni2204,20220218,20220218,112353000,11:23:53,175710,115383,77764,20135986160,0,0,0
ni2204,20220218,20220218,112353500,11:23:53,175710,115383,77764,20135986160,0,0,0
ni2204,20220218,20220218,112354000,11:23:54,175710,115383,77764,20135986160,0,0,0
ni2204,20220218,20220218,112354500,11:23:55,175710,115383,77764,20135986160,0,0,0
ni2204,20220218,20220218,112355000,11:23:55,175710,115383,77764,20135986160,0,0,0
ni2204,20220218,20220218,112355500,11:23:55,175740,115385,77764,20136337580,2,0,351420
ni2204,20220218,20220218,112356000,11:23:56,175710,115386,77764,20136513290,1,0,175710
ni2204,20220218,20220218,112356500,11:23:56,175720,115389,77762,20137040400,3,-2,527110
ni2204,20220218,20220218,112357000,11:23:57,175720,115389,77762,20137040400,0,0,0
ni2204,20220218,20220218,112357500,11:23:57,175720,115389,77762,20137040400,0,0,0
ni2204,20220218,20220218,112358000,11:23:58,175720,115389,77762,20137040400,0,0,0
ni2204,20220218,20220218,112358500,11:23:58,175720,115391,77762,20137391840,2,0,351440
ni2204,20220218,20220218,112359000,11:23:59,175720,115391,77762,20137391840,0,0,0
ni2204,20220218,20220218,112359500,11:23:59,175720,115391,77762,20137391840,0,0,0
ni2204,20220218,20220218,112400000,11:24:00,175710,115392,77762,20137567550,1,0,175710
ni2204,20220218,20220218,112400500,11:24:00,175710,115392,77762,20137567550,0,0,0
ni2204,20220218,20220218,112401000,11:24:01,175680,115393,77761,20137743230,1,-1,175680
ni2204,20220218,20220218,112401500,11:24:01,175730,115394,77760,20137918960,1,-1,175730
ni2204,20220218,20220218,112402000,11:24:02,175730,115394,77760,20137918960,0,0,0
ni2204,20220218,20220218,112402500,11:24:02,175730,115394,77760,20137918960,0,0,0
ni2204,20220218,20220218,112403000,11:24:03,175730,115394,77760,20137918960,0,0,0
ni2204,20220218,20220218,112403500,11:24:04,175730,115394,77760,20137918960,0,0,0
ni2204,20220218,20220218,112404000,11:24:04,175730,115394,77760,20137918960,0,0,0
ni2204,20220218,20220218,112404500,11:24:04,175730,115394,77760,20137918960,0,0,0
ni2204,20220218,20220218,112405000,11:24:05,175690,115396,77759,20138270350,2,-1,351390
ni2204,20220218,20220218,112405500,11:24:05,175690,115396,77759,20138270350,0,0,0
ni2204,20220218,20220218,112406000,11:24:06,175690,115396,77759,20138270350,0,0,0
ni2204,20220218,20220218,112406500,11:24:06,175690,115396,77759,20138270350,0,0,0
ni2204,20220218,20220218,112407000,11:24:07,175690,115396,77759,20138270350,0,0,0
ni2204,20220218,20220218,112407500,11:24:08,175690,115396,77759,20138270350,0,0,0
ni2204,20220218,20220218,112408000,11:24:08,175690,115396,77759,20138270350,0,0,0
ni2204,20220218,20220218,112408500,11:24:08,175680,115401,77755,20139148750,5,-4,878400
ni2204,20220218,20220218,112409000,11:24:11,175680,115401,77755,20139148750,0,0,0
ni2204,20220218,20220218,112409500,11:24:11,175680,115401,77755,20139148750,0,0,0
ni2204,20220218,20220218,112410000,11:24:12,175680,115401,77755,20139148750,0,0,0
ni2204,20220218,20220218,112410500,11:24:12,175680,115401,77755,20139148750,0,0,0
ni2204,20220218,20220218,112411000,11:24:12,175680,115408,77749,20140378500,7,-6,1229750
ni2204,20220218,20220218,112411500,11:24:12,175640,115419,77744,20142310710,11,-5,1932210
ni2204,20220218,20220218,112412000,11:24:12,175640,115419,77744,20142310710,0,0,0
ni2204,20220218,20220218,112412500,11:24:13,175640,115419,77744,20142310710,0,0,0
ni2204,20220218,20220218,112413000,11:24:13,175640,115422,77742,20142837610,3,-2,526900
ni2204,20220218,20220218,112413500,11:24:14,175640,115422,77742,20142837610,0,0,0
ni2204,20220218,20220218,112414000,11:24:14,175640,115422,77742,20142837610,0,0,0
ni2204,20220218,20220218,112414500,11:24:15,175650,115423,77743,20143013260,1,1,175650
ni2204,20220218,20220218,112415000,11:24:15,175680,115427,77739,20143715980,4,-4,702720
ni2204,20220218,20220218,112415500,11:24:15,175680,115427,77739,20143715980,0,0,0
ni2204,20220218,20220218,112416000,11:24:16,175680,115427,77739,20143715980,0,0,0
ni2204,20220218,20220218,112416500,11:24:17,175680,115427,77739,20143715980,0,0,0
ni2204,20220218,20220218,112417000,11:24:17,175650,115428,77738,20143891630,1,-1,175650
ni2204,20220218,20220218,112417500,11:24:18,175650,115429,77737,20144067280,1,-1,175650
ni2204,20220218,20220218,112418000,11:24:18,175670,115440,77737,20145999530,11,0,1932250
ni2204,20220218,20220218,112418500,11:24:19,175660,115443,77737,20146526530,3,0,527000
ni2204,20220218,20220218,112419000,11:24:19,175670,115445,77737,20146877870,2,0,351340
ni2204,20220218,20220218,112419500,11:24:20,175670,115445,77737,20146877870,0,0,0
ni2204,20220218,20220218,112420000,11:24:20,175670,115445,77737,20146877870,0,0,0
ni2204,20220218,20220218,112420500,11:24:20,175670,115445,77737,20146877870,0,0,0
ni2204,20220218,20220218,112421000,11:24:21,175670,115445,77737,20146877870,0,0,0
ni2204,20220218,20220218,112421500,11:24:22,175670,115445,77737,20146877870,0,0,0
ni2204,20220218,20220218,112422000,11:24:22,175670,115445,77737,20146877870,0,0,0
ni2204,20220218,20220218,112422500,11:24:23,175670,115445,77737,20146877870,0,0,0
ni2204,20220218,20220218,112423000,11:24:23,175670,115445,77737,20146877870,0,0,0
ni2204,20220218,20220218,112423500,11:24:23,175670,115445,77737,20146877870,0,0,0
ni2204,20220218,20220218,112424000,11:24:24,175670,115445,77737,20146877870,0,0,0
ni2204,20220218,20220218,112424500,11:24:24,175670,115445,77737,20146877870,0,0,0
ni2204,20220218,20220218,112425000,11:24:25,175670,115445,77737,20146877870,0,0,0
ni2204,20220218,20220218,112425500,11:24:25,175670,115445,77737,20146877870,0,0,0
ni2204,20220218,20220218,112426000,11:24:26,175690,115446,77738,20147053560,1,1,175690
ni2204,20220218,20220218,112426500,11:24:26,175680,115447,77738,20147229240,1,0,175680
ni2204,20220218,20220218,112427000,11:24:27,175680,115449,77737,20147580600,2,-1,351360
ni2204,20220218,20220218,112427500,11:24:28,175680,115449,77737,20147580600,0,0,0
ni2204,20220218,20220218,112428000,11:24:28,175680,115449,77737,20147580600,0,0,0
ni2204,20220218,20220218,112428500,11:24:28,175680,115449,77737,20147580600,0,0,0
ni2204,20220218,20220218,112429000,11:24:29,175730,115450,77737,20147756330,1,0,175730
ni2204,20220218,20220218,112429500,11:24:29,175730,115450,77737,20147756330,0,0,0
ni2204,20220218,20220218,112430000,11:24:30,175730,115450,77737,20147756330,0,0,0
ni2204,20220218,20220218,112430500,11:24:30,175730,115450,77737,20147756330,0,0,0
ni2204,20220218,20220218,112431000,11:24:31,175730,115451,77737,20147932060,1,0,175730
ni2204,20220218,20220218,112431500,11:24:31,175730,115451,77737,20147932060,0,0,0
ni2204,20220218,20220218,112432000,11:24:32,175730,115452,77737,20148107790,1,0,175730
ni2204,20220218,20220218,112432500,11:24:32,175730,115452,77737,20148107790,0,0,0
ni2204,20220218,20220218,112433000,11:24:33,175730,115452,77737,20148107790,0,0,0
ni2204,20220218,20220218,112433500,11:24:33,175760,115453,77736,20148283550,1,-1,175760
ni2204,20220218,20220218,112434000,11:24:34,175760,115453,77736,20148283550,0,0,0
ni2204,20220218,20220218,112434500,11:24:34,175760,115454,77736,20148459310,1,0,175760
ni2204,20220218,20220218,112435000,11:24:35,175730,115456,77735,20148810770,2,-1,351460
ni2204,20220218,20220218,112435500,11:24:35,175730,115456,77735,20148810770,0,0,0
ni2204,20220218,20220218,112436000,11:24:36,175710,115457,77734,20148986480,1,-1,175710
ni2204,20220218,20220218,112436500,11:24:36,175710,115457,77734,20148986480,0,0,0
ni2204,20220218,20220218,112437000,11:24:37,175710,115457,77734,20148986480,0,0,0
ni2204,20220218,20220218,112437500,11:24:37,175710,115457,77734,20148986480,0,0,0
ni2204,20220218,20220218,112438000,11:24:39,175710,115457,77734,20148986480,0,0,0
ni2204,20220218,20220218,112438500,11:24:39,175710,115457,77734,20148986480,0,0,0
ni2204,20220218,20220218,112439000,11:24:40,175710,115457,77734,20148986480,0,0,0
ni2204,20220218,20220218,112439500,11:24:40,175700,115458,77735,20149162180,1,1,175700
ni2204,20220218,20220218,112440000,11:24:40,175690,115461,77735,20149689250,3,0,527070
ni2204,20220218,20220218,112440500,11:24:40,175690,115461,77735,20149689250,0,0,0
ni2204,20220218,20220218,112441000,11:24:41,175690,115466,77734,20150567700,5,-1,878450
ni2204,20220218,20220218,112441500,11:24:41,175690,115466,77734,20150567700,0,0,0
ni2204,20220218,20220218,112442000,11:24:42,175710,115467,77733,20150743410,1,-1,175710
ni2204,20220218,20220218,112442500,11:24:42,175710,115467,77733,20150743410,0,0,0
ni2204,20220218,20220218,112443000,11:24:43,175710,115467,77733,20150743410,0,0,0
ni2204,20220218,20220218,112443500,11:24:43,175710,115467,77733,20150743410,0,0,0
ni2204,20220218,20220218,112444000,11:24:44,175710,115467,77733,20150743410,0,0,0
ni2204,20220218,20220218,112444500,11:24:44,175710,115467,77733,20150743410,0,0,0
ni2204,20220218,20220218,112445000,11:24:45,175710,115467,77733,20150743410,0,0,0
ni2204,20220218,20220218,112445500,11:24:45,175710,115467,77733,20150743410,0,0,0
ni2204,20220218,20220218,112446000,11:24:46,175710,115467,77733,20150743410,0,0,0
ni2204,20220218,20220218,112446500,11:24:46,175710,115467,77733,20150743410,0,0,0
ni2204,20220218,20220218,112447000,11:24:47,175690,115468,77732,20150919100,1,-1,175690
ni2204,20220218,20220218,112447500,11:24:47,175720,115476,77734,20152324850,8,2,1405750
ni2204,20220218,20220218,112448000,11:24:48,175750,115478,77735,20152676330,2,1,351480
ni2204,20220218,20220218,112448500,11:24:48,175750,115478,77735,20152676330,0,0,0
ni2204,20220218,20220218,112449000,11:24:49,175750,115478,77735,20152676330,0,0,0
ni2204,20220218,20220218,112449500,11:24:49,175750,115478,77735,20152676330,0,0,0
ni2204,20220218,20220218,112450000,11:24:50,175750,115478,77735,20152676330,0,0,0
ni2204,20220218,20220218,112450500,11:24:50,175750,115478,77735,20152676330,0,0,0
ni2204,20220218,20220218,112451000,11:24:51,175740,115479,77734,20152852070,1,-1,175740
ni2204,20220218,20220218,112451500,11:24:52,175740,115479,77734,20152852070,0,0,0
ni2204,20220218,20220218,112452000,11:24:52,175740,115479,77734,20152852070,0,0,0
ni2204,20220218,20220218,112452500,11:24:52,175740,115479,77734,20152852070,0,0,0
ni2204,20220218,20220218,112453000,11:24:53,175740,115479,77734,20152852070,0,0,0
ni2204,20220218,20220218,112453500,11:24:53,175740,115479,77734,20152852070,0,0,0
ni2204,20220218,20220218,112454000,11:24:54,175740,115481,77734,20153203550,2,0,351480
ni2204,20220218,20220218,112454500,11:24:54,175740,115482,77734,20153379290,1,0,175740
ni2204,20220218,20220218,112455000,11:24:55,175740,115482,77734,20153379290,0,0,0
ni2204,20220218,20220218,112455500,11:24:56,175760,115484,77735,20153730780,2,1,351490
ni2204,20220218,20220218,112456000,11:24:56,175760,115484,77735,20153730780,0,0,0
ni2204,20220218,20220218,112456500,11:24:56,175760,115484,77735,20153730780,0,0,0
ni2204,20220218,20220218,112457000,11:24:57,175760,115484,77735,20153730780,0,0,0
ni2204,20220218,20220218,112457500,11:24:57,175760,115484,77735,20153730780,0,0,0
ni2204,20220218,20220218,112458000,11:24:58,175760,115484,77735,20153730780,0,0,0
ni2204,20220218,20220218,112458500,11:24:58,175750,115485,77735,20153906530,1,0,175750
ni2204,20220218,20220218,112459000,11:24:59,175750,115485,77735,20153906530,0,0,0
ni2204,20220218,20220218,112459500,11:24:59,175750,115485,77735,20153906530,0,0,0
ni2204,20220218,20220218,112500000,11:25:00,175750,115485,77735,20153906530,0,0,0
ni2204,20220218,20220218,112500500,11:25:01,175740,115486,77735,20154082270,1,0,175740
ni2204,20220218,20220218,112501000,11:25:02,175740,115486,77735,20154082270,0,0,0
ni2204,20220218,20220218,112501500,11:25:04,175740,115486,77735,20154082270,0,0,0
ni2204,20220218,20220218,112502000,11:25:05,175740,115486,77735,20154082270,0,0,0
ni2204,20220218,20220218,112502500,11:25:06,175740,115486,77735,20154082270,0,0,0
ni2204,20220218,20220218,112504500,11:25:06,175740,115486,77735,20154082270,0,0,0
ni2204,20220218,20220218,112505000,11:25:06,175740,115486,77735,20154082270,0,0,0
ni2204,20220218,20220218,112505500,11:25:06,175740,115490,77738,20154785230,4,3,702960
ni2204,20220218,20220218,112506000,11:25:06,175740,115490,77738,20154785230,0,0,0
ni2204,20220218,20220218,112506500,11:25:07,175740,115490,77738,20154785230,0,0,0
ni2204,20220218,20220218,112507000,11:25:07,175740,115490,77738,20154785230,0,0,0
ni2204,20220218,20220218,112507500,11:25:07,175740,115491,77738,20154960970,1,0,175740
ni2204,20220218,20220218,112508000,11:25:08,175740,115491,77738,20154960970,0,0,0
ni2204,20220218,20220218,112508500,11:25:08,175740,115493,77738,20155312480,2,0,351510
ni2204,20220218,20220218,112509000,11:25:09,175750,115494,77739,20155488230,1,1,175750
ni2204,20220218,20220218,112509500,11:25:09,175740,115495,77738,20155663970,1,-1,175740
ni2204,20220218,20220218,112510000,11:25:10,175740,115495,77738,20155663970,0,0,0
ni2204,20220218,20220218,112510500,11:25:10,175740,115495,77738,20155663970,0,0,0
ni2204,20220218,20220218,112511000,11:25:11,175740,115495,77738,20155663970,0,0,0
ni2204,20220218,20220218,112511500,11:25:11,175770,115496,77739,20155839740,1,1,175770
ni2204,20220218,20220218,112512000,11:25:12,175770,115496,77739,20155839740,0,0,0
ni2204,20220218,20220218,112512500,11:25:12,175800,115508,77746,20157949270,12,7,2109530
ni2204,20220218,20220218,112513000,11:25:13,175800,115508,77746,20157949270,0,0,0
ni2204,20220218,20220218,112513500,11:25:15,175810,115509,77745,20158125080,1,-1,175810
ni2204,20220218,20220218,112514000,11:25:15,175790,115510,77745,20158300870,1,0,175790
ni2204,20220218,20220218,112514500,11:25:15,175790,115510,77745,20158300870,0,0,0
ni2204,20220218,20220218,112515000,11:25:16,175810,115512,77744,20158652490,2,-1,351620
ni2204,20220218,20220218,112515500,11:25:16,175810,115512,77744,20158652490,0,0,0
ni2204,20220218,20220218,112516000,11:25:16,175810,115512,77744,20158652490,0,0,0
ni2204,20220218,20220218,112516500,11:25:16,175810,115512,77744,20158652490,0,0,0
ni2204,20220218,20220218,112517000,11:25:18,175810,115512,77744,20158652490,0,0,0
ni2204,20220218,20220218,112517500,11:25:18,175810,115512,77744,20158652490,0,0,0
ni2204,20220218,20220218,112518000,11:25:18,175810,115512,77744,20158652490,0,0,0
ni2204,20220218,20220218,112518500,11:25:19,175810,115512,77744,20158652490,0,0,0
ni2204,20220218,20220218,112519000,11:25:19,175810,115512,77744,20158652490,0,0,0
ni2204,20220218,20220218,112519500,11:25:19,175810,115512,77744,20158652490,0,0,0
ni2204,20220218,20220218,112520000,11:25:21,175810,115512,77744,20158652490,0,0,0
ni2204,20220218,20220218,112520500,11:25:21,175770,115513,77743,20158828260,1,-1,175770
ni2204,20220218,20220218,112521000,11:25:21,175760,115514,77744,20159004020,1,1,175760
ni2204,20220218,20220218,112521500,11:25:22,175770,115515,77744,20159179790,1,0,175770
ni2204,20220218,20220218,112522000,11:25:22,175770,115515,77744,20159179790,0,0,0
ni2204,20220218,20220218,112522500,11:25:22,175770,115515,77744,20159179790,0,0,0
ni2204,20220218,20220218,112523000,11:25:23,175740,115517,77745,20159531270,2,1,351480
ni2204,20220218,20220218,112523500,11:25:24,175740,115517,77745,20159531270,0,0,0
ni2204,20220218,20220218,112524000,11:25:25,175680,115580,77747,20170601330,63,2,11070060
ni2204,20220218,20220218,112524500,11:25:25,175660,115604,77750,20174817410,24,3,4216080
ni2204,20220218,20220218,112525000,11:25:25,175660,115615,77755,20176749820,11,5,1932410
ni2204,20220218,20220218,112525500,11:25:26,175660,115616,77755,20176925480,1,0,175660
ni2204,20220218,20220218,112526000,11:25:26,175660,115616,77755,20176925480,0,0,0
ni2204,20220218,20220218,112526500,11:25:27,175660,115616,77755,20176925480,0,0,0
ni2204,20220218,20220218,112527000,11:25:27,175680,115617,77754,20177101160,1,-1,175680
ni2204,20220218,20220218,112527500,11:25:28,175680,115618,77754,20177276840,1,0,175680
ni2204,20220218,20220218,112528000,11:25:28,175680,115618,77754,20177276840,0,0,0
ni2204,20220218,20220218,112528500,11:25:28,175650,115620,77752,20177628150,2,-2,351310
ni2204,20220218,20220218,112529000,11:25:29,175650,115620,77752,20177628150,0,0,0
ni2204,20220218,20220218,112529500,11:25:30,175650,115620,77752,20177628150,0,0,0
ni2204,20220218,20220218,112530000,11:25:31,175650,115620,77752,20177628150,0,0,0
ni2204,20220218,20220218,112530500,11:25:31,175650,115620,77752,20177628150,0,0,0
ni2204,20220218,20220218,112531000,11:25:31,175650,115620,77752,20177628150,0,0,0
ni2204,20220218,20220218,112531500,11:25:32,175650,115620,77752,20177628150,0,0,0
ni2204,20220218,20220218,112532000,11:25:32,175650,115620,77752,20177628150,0,0,0
ni2204,20220218,20220218,112532500,11:25:33,175650,115620,77752,20177628150,0,0,0
ni2204,20220218,20220218,112533000,11:25:33,175650,115620,77752,20177628150,0,0,0
ni2204,20220218,20220218,112533500,11:25:33,175680,115621,77752,20177803830,1,0,175680
ni2204,20220218,20220218,112534000,11:25:34,175680,115621,77752,20177803830,0,0,0
ni2204,20220218,20220218,112534500,11:25:35,175690,115628,77752,20179033610,7,0,1229780
ni2204,20220218,20220218,112535000,11:25:36,175690,115628,77752,20179033610,0,0,0
ni2204,20220218,20220218,112535500,11:25:37,175690,115628,77752,20179033610,0,0,0
ni2204,20220218,20220218,112536000,11:25:37,175680,115629,77752,20179209290,1,0,175680
ni2204,20220218,20220218,112536500,11:25:37,175680,115629,77752,20179209290,0,0,0
ni2204,20220218,20220218,112537000,11:25:38,175680,115629,77752,20179209290,0,0,0
ni2204,20220218,20220218,112537500,11:25:38,175680,115629,77752,20179209290,0,0,0
ni2204,20220218,20220218,112538000,11:25:38,175670,115631,77750,20179560630,2,-2,351340
ni2204,20220218,20220218,112538500,11:25:39,175670,115631,77750,20179560630,0,0,0
ni2204,20220218,20220218,112539000,11:25:39,175640,115640,77756,20181141390,9,6,1580760
ni2204,20220218,20220218,112539500,11:25:40,175660,115653,77766,20183424750,13,10,2283360
ni2204,20220218,20220218,112540000,11:25:40,175640,115655,77768,20183776030,2,2,351280
ni2204,20220218,20220218,112540500,11:25:41,175640,115655,77768,20183776030,0,0,0
ni2204,20220218,20220218,112541000,11:25:41,175670,115662,77767,20185005720,7,-1,1229690
ni2204,20220218,20220218,112541500,11:25:41,175640,115669,77768,20186235300,7,1,1229580
ni2204,20220218,20220218,112542000,11:25:42,175660,115676,77773,20187465000,7,5,1229700
ni2204,20220218,20220218,112542500,11:25:42,175660,115676,77773,20187465000,0,0,0
ni2204,20220218,20220218,112543000,11:25:43,175640,115681,77777,20188343250,5,4,878250
ni2204,20220218,20220218,112543500,11:25:43,175650,115690,77779,20189924060,9,2,1580810
ni2204,20220218,20220218,112544000,11:25:44,175650,115698,77779,20191329260,8,0,1405200
ni2204,20220218,20220218,112544500,11:25:44,175650,115700,77780,20191680560,2,1,351300
ni2204,20220218,20220218,112545000,11:25:45,175650,115700,77780,20191680560,0,0,0
ni2204,20220218,20220218,112545500,11:25:46,175650,115700,77780,20191680560,0,0,0
ni2204,20220218,20220218,112546000,11:25:47,175650,115700,77780,20191680560,0,0,0
ni2204,20220218,20220218,112546500,11:25:48,175650,115700,77780,20191680560,0,0,0
ni2204,20220218,20220218,112547000,11:25:48,175650,115700,77780,20191680560,0,0,0
ni2204,20220218,20220218,112547500,11:25:48,175670,115702,77782,20192031900,2,2,351340
ni2204,20220218,20220218,112548000,11:25:48,175670,115702,77782,20192031900,0,0,0
ni2204,20220218,20220218,112548500,11:25:48,175670,115702,77782,20192031900,0,0,0
ni2204,20220218,20220218,112549000,11:25:49,175670,115702,77782,20192031900,0,0,0
ni2204,20220218,20220218,112549500,11:25:49,175670,115702,77782,20192031900,0,0,0
ni2204,20220218,20220218,112550000,11:25:50,175670,115702,77782,20192031900,0,0,0
ni2204,20220218,20220218,112550500,11:25:51,175670,115702,77782,20192031900,0,0,0
ni2204,20220218,20220218,112551000,11:25:51,175700,115703,77781,20192207600,1,-1,175700
ni2204,20220218,20220218,112551500,11:25:51,175700,115703,77781,20192207600,0,0,0
ni2204,20220218,20220218,112552000,11:25:52,175700,115703,77781,20192207600,0,0,0
ni2204,20220218,20220218,112552500,11:25:52,175700,115703,77781,20192207600,0,0,0
ni2204,20220218,20220218,112553000,11:25:53,175700,115703,77781,20192207600,0,0,0
ni2204,20220218,20220218,112553500,11:25:54,175700,115703,77781,20192207600,0,0,0
ni2204,20220218,20220218,112554000,11:25:54,175700,115703,77781,20192207600,0,0,0
ni2204,20220218,20220218,112554500,11:25:54,175700,115703,77781,20192207600,0,0,0
ni2204,20220218,20220218,112555000,11:25:55,175700,115704,77781,20192383300,1,0,175700
ni2204,20220218,20220218,112555500,11:25:56,175700,115704,77781,20192383300,0,0,0
ni2204,20220218,20220218,112556000,11:25:57,175700,115704,77781,20192383300,0,0,0
ni2204,20220218,20220218,112556500,11:25:57,175700,115704,77781,20192383300,0,0,0
ni2204,20220218,20220218,112557000,11:25:57,175700,115704,77781,20192383300,0,0,0
ni2204,20220218,20220218,112557500,11:25:57,175700,115704,77781,20192383300,0,0,0
ni2204,20220218,20220218,112558000,11:25:59,175700,115704,77781,20192383300,0,0,0
ni2204,20220218,20220218,112558500,11:25:59,175700,115704,77781,20192383300,0,0,0
ni2204,20220218,20220218,112559000,11:26:00,175700,115704,77781,20192383300,0,0,0
ni2204,20220218,20220218,112559500,11:26:00,175740,115717,77784,20194667760,13,3,2284460
ni2204,20220218,20220218,112600000,11:26:00,175730,115727,77790,20196425150,10,6,1757390
ni2204,20220218,20220218,112600500,11:26:01,175740,115728,77790,20196600890,1,0,175740
ni2204,20220218,20220218,112601000,11:26:01,175740,115728,77790,20196600890,0,0,0
ni2204,20220218,20220218,112601500,11:26:02,175740,115728,77790,20196600890,0,0,0
ni2204,20220218,20220218,112602000,11:26:03,175740,115728,77790,20196600890,0,0,0
ni2204,20220218,20220218,112602500,11:26:03,175740,115728,77790,20196600890,0,0,0
ni2204,20220218,20220218,112603000,11:26:03,175740,115728,77790,20196600890,0,0,0
ni2204,20220218,20220218,112603500,11:26:04,175740,115729,77790,20196776630,1,0,175740
ni2204,20220218,20220218,112604000,11:26:05,175740,115729,77790,20196776630,0,0,0
ni2204,20220218,20220218,112604500,11:26:05,175710,115730,77790,20196952340,1,0,175710
ni2204,20220218,20220218,112605000,11:26:05,175710,115730,77790,20196952340,0,0,0
ni2204,20220218,20220218,112605500,11:26:06,175710,115730,77790,20196952340,0,0,0
ni2204,20220218,20220218,112606000,11:26:06,175700,115731,77789,20197128040,1,-1,175700
ni2204,20220218,20220218,112606500,11:26:09,175700,115731,77789,20197128040,0,0,0
ni2204,20220218,20220218,112607000,11:26:09,175700,115731,77789,20197128040,0,0,0
ni2204,20220218,20220218,112607500,11:26:09,175710,115732,77789,20197303750,1,0,175710
ni2204,20220218,20220218,112608000,11:26:09,175710,115732,77789,20197303750,0,0,0
ni2204,20220218,20220218,112609000,11:26:10,175730,115733,77790,20197479480,1,1,175730
ni2204,20220218,20220218,112609500,11:26:10,175730,115733,77790,20197479480,0,0,0
ni2204,20220218,20220218,112610000,11:26:10,175730,115735,77790,20197830940,2,0,351460
ni2204,20220218,20220218,112610500,11:26:11,175730,115735,77790,20197830940,0,0,0
ni2204,20220218,20220218,112611000,11:26:11,175730,115735,77790,20197830940,0,0,0
ni2204,20220218,20220218,112611500,11:26:13,175730,115735,77790,20197830940,0,0,0
ni2204,20220218,20220218,112612000,11:26:14,175730,115735,77790,20197830940,0,0,0
ni2204,20220218,20220218,112612500,11:26:14,175730,115735,77790,20197830940,0,0,0
ni2204,20220218,20220218,112613000,11:26:15,175730,115735,77790,20197830940,0,0,0
ni2204,20220218,20220218,112613500,11:26:15,175730,115735,77790,20197830940,0,0,0
ni2204,20220218,20220218,112614000,11:26:15,175730,115735,77790,20197830940,0,0,0
ni2204,20220218,20220218,112614500,11:26:15,175730,115735,77790,20197830940,0,0,0
ni2204,20220218,20220218,112615000,11:26:16,175730,115735,77790,20197830940,0,0,0
ni2204,20220218,20220218,112615500,11:26:16,175730,115737,77790,20198182400,2,0,351460
ni2204,20220218,20220218,112616000,11:26:16,175730,115737,77790,20198182400,0,0,0
ni2204,20220218,20220218,112616500,11:26:17,175700,115739,77789,20198533800,2,-1,351400
ni2204,20220218,20220218,112617000,11:26:17,175690,115740,77789,20198709490,1,0,175690
ni2204,20220218,20220218,112617500,11:26:17,175690,115740,77789,20198709490,0,0,0
ni2204,20220218,20220218,112618000,11:26:18,175690,115740,77789,20198709490,0,0,0
ni2204,20220218,20220218,112618500,11:26:19,175690,115740,77789,20198709490,0,0,0
ni2204,20220218,20220218,112619000,11:26:19,175750,115742,77789,20199060980,2,0,351490
ni2204,20220218,20220218,112619500,11:26:20,175690,115745,77788,20199588060,3,-1,527080
ni2204,20220218,20220218,112620000,11:26:20,175690,115745,77788,20199588060,0,0,0
ni2204,20220218,20220218,112620500,11:26:20,175730,115747,77787,20199939520,2,-1,351460
ni2204,20220218,20220218,112621000,11:26:21,175730,115747,77787,20199939520,0,0,0
ni2204,20220218,20220218,112621500,11:26:21,175730,115747,77787,20199939520,0,0,0
ni2204,20220218,20220218,112622000,11:26:22,175730,115747,77787,20199939520,0,0,0
ni2204,20220218,20220218,112622500,11:26:22,175730,115747,77787,20199939520,0,0,0
ni2204,20220218,20220218,112623000,11:26:23,175730,115747,77787,20199939520,0,0,0
ni2204,20220218,20220218,112623500,11:26:23,175730,115749,77787,20200290980,2,0,351460
ni2204,20220218,20220218,112624000,11:26:24,175730,115750,77788,20200466710,1,1,175730
ni2204,20220218,20220218,112624500,11:26:24,175730,115751,77787,20200642440,1,-1,175730
ni2204,20220218,20220218,112625000,11:26:25,175730,115751,77787,20200642440,0,0,0
ni2204,20220218,20220218,112625500,11:26:26,175730,115751,77787,20200642440,0,0,0
ni2204,20220218,20220218,112626000,11:26:26,175730,115751,77787,20200642440,0,0,0
ni2204,20220218,20220218,112626500,11:26:26,175730,115752,77786,20200818170,1,-1,175730
ni2204,20220218,20220218,112627000,11:26:27,175740,115762,77782,20202575550,10,-4,1757380
ni2204,20220218,20220218,112627500,11:26:27,175740,115762,77782,20202575550,0,0,0
ni2204,20220218,20220218,112628000,11:26:28,175740,115762,77782,20202575550,0,0,0
ni2204,20220218,20220218,112628500,11:26:28,175740,115762,77782,20202575550,0,0,0
ni2204,20220218,20220218,112629000,11:26:29,175740,115762,77782,20202575550,0,0,0
ni2204,20220218,20220218,112629500,11:26:30,175740,115762,77782,20202575550,0,0,0
ni2204,20220218,20220218,112630000,11:26:31,175740,115762,77782,20202575550,0,0,0
ni2204,20220218,20220218,112630500,11:26:31,175740,115762,77782,20202575550,0,0,0
ni2204,20220218,20220218,112631000,11:26:31,175740,115762,77782,20202575550,0,0,0
ni2204,20220218,20220218,112631500,11:26:32,175740,115762,77782,20202575550,0,0,0
ni2204,20220218,20220218,112632000,11:26:32,175740,115762,77782,20202575550,0,0,0
ni2204,20220218,20220218,112632500,11:26:32,175740,115762,77782,20202575550,0,0,0
ni2204,20220218,20220218,112633000,11:26:33,175730,115764,77780,20202927010,2,-2,351460
ni2204,20220218,20220218,112633500,11:26:34,175730,115769,77777,20203805660,5,-3,878650
ni2204,20220218,20220218,112634000,11:26:35,175730,115769,77777,20203805660,0,0,0
ni2204,20220218,20220218,112634500,11:26:37,175730,115769,77777,20203805660,0,0,0
ni2204,20220218,20220218,112635000,11:26:37,175730,115770,77777,20203981390,1,0,175730
ni2204,20220218,20220218,112635500,11:26:37,175730,115770,77777,20203981390,0,0,0
ni2204,20220218,20220218,112637000,11:26:54,175730,115770,77777,20203981390,0,0,0
ni2204,20220218,20220218,112637500,11:27:10,175730,115770,77777,20203981390,0,0,0
ni2204,20220218,20220218,112638000,11:27:10,175730,115770,77777,20203981390,0,0,0
ni2204,20220218,20220218,112638500,11:27:10,175750,115771,77776,20204157140,1,-1,175750
ni2204,20220218,20220218,112653500,11:27:11,175750,115771,77776,20204157140,0,0,0
ni2204,20220218,20220218,112710000,11:27:12,175730,115836,77780,20215581050,65,4,11423910
ni2204,20220218,20220218,112710500,11:27:12,175770,115838,77780,20215932560,2,0,351510
ni2204,20220218,20220218,112712000,11:27:13,175770,115838,77780,20215932560,0,0,0
ni2204,20220218,20220218,112712500,11:27:13,175770,115838,77780,20215932560,0,0,0
ni2204,20220218,20220218,112713000,11:27:14,175750,115839,77779,20216108310,1,-1,175750
ni2204,20220218,20220218,112713500,11:27:14,175760,115844,77780,20216986920,5,1,878610
ni2204,20220218,20220218,112714000,11:27:15,175750,115849,77780,20217865670,5,0,878750
ni2204,20220218,20220218,112714500,11:27:15,175720,115850,77780,20218041390,1,0,175720
ni2204,20220218,20220218,112715000,11:27:16,175720,115850,77780,20218041390,0,0,0
ni2204,20220218,20220218,112715500,11:27:16,175720,115850,77780,20218041390,0,0,0
ni2204,20220218,20220218,112716000,11:27:17,175720,115850,77780,20218041390,0,0,0
ni2204,20220218,20220218,112716500,11:27:17,175730,115851,77781,20218217120,1,1,175730
ni2204,20220218,20220218,112717000,11:27:17,175730,115851,77781,20218217120,0,0,0
ni2204,20220218,20220218,112717500,11:27:17,175730,115851,77781,20218217120,0,0,0
ni2204,20220218,20220218,112718000,11:27:18,175740,115852,77781,20218392860,1,0,175740
ni2204,20220218,20220218,112718500,11:27:19,175740,115852,77781,20218392860,0,0,0
ni2204,20220218,20220218,112719000,11:27:19,175740,115852,77781,20218392860,0,0,0
ni2204,20220218,20220218,112719500,11:27:20,175740,115852,77781,20218392860,0,0,0
ni2204,20220218,20220218,112720000,11:27:20,175740,115852,77781,20218392860,0,0,0
ni2204,20220218,20220218,112720500,11:27:21,175760,115853,77780,20218568620,1,-1,175760
ni2204,20220218,20220218,112721000,11:27:21,175760,115853,77780,20218568620,0,0,0
ni2204,20220218,20220218,112721500,11:27:22,175760,115853,77780,20218568620,0,0,0
ni2204,20220218,20220218,112722000,11:27:22,175760,115853,77780,20218568620,0,0,0
ni2204,20220218,20220218,112722500,11:27:22,175730,115854,77780,20218744350,1,0,175730
ni2204,20220218,20220218,112723000,11:27:26,175730,115854,77780,20218744350,0,0,0
ni2204,20220218,20220218,112723500,11:27:27,175730,115854,77780,20218744350,0,0,0
ni2204,20220218,20220218,112724000,11:27:27,175730,115854,77780,20218744350,0,0,0
ni2204,20220218,20220218,112726500,11:27:27,175730,115855,77779,20218920080,1,-1,175730
ni2204,20220218,20220218,112727000,11:27:27,175730,115859,77775,20219623000,4,-4,702920
ni2204,20220218,20220218,112727500,11:27:27,175720,115860,77775,20219798720,1,0,175720
ni2204,20220218,20220218,112728000,11:27:28,175720,115860,77775,20219798720,0,0,0
ni2204,20220218,20220218,112728500,11:27:28,175720,115860,77775,20219798720,0,0,0
ni2204,20220218,20220218,112729000,11:27:29,175720,115860,77775,20219798720,0,0,0
ni2204,20220218,20220218,112729500,11:27:29,175730,115861,77775,20219974450,1,0,175730
ni2204,20220218,20220218,112730000,11:27:30,175730,115861,77775,20219974450,0,0,0
ni2204,20220218,20220218,112730500,11:27:31,175730,115861,77775,20219974450,0,0,0
ni2204,20220218,20220218,112731000,11:27:33,175730,115861,77775,20219974450,0,0,0
ni2204,20220218,20220218,112731500,11:27:35,175730,115861,77775,20219974450,0,0,0
ni2204,20220218,20220218,112732000,11:27:36,175730,115861,77775,20219974450,0,0,0
ni2204,20220218,20220218,112732500,11:27:36,175730,115861,77775,20219974450,0,0,0
ni2204,20220218,20220218,112735500,11:27:36,175710,115864,77773,20220501620,3,-2,527170
ni2204,20220218,20220218,112736000,11:27:37,175710,115864,77773,20220501620,0,0,0
ni2204,20220218,20220218,112736500,11:27:38,175710,115864,77773,20220501620,0,0,0
ni2204,20220218,20220218,112737000,11:27:38,175710,115864,77773,20220501620,0,0,0
ni2204,20220218,20220218,112737500,11:27:38,175710,115864,77773,20220501620,0,0,0
ni2204,20220218,20220218,112738000,11:27:38,175710,115864,77773,20220501620,0,0,0
ni2204,20220218,20220218,112738500,11:27:39,175710,115865,77772,20220677330,1,-1,175710
ni2204,20220218,20220218,112739000,11:27:39,175710,115865,77772,20220677330,0,0,0
ni2204,20220218,20220218,112739500,11:27:39,175700,115868,77769,20221204430,3,-3,527100
ni2204,20220218,20220218,112740000,11:27:40,175700,115868,77769,20221204430,0,0,0
ni2204,20220218,20220218,112740500,11:27:40,175700,115868,77769,20221204430,0,0,0
ni2204,20220218,20220218,112741000,11:27:41,175680,115869,77769,20221380110,1,0,175680
ni2204,20220218,20220218,112741500,11:27:42,175670,115870,77769,20221555780,1,0,175670
ni2204,20220218,20220218,112742000,11:27:42,175690,115875,77766,20222434110,5,-3,878330
ni2204,20220218,20220218,112742500,11:27:43,175660,115876,77765,20222609770,1,-1,175660
ni2204,20220218,20220218,112743000,11:27:43,175660,115876,77765,20222609770,0,0,0
ni2204,20220218,20220218,112743500,11:27:43,175660,115876,77765,20222609770,0,0,0
ni2204,20220218,20220218,112744000,11:27:44,175710,115885,77770,20224191110,9,5,1581340
ni2204,20220218,20220218,112744500,11:27:45,175720,115888,77771,20224718270,3,1,527160
ni2204,20220218,20220218,112745000,11:27:45,175720,115888,77771,20224718270,0,0,0
ni2204,20220218,20220218,112745500,11:27:46,175720,115888,77771,20224718270,0,0,0
ni2204,20220218,20220218,112746000,11:27:46,175720,115888,77771,20224718270,0,0,0
ni2204,20220218,20220218,112746500,11:27:47,175720,115888,77771,20224718270,0,0,0
ni2204,20220218,20220218,112747000,11:27:47,175720,115888,77771,20224718270,0,0,0
ni2204,20220218,20220218,112747500,11:27:47,175710,115889,77770,20224893980,1,-1,175710
ni2204,20220218,20220218,112748000,11:27:53,175690,115892,77769,20225421070,3,-1,527090
ni2204,20220218,20220218,112748500,11:27:54,175680,115895,77767,20225948130,3,-2,527060
ni2204,20220218,20220218,112749000,11:27:54,175680,115895,77767,20225948130,0,0,0
ni2204,20220218,20220218,112749500,11:27:54,175680,115895,77767,20225948130,0,0,0
ni2204,20220218,20220218,112754000,11:27:54,175690,115911,77764,20228759030,16,-3,2810900
ni2204,20220218,20220218,112754500,11:27:54,175690,115911,77764,20228759030,0,0,0
ni2204,20220218,20220218,112755000,11:27:55,175690,115911,77764,20228759030,0,0,0
ni2204,20220218,20220218,112755500,11:27:55,175690,115911,77764,20228759030,0,0,0
ni2204,20220218,20220218,112756000,11:27:56,175690,115911,77764,20228759030,0,0,0
ni2204,20220218,20220218,112756500,11:27:56,175690,115911,77764,20228759030,0,0,0
ni2204,20220218,20220218,112757000,11:27:57,175690,115911,77764,20228759030,0,0,0
ni2204,20220218,20220218,112757500,11:27:57,175690,115911,77764,20228759030,0,0,0
ni2204,20220218,20220218,112758000,11:27:58,175690,115911,77764,20228759030,0,0,0
ni2204,20220218,20220218,112758500,11:27:59,175670,115912,77764,20228934700,1,0,175670
ni2204,20220218,20220218,112759000,11:27:59,175650,115920,77758,20230339920,8,-6,1405220
ni2204,20220218,20220218,112759500,11:27:59,175670,115921,77759,20230515590,1,1,175670
ni2204,20220218,20220218,112800000,11:28:00,175670,115923,77760,20230866930,2,1,351340
ni2204,20220218,20220218,112800500,11:28:01,175670,115923,77760,20230866930,0,0,0
ni2204,20220218,20220218,112801000,11:28:01,175700,115924,77760,20231042630,1,0,175700
ni2204,20220218,20220218,112801500,11:28:02,175660,115926,77761,20231393960,2,1,351330
ni2204,20220218,20220218,112802000,11:28:03,175660,115927,77761,20231569620,1,0,175660
ni2204,20220218,20220218,112802500,11:28:03,175690,115929,77761,20231920970,2,0,351350
ni2204,20220218,20220218,112803000,11:28:04,175660,115931,77761,20232272290,2,0,351320
ni2204,20220218,20220218,112803500,11:28:04,175660,115933,77761,20232623610,2,0,351320
ni2204,20220218,20220218,112804000,11:28:05,175660,115935,77763,20232974930,2,2,351320
ni2204,20220218,20220218,112804500,11:28:05,175660,115938,77763,20233501910,3,0,526980
ni2204,20220218,20220218,112805000,11:28:06,175660,115938,77763,20233501910,0,0,0
ni2204,20220218,20220218,112805500,11:28:06,175660,115938,77763,20233501910,0,0,0
ni2204,20220218,20220218,112806000,11:28:10,175660,115939,77763,20233677570,1,0,175660
ni2204,20220218,20220218,112806500,11:28:10,175660,115940,77763,20233853230,1,0,175660
ni2204,20220218,20220218,112807000,11:28:10,175690,115941,77762,20234028920,1,-1,175690
ni2204,20220218,20220218,112810000,11:28:11,175730,115970,77775,20239125070,29,13,5096150
ni2204,20220218,20220218,112810500,11:28:12,175740,115977,77775,20240355250,7,0,1230180
ni2204,20220218,20220218,112811000,11:28:12,175770,115979,77776,20240706770,2,1,351520
ni2204,20220218,20220218,112811500,11:28:12,175770,115979,77776,20240706770,0,0,0
ni2204,20220218,20220218,112812000,11:28:13,175770,115979,77776,20240706770,0,0,0
ni2204,20220218,20220218,112812500,11:28:13,175770,115979,77776,20240706770,0,0,0
ni2204,20220218,20220218,112813000,11:28:13,175770,115979,77776,20240706770,0,0,0
ni2204,20220218,20220218,112813500,11:28:14,175770,115979,77776,20240706770,0,0,0
ni2204,20220218,20220218,112814000,11:28:14,175770,115979,77776,20240706770,0,0,0
ni2204,20220218,20220218,112814500,11:28:14,175770,115979,77776,20240706770,0,0,0
ni2204,20220218,20220218,112815000,11:28:15,175770,115979,77776,20240706770,0,0,0
ni2204,20220218,20220218,112815500,11:28:15,175770,115980,77776,20240882540,1,0,175770
ni2204,20220218,20220218,112816000,11:28:16,175770,115980,77776,20240882540,0,0,0
ni2204,20220218,20220218,112816500,11:28:16,175770,115980,77776,20240882540,0,0,0
ni2204,20220218,20220218,112817000,11:28:17,175740,115982,77777,20241234060,2,1,351520
ni2204,20220218,20220218,112817500,11:28:17,175740,115982,77777,20241234060,0,0,0
ni2204,20220218,20220218,112818000,11:28:18,175780,115983,77777,20241409840,1,0,175780
ni2204,20220218,20220218,112818500,11:28:18,175780,115984,77777,20241585620,1,0,175780
ni2204,20220218,20220218,112819000,11:28:19,175780,115984,77777,20241585620,0,0,0
ni2204,20220218,20220218,112819500,11:28:19,175740,115985,77776,20241761360,1,-1,175740
ni2204,20220218,20220218,112820000,11:28:20,175740,115985,77776,20241761360,0,0,0
ni2204,20220218,20220218,112820500,11:28:20,175740,115985,77776,20241761360,0,0,0
ni2204,20220218,20220218,112821000,11:28:21,175740,115986,77775,20241937100,1,-1,175740
ni2204,20220218,20220218,112821500,11:28:22,175740,115987,77774,20242112840,1,-1,175740
ni2204,20220218,20220218,112822000,11:28:22,175740,115989,77774,20242464320,2,0,351480
ni2204,20220218,20220218,112822500,11:28:22,175740,115989,77774,20242464320,0,0,0
ni2204,20220218,20220218,112823000,11:28:23,175740,115989,77774,20242464320,0,0,0
ni2204,20220218,20220218,112823500,11:28:23,175740,115989,77774,20242464320,0,0,0
ni2204,20220218,20220218,112824000,11:28:24,175740,115989,77774,20242464320,0,0,0
ni2204,20220218,20220218,112824500,11:28:24,175740,115989,77774,20242464320,0,0,0
ni2204,20220218,20220218,112825000,11:28:25,175740,115989,77774,20242464320,0,0,0
ni2204,20220218,20220218,112825500,11:28:25,175740,115989,77774,20242464320,0,0,0
ni2204,20220218,20220218,112826000,11:28:26,175740,115989,77774,20242464320,0,0,0
ni2204,20220218,20220218,112826500,11:28:27,175740,115989,77774,20242464320,0,0,0
ni2204,20220218,20220218,112827000,11:28:27,175740,115989,77774,20242464320,0,0,0
ni2204,20220218,20220218,112827500,11:28:27,175740,115989,77774,20242464320,0,0,0
ni2204,20220218,20220218,112828000,11:28:28,175720,115993,77771,20243167250,4,-3,702930
ni2204,20220218,20220218,112828500,11:28:28,175770,115995,77773,20243518790,2,2,351540
ni2204,20220218,20220218,112829000,11:28:29,175770,115995,77773,20243518790,0,0,0
ni2204,20220218,20220218,112829500,11:28:30,175710,115996,77774,20243694500,1,1,175710
ni2204,20220218,20220218,112830000,11:28:30,175700,115997,77775,20243870200,1,1,175700
ni2204,20220218,20220218,112830500,11:28:31,175700,115997,77775,20243870200,0,0,0
ni2204,20220218,20220218,112831000,11:28:31,175700,115997,77775,20243870200,0,0,0
ni2204,20220218,20220218,112831500,11:28:31,175680,116000,77773,20244397240,3,-2,527040
ni2204,20220218,20220218,112832000,11:28:32,175680,116000,77773,20244397240,0,0,0
ni2204,20220218,20220218,112832500,11:28:33,175660,116001,77773,20244572900,1,0,175660
ni2204,20220218,20220218,112833000,11:28:33,175660,116001,77773,20244572900,0,0,0
ni2204,20220218,20220218,112833500,11:28:34,175660,116001,77773,20244572900,0,0,0
ni2204,20220218,20220218,112834000,11:28:34,175660,116001,77773,20244572900,0,0,0
ni2204,20220218,20220218,112834500,11:28:34,175710,116002,77774,20244748610,1,1,175710
ni2204,20220218,20220218,112835000,11:28:35,175710,116004,77774,20245100030,2,0,351420
ni2204,20220218,20220218,112835500,11:28:37,175710,116004,77774,20245100030,0,0,0
ni2204,20220218,20220218,112836000,11:28:37,175710,116004,77774,20245100030,0,0,0
ni2204,20220218,20220218,112836500,11:28:37,175710,116004,77774,20245100030,0,0,0
ni2204,20220218,20220218,112837000,11:28:37,175710,116004,77774,20245100030,0,0,0
ni2204,20220218,20220218,112837500,11:28:37,175710,116004,77774,20245100030,0,0,0
ni2204,20220218,20220218,112838000,11:28:38,175710,116004,77774,20245100030,0,0,0
ni2204,20220218,20220218,112838500,11:28:38,175710,116004,77774,20245100030,0,0,0
ni2204,20220218,20220218,112839000,11:28:40,175710,116004,77774,20245100030,0,0,0
ni2204,20220218,20220218,112839500,11:28:40,175710,116004,77774,20245100030,0,0,0
ni2204,20220218,20220218,112840000,11:28:40,175710,116004,77774,20245100030,0,0,0
ni2204,20220218,20220218,112840500,11:28:40,175710,116004,77774,20245100030,0,0,0
ni2204,20220218,20220218,112841000,11:28:41,175710,116004,77774,20245100030,0,0,0
ni2204,20220218,20220218,112841500,11:28:41,175710,116004,77774,20245100030,0,0,0
ni2204,20220218,20220218,112842000,11:28:42,175710,116004,77774,20245100030,0,0,0
ni2204,20220218,20220218,112842500,11:28:42,175710,116004,77774,20245100030,0,0,0
ni2204,20220218,20220218,112843000,11:28:43,175710,116004,77774,20245100030,0,0,0
ni2204,20220218,20220218,112843500,11:28:44,175710,116004,77774,20245100030,0,0,0
ni2204,20220218,20220218,112844000,11:28:44,175710,116004,77774,20245100030,0,0,0
ni2204,20220218,20220218,112844500,11:28:44,175710,116004,77774,20245100030,0,0,0
ni2204,20220218,20220218,112845000,11:28:45,175710,116005,77775,20245275740,1,1,175710
ni2204,20220218,20220218,112845500,11:28:46,175710,116005,77775,20245275740,0,0,0
ni2204,20220218,20220218,112846000,11:28:46,175710,116005,77775,20245275740,0,0,0
ni2204,20220218,20220218,112846500,11:28:46,175710,116005,77775,20245275740,0,0,0
ni2204,20220218,20220218,112847000,11:28:47,175710,116005,77775,20245275740,0,0,0
ni2204,20220218,20220218,112847500,11:28:48,175710,116005,77775,20245275740,0,0,0
ni2204,20220218,20220218,112848000,11:28:48,175710,116005,77775,20245275740,0,0,0
ni2204,20220218,20220218,112848500,11:28:48,175710,116005,77775,20245275740,0,0,0
ni2204,20220218,20220218,112849000,11:28:49,175710,116005,77775,20245275740,0,0,0
ni2204,20220218,20220218,112849500,11:28:50,175690,116006,77775,20245451430,1,0,175690
ni2204,20220218,20220218,112850000,11:28:50,175720,116007,77776,20245627150,1,1,175720
ni2204,20220218,20220218,112850500,11:28:51,175720,116007,77776,20245627150,0,0,0
ni2204,20220218,20220218,112851000,11:28:51,175720,116007,77776,20245627150,0,0,0
ni2204,20220218,20220218,112851500,11:28:51,175720,116007,77776,20245627150,0,0,0
ni2204,20220218,20220218,112852000,11:28:53,175720,116007,77776,20245627150,0,0,0
ni2204,20220218,20220218,112852500,11:28:53,175720,116007,77776,20245627150,0,0,0
ni2204,20220218,20220218,112853000,11:28:54,175720,116007,77776,20245627150,0,0,0
ni2204,20220218,20220218,112853500,11:28:54,175720,116007,77776,20245627150,0,0,0
ni2204,20220218,20220218,112854000,11:28:54,175720,116007,77776,20245627150,0,0,0
ni2204,20220218,20220218,112854500,11:28:54,175700,116008,77776,20245802850,1,0,175700
ni2204,20220218,20220218,112855000,11:28:55,175700,116008,77776,20245802850,0,0,0
ni2204,20220218,20220218,112855500,11:28:56,175700,116008,77776,20245802850,0,0,0
ni2204,20220218,20220218,112856000,11:28:56,175700,116008,77776,20245802850,0,0,0
ni2204,20220218,20220218,112856500,11:28:56,175700,116008,77776,20245802850,0,0,0
ni2204,20220218,20220218,112857000,11:28:57,175700,116008,77776,20245802850,0,0,0
ni2204,20220218,20220218,112857500,11:28:58,175700,116008,77776,20245802850,0,0,0
ni2204,20220218,20220218,112858000,11:28:59,175700,116008,77776,20245802850,0,0,0
ni2204,20220218,20220218,112858500,11:28:59,175700,116008,77776,20245802850,0,0,0
ni2204,20220218,20220218,112859000,11:28:59,175700,116008,77776,20245802850,0,0,0
ni2204,20220218,20220218,112859500,11:29:00,175700,116008,77776,20245802850,0,0,0
ni2204,20220218,20220218,112900000,11:29:00,175700,116008,77776,20245802850,0,0,0
ni2204,20220218,20220218,112900500,11:29:01,175700,116008,77776,20245802850,0,0,0
ni2204,20220218,20220218,112901000,11:29:01,175700,116008,77776,20245802850,0,0,0
ni2204,20220218,20220218,112901500,11:29:02,175700,116008,77776,20245802850,0,0,0
ni2204,20220218,20220218,112902000,11:29:03,175730,116009,77776,20245978580,1,0,175730
ni2204,20220218,20220218,112902500,11:29:03,175720,116016,77773,20247208710,7,-3,1230130
ni2204,20220218,20220218,112903000,11:29:03,175720,116018,77771,20247560150,2,-2,351440
ni2204,20220218,20220218,112903500,11:29:04,175720,116018,77771,20247560150,0,0,0
ni2204,20220218,20220218,112904000,11:29:04,175720,116018,77771,20247560150,0,0,0
ni2204,20220218,20220218,112904500,11:29:04,175720,116018,77771,20247560150,0,0,0
ni2204,20220218,20220218,112905000,11:29:05,175720,116018,77771,20247560150,0,0,0
ni2204,20220218,20220218,112905500,11:29:06,175720,116018,77771,20247560150,0,0,0
ni2204,20220218,20220218,112906000,11:29:06,175720,116018,77771,20247560150,0,0,0
ni2204,20220218,20220218,112906500,11:29:06,175750,116019,77770,20247735900,1,-1,175750
ni2204,20220218,20220218,112907000,11:29:08,175720,116021,77771,20248087340,2,1,351440
ni2204,20220218,20220218,112907500,11:29:08,175720,116022,77772,20248263060,1,1,175720
ni2204,20220218,20220218,112908000,11:29:08,175720,116022,77772,20248263060,0,0,0
ni2204,20220218,20220218,112908500,11:29:08,175720,116022,77772,20248263060,0,0,0
ni2204,20220218,20220218,112909000,11:29:09,175720,116022,77772,20248263060,0,0,0
ni2204,20220218,20220218,112909500,11:29:09,175720,116022,77772,20248263060,0,0,0
ni2204,20220218,20220218,112910000,11:29:10,175720,116022,77772,20248263060,0,0,0
ni2204,20220218,20220218,112910500,11:29:10,175720,116022,77772,20248263060,0,0,0
ni2204,20220218,20220218,112911000,11:29:11,175720,116022,77772,20248263060,0,0,0
ni2204,20220218,20220218,112911500,11:29:12,175720,116022,77772,20248263060,0,0,0
ni2204,20220218,20220218,112912000,11:29:12,175760,116024,77774,20248614580,2,2,351520
ni2204,20220218,20220218,112912500,11:29:12,175710,116026,77776,20248966000,2,2,351420
ni2204,20220218,20220218,112913000,11:29:13,175710,116026,77776,20248966000,0,0,0
ni2204,20220218,20220218,112913500,11:29:14,175710,116026,77776,20248966000,0,0,0
ni2204,20220218,20220218,112914000,11:29:14,175710,116026,77776,20248966000,0,0,0
ni2204,20220218,20220218,112914500,11:29:15,175710,116027,77776,20249141710,1,0,175710
ni2204,20220218,20220218,112915000,11:29:15,175740,116030,77777,20249668870,3,1,527160
ni2204,20220218,20220218,112915500,11:29:16,175720,116031,77778,20249844590,1,1,175720
ni2204,20220218,20220218,112916000,11:29:16,175710,116033,77780,20250196010,2,2,351420
ni2204,20220218,20220218,112916500,11:29:18,175720,116035,77781,20250547450,2,1,351440
ni2204,20220218,20220218,112917000,11:29:20,175720,116039,77784,20251250330,4,3,702880
ni2204,20220218,20220218,112917500,11:29:21,175720,116039,77784,20251250330,0,0,0
ni2204,20220218,20220218,112918000,11:29:21,175720,116039,77784,20251250330,0,0,0
ni2204,20220218,20220218,112920500,11:29:21,175720,116039,77784,20251250330,0,0,0
ni2204,20220218,20220218,112921000,11:29:22,175720,116039,77784,20251250330,0,0,0
ni2204,20220218,20220218,112921500,11:29:24,175720,116039,77784,20251250330,0,0,0
ni2204,20220218,20220218,112922000,11:29:24,175730,116043,77785,20251953270,4,1,702940
ni2204,20220218,20220218,112922500,11:29:24,175730,116044,77784,20252129000,1,-1,175730
ni2204,20220218,20220218,112923000,11:29:24,175730,116044,77784,20252129000,0,0,0
ni2204,20220218,20220218,112924000,11:29:24,175730,116044,77784,20252129000,0,0,0
ni2204,20220218,20220218,112924500,11:29:24,175730,116044,77784,20252129000,0,0,0
ni2204,20220218,20220218,112925000,11:29:25,175760,116045,77784,20252304760,1,0,175760
ni2204,20220218,20220218,112925500,11:29:25,175760,116046,77784,20252480520,1,0,175760
ni2204,20220218,20220218,112926000,11:29:26,175760,116049,77781,20253007800,3,-3,527280
ni2204,20220218,20220218,112926500,11:29:26,175760,116050,77780,20253183560,1,-1,175760
ni2204,20220218,20220218,112927000,11:29:27,175760,116052,77778,20253535080,2,-2,351520
ni2204,20220218,20220218,112927500,11:29:27,175760,116052,77778,20253535080,0,0,0
ni2204,20220218,20220218,112928000,11:29:28,175760,116052,77778,20253535080,0,0,0
ni2204,20220218,20220218,112928500,11:29:28,175780,116057,77778,20254413940,5,0,878860
ni2204,20220218,20220218,112929000,11:29:29,175770,116061,77776,20255117020,4,-2,703080
ni2204,20220218,20220218,112929500,11:29:29,175770,116061,77776,20255117020,0,0,0
ni2204,20220218,20220218,112930000,11:29:30,175770,116064,77777,20255644330,3,1,527310
ni2204,20220218,20220218,112930500,11:29:30,175780,116066,77775,20255995890,2,-2,351560
ni2204,20220218,20220218,112931000,11:29:32,175790,116067,77776,20256171680,1,1,175790
ni2204,20220218,20220218,112931500,11:29:32,175790,116068,77776,20256347470,1,0,175790
ni2204,20220218,20220218,112932000,11:29:32,175800,116069,77775,20256523270,1,-1,175800
ni2204,20220218,20220218,112932500,11:29:36,175780,116074,77772,20257402190,5,-3,878920
ni2204,20220218,20220218,112933000,11:29:37,175780,116074,77772,20257402190,0,0,0
ni2204,20220218,20220218,112933500,11:29:38,175760,116077,77774,20257929470,3,2,527280
ni2204,20220218,20220218,112936500,11:29:38,175800,116089,77773,20260039090,12,-1,2109620
ni2204,20220218,20220218,112937500,11:29:38,175840,116094,77775,20260918250,5,2,879160
ni2204,20220218,20220218,112938000,11:29:38,175810,116095,77775,20261094060,1,0,175810
ni2204,20220218,20220218,112938500,11:29:39,175810,116098,77774,20261621490,3,-1,527430
ni2204,20220218,20220218,112939000,11:29:39,175840,116101,77774,20262148950,3,0,527460
ni2204,20220218,20220218,112939500,11:29:40,175840,116102,77773,20262324790,1,-1,175840
ni2204,20220218,20220218,112940000,11:29:40,175840,116104,77773,20262676470,2,0,351680
ni2204,20220218,20220218,112940500,11:29:40,175840,116104,77773,20262676470,0,0,0
ni2204,20220218,20220218,112941000,11:29:41,175840,116108,77773,20263379830,4,0,703360
ni2204,20220218,20220218,112941500,11:29:42,175840,116109,77772,20263555670,1,-1,175840
ni2204,20220218,20220218,112942000,11:29:44,175840,116109,77772,20263555670,0,0,0
ni2204,20220218,20220218,112942500,11:29:44,175900,116115,77774,20264610950,6,2,1055280
ni2204,20220218,20220218,112943000,11:29:45,175930,116120,77771,20265490530,5,-3,879580
ni2204,20220218,20220218,112943500,11:29:45,176000,116123,77770,20266018420,3,-1,527890
ni2204,20220218,20220218,112944500,11:29:45,176000,116123,77770,20266018420,0,0,0
ni2204,20220218,20220218,112945000,11:29:46,175970,116129,77768,20267074220,6,-2,1055800
ni2204,20220218,20220218,112945500,11:29:46,175970,116129,77768,20267074220,0,0,0
ni2204,20220218,20220218,112946000,11:29:47,175970,116129,77768,20267074220,0,0,0
ni2204,20220218,20220218,112946500,11:29:47,175970,116129,77768,20267074220,0,0,0
ni2204,20220218,20220218,112947000,11:29:47,175920,116131,77768,20267426090,2,0,351870
ni2204,20220218,20220218,112947500,11:29:48,175920,116132,77769,20267602010,1,1,175920
ni2204,20220218,20220218,112948000,11:29:49,175930,116137,77769,20268481580,5,0,879570
ni2204,20220218,20220218,112948500,11:29:50,175930,116138,77769,20268657510,1,0,175930
ni2204,20220218,20220218,112949000,11:29:50,175920,116145,77764,20269888960,7,-5,1231450
ni2204,20220218,20220218,112949500,11:29:50,175950,116146,77764,20270064910,1,0,175950
ni2204,20220218,20220218,112950000,11:29:51,175950,116146,77764,20270064910,0,0,0
ni2204,20220218,20220218,112950500,11:29:51,175910,116149,77766,20270592740,3,2,527830
ni2204,20220218,20220218,112951500,11:29:52,175910,116149,77766,20270592740,0,0,0
ni2204,20220218,20220218,112952000,11:29:53,175940,116152,77766,20271120560,3,0,527820
ni2204,20220218,20220218,112952500,11:29:53,175900,116153,77766,20271296460,1,0,175900
ni2204,20220218,20220218,112953000,11:29:53,175900,116153,77766,20271296460,0,0,0
ni2204,20220218,20220218,112953500,11:29:54,175910,116157,77766,20272000030,4,0,703570
ni2204,20220218,20220218,112954000,11:29:54,175910,116161,77765,20272703640,4,-1,703610
ni2204,20220218,20220218,112954500,11:29:54,175910,116161,77765,20272703640,0,0,0
ni2204,20220218,20220218,112955000,11:29:55,175910,116161,77765,20272703640,0,0,0
ni2204,20220218,20220218,112955500,11:29:56,175860,116162,77764,20272879500,1,-1,175860
ni2204,20220218,20220218,112956000,11:29:56,175840,116163,77764,20273055340,1,0,175840
ni2204,20220218,20220218,112956500,11:30:00,175840,116163,77764,20273055340,0,0,0
ni2204,20220218,20220218,112957000,11:30:02,175940,116164,77764,20273231280,1,0,175940
ni2204,20220218,20220218,112957500,11:30:02,175960,116167,77763,20273759040,3,-1,527760
ni2204,20220218,20220218,112959500,11:30:02,175930,116169,77763,20274110860,2,0,351820
ni2204,20220218,20220218,113000000,11:30:03,175930,116170,77762,20274286790,1,-1,175930
ni2204,20220218,20220218,113001000,11:30:03,175930,116172,77762,20274638650,2,0,351860
ni2204,20220218,20220218,113001500,11:30:03,175930,116172,77762,20274638650,0,0,0
ni2204,20220218,20220218,133002000,13:30:08,175930,116181,77763,20276221990,9,1,1583340
ni2204,20220218,20220218,133002500,13:30:10,175930,116183,77763,20276573850,2,0,351860
ni2204,20220218,20220218,133008000,13:30:10,175880,116287,77777,20294869810,104,14,18295960
ni2204,20220218,20220218,133009500,13:30:10,175880,116287,77777,20294869810,0,0,0
ni2204,20220218,20220218,133010000,13:30:11,175880,116290,77777,20295397490,3,0,527680
ni2204,20220218,20220218,133010500,13:30:12,175810,116345,77829,20305068680,55,52,9671190
ni2204,20220218,20220218,133011000,13:30:13,175800,116349,77831,20305771880,4,2,703200
ni2204,20220218,20220218,133011500,13:30:13,175730,116350,77832,20305947610,1,1,175730
ni2204,20220218,20220218,133012500,13:30:13,175840,116363,77829,20308233070,13,-3,2285460
ni2204,20220218,20220218,133013000,13:30:14,175800,116366,77828,20308760550,3,-1,527480
ni2204,20220218,20220218,133013500,13:30:14,175880,116369,77829,20309288190,3,1,527640
ni2204,20220218,20220218,133014000,13:30:15,175820,116371,77829,20309639850,2,0,351660
ni2204,20220218,20220218,133014500,13:30:16,175820,116371,77829,20309639850,0,0,0
ni2204,20220218,20220218,133015000,13:30:17,175880,116379,77825,20311046860,8,-4,1407010
ni2204,20220218,20220218,133016500,13:30:18,175920,116398,77811,20314388840,19,-14,3341980
ni2204,20220218,20220218,133017000,13:30:18,175920,116400,77811,20314740680,2,0,351840
ni2204,20220218,20220218,133017500,13:30:19,175860,116411,77811,20316675740,11,0,1935060
ni2204,20220218,20220218,133018000,13:30:19,176000,116448,77834,20323182560,37,23,6506820
ni2204,20220218,20220218,133018500,13:30:20,175830,116467,77833,20326523620,19,-1,3341060
ni2204,20220218,20220218,133019000,13:30:20,175820,116470,77834,20327051060,3,1,527440
ni2204,20220218,20220218,133019500,13:30:20,175830,116483,77833,20329336720,13,-1,2285660
ni2204,20220218,20220218,133020000,13:30:21,175830,116488,77829,20330215870,5,-4,879150
ni2204,20220218,20220218,133020500,13:30:21,175820,116490,77829,20330567520,2,0,351650
ni2204,20220218,20220218,133021000,13:30:21,175800,116493,77828,20331094960,3,-1,527440
ni2204,20220218,20220218,133021500,13:30:22,175800,116493,77828,20331094960,0,0,0
ni2204,20220218,20220218,133022000,13:30:38,175810,116496,77827,20331622310,3,-1,527350
ni2204,20220218,20220218,133022500,13:30:38,175810,116496,77827,20331622310,0,0,0
ni2204,20220218,20220218,133023000,13:30:38,175810,116496,77827,20331622310,0,0,0
ni2204,20220218,20220218,133038000,13:30:40,175810,116496,77827,20331622310,0,0,0
ni2204,20220218,20220218,133038500,13:30:41,175810,116496,77827,20331622310,0,0,0
ni2204,20220218,20220218,133040500,13:30:43,175980,116529,77826,20337427240,33,-1,5804930
ni2204,20220218,20220218,133041000,13:30:43,175980,116533,77828,20338131150,4,2,703910
ni2204,20220218,20220218,133041500,13:30:43,175980,116533,77828,20338131150,0,0,0
ni2204,20220218,20220218,133042000,13:30:44,175940,116534,77829,20338307090,1,1,175940
ni2204,20220218,20220218,133042500,13:30:44,175960,116538,77831,20339010960,4,2,703870
ni2204,20220218,20220218,133043000,13:30:44,175940,116546,77835,20340418420,8,4,1407460
ni2204,20220218,20220218,133044500,13:30:46,175940,116546,77835,20340418420,0,0,0
ni2204,20220218,20220218,133045000,13:30:46,175940,116546,77835,20340418420,0,0,0
ni2204,20220218,20220218,133046000,13:30:47,175940,116546,77835,20340418420,0,0,0
ni2204,20220218,20220218,133046500,13:30:47,175940,116546,77835,20340418420,0,0,0
ni2204,20220218,20220218,133047000,13:30:48,175940,116546,77835,20340418420,0,0,0
ni2204,20220218,20220218,133048000,13:30:48,175970,116552,77831,20341474170,6,-4,1055750
ni2204,20220218,20220218,133048500,13:30:49,175970,116552,77831,20341474170,0,0,0
ni2204,20220218,20220218,133049000,13:30:49,175970,116554,77832,20341826110,2,1,351940
ni2204,20220218,20220218,133049500,13:30:50,175970,116554,77832,20341826110,0,0,0
ni2204,20220218,20220218,133050000,13:30:51,175970,116554,77832,20341826110,0,0,0
ni2204,20220218,20220218,133050500,13:30:51,175940,116555,77833,20342002050,1,1,175940
ni2204,20220218,20220218,133051000,13:30:52,175940,116555,77833,20342002050,0,0,0
ni2204,20220218,20220218,133051500,13:30:52,175940,116555,77833,20342002050,0,0,0
ni2204,20220218,20220218,133052000,13:30:53,175940,116555,77833,20342002050,0,0,0
ni2204,20220218,20220218,133052500,13:30:54,175910,116557,77834,20342353870,2,1,351820
ni2204,20220218,20220218,133053000,13:30:54,175910,116557,77834,20342353870,0,0,0
ni2204,20220218,20220218,133053500,13:30:54,175910,116557,77834,20342353870,0,0,0
ni2204,20220218,20220218,133054000,13:30:55,175860,116558,77835,20342529730,1,1,175860
ni2204,20220218,20220218,133054500,13:30:55,175860,116558,77835,20342529730,0,0,0
ni2204,20220218,20220218,133055000,13:30:56,175860,116558,77835,20342529730,0,0,0
ni2204,20220218,20220218,133055500,13:30:56,175860,116558,77835,20342529730,0,0,0
ni2204,20220218,20220218,133056000,13:30:57,175860,116558,77835,20342529730,0,0,0
ni2204,20220218,20220218,133056500,13:30:57,175880,116559,77835,20342705610,1,0,175880
ni2204,20220218,20220218,133057000,13:30:58,175910,116564,77835,20343585160,5,0,879550
ni2204,20220218,20220218,133058500,13:30:59,175910,116564,77835,20343585160,0,0,0
ni2204,20220218,20220218,133059000,13:30:59,175920,116567,77834,20344112900,3,-1,527740
ni2204,20220218,20220218,133059500,13:31:00,175920,116567,77834,20344112900,0,0,0
ni2204,20220218,20220218,133100000,13:31:00,175920,116567,77834,20344112900,0,0,0
ni2204,20220218,20220218,133100500,13:31:00,175950,116578,77825,20346048220,11,-9,1935320
ni2204,20220218,20220218,133101000,13:31:01,175960,116581,77825,20346576100,3,0,527880
ni2204,20220218,20220218,133101500,13:31:01,175950,116582,77825,20346752050,1,0,175950
ni2204,20220218,20220218,133102000,13:31:02,175960,116586,77829,20347455890,4,4,703840
ni2204,20220218,20220218,133102500,13:31:03,175960,116587,77830,20347631850,1,1,175960
ni2204,20220218,20220218,133103000,13:31:03,175970,116588,77831,20347807820,1,1,175970
ni2204,20220218,20220218,133103500,13:31:05,175970,116592,77834,20348511700,4,3,703880
ni2204,20220218,20220218,133104000,13:31:06,175970,116593,77835,20348687670,1,1,175970
ni2204,20220218,20220218,133104500,13:31:07,175970,116593,77835,20348687670,0,0,0
ni2204,20220218,20220218,133105500,13:31:08,175940,116595,77835,20349039560,2,0,351890
ni2204,20220218,20220218,133107000,13:31:09,175960,116596,77836,20349215520,1,1,175960
ni2204,20220218,20220218,133107500,13:31:09,175950,116598,77836,20349567420,2,0,351900
ni2204,20220218,20220218,133108500,13:31:09,175950,116598,77836,20349567420,0,0,0
ni2204,20220218,20220218,133109000,13:31:09,175950,116598,77836,20349567420,0,0,0
ni2204,20220218,20220218,133109500,13:31:10,175950,116598,77836,20349567420,0,0,0
ni2204,20220218,20220218,133110000,13:31:11,175940,116604,77835,20350623120,6,-1,1055700
ni2204,20220218,20220218,133110500,13:31:11,175980,116610,77837,20351678890,6,2,1055770
ni2204,20220218,20220218,133111000,13:31:11,175960,116611,77838,20351854850,1,1,175960
ni2204,20220218,20220218,133111500,13:31:12,175940,116612,77839,20352030790,1,1,175940
ni2204,20220218,20220218,133112000,13:31:12,175940,116612,77839,20352030790,0,0,0
ni2204,20220218,20220218,133112500,13:31:13,175940,116612,77839,20352030790,0,0,0
ni2204,20220218,20220218,133113000,13:31:13,175940,116612,77839,20352030790,0,0,0
ni2204,20220218,20220218,133113500,13:31:14,175940,116612,77839,20352030790,0,0,0
ni2204,20220218,20220218,133114000,13:31:15,175940,116612,77839,20352030790,0,0,0
ni2204,20220218,20220218,133114500,13:31:15,175960,116613,77839,20352206750,1,0,175960
ni2204,20220218,20220218,133115000,13:31:15,175960,116617,77838,20352910590,4,-1,703840
ni2204,20220218,20220218,133115500,13:31:16,175960,116617,77838,20352910590,0,0,0
ni2204,20220218,20220218,133116000,13:31:16,175990,116619,77839,20353262570,2,1,351980
ni2204,20220218,20220218,133116500,13:31:17,175990,116619,77839,20353262570,0,0,0
ni2204,20220218,20220218,133117000,13:31:17,175990,116619,77839,20353262570,0,0,0
ni2204,20220218,20220218,133117500,13:31:18,175950,116626,77842,20354494310,7,3,1231740
ni2204,20220218,20220218,133118000,13:31:19,175950,116628,77844,20354846210,2,2,351900
ni2204,20220218,20220218,133118500,13:31:19,175950,116628,77844,20354846210,0,0,0
ni2204,20220218,20220218,133119000,13:31:19,175950,116628,77844,20354846210,0,0,0
ni2204,20220218,20220218,133119500,13:31:20,175950,116628,77844,20354846210,0,0,0
ni2204,20220218,20220218,133120000,13:31:20,175960,116629,77844,20355022170,1,0,175960
ni2204,20220218,20220218,133120500,13:31:21,175960,116629,77844,20355022170,0,0,0
ni2204,20220218,20220218,133121000,13:31:21,175960,116629,77844,20355022170,0,0,0
ni2204,20220218,20220218,133121500,13:31:22,175960,116629,77844,20355022170,0,0,0
ni2204,20220218,20220218,133122000,13:31:22,175980,116630,77843,20355198150,1,-1,175980
ni2204,20220218,20220218,133122500,13:31:25,175980,116630,77843,20355198150,0,0,0
ni2204,20220218,20220218,133123000,13:31:25,175990,116641,77854,20357133940,11,11,1935790
ni2204,20220218,20220218,133123500,13:31:25,175990,116643,77856,20357485920,2,2,351980
ni2204,20220218,20220218,133124000,13:31:25,176000,116741,77904,20374733890,98,48,17247970
ni2204,20220218,20220218,133124500,13:31:25,176000,116744,77905,20375261890,3,1,528000
ni2204,20220218,20220218,133156000,13:31:56,176030,116834,77901,20391103240,90,-4,15841350
ni2204,20220218,20220218,133158000,13:31:58,176040,116848,77890,20393567800,14,-11,2464560
ni2204,20220218,20220218,133158500,13:31:58,176040,116885,77873,20400080210,37,-17,6512410
ni2204,20220218,20220218,133159500,13:32:00,176040,116895,77869,20401840330,10,-4,1760120
ni2204,20220218,20220218,133200500,13:32:01,175810,116997,77860,20419786450,102,-9,17946120
ni2204,20220218,20220218,133201000,13:32:01,175830,116999,77859,20420138100,2,-1,351650
ni2204,20220218,20220218,133201500,13:32:01,175840,117002,77861,20420665620,3,2,527520
ni2204,20220218,20220218,133202000,13:32:03,175830,117004,77862,20421017290,2,1,351670
ni2204,20220218,20220218,133202500,13:32:04,175830,117004,77862,20421017290,0,0,0
ni2204,20220218,20220218,133203000,13:32:05,175830,117004,77862,20421017290,0,0,0
ni2204,20220218,20220218,133203500,13:32:05,175820,117006,77863,20421368940,2,1,351650
ni2204,20220218,20220218,133204000,13:32:05,175810,117010,77863,20422072180,4,0,703240
ni2204,20220218,20220218,133205000,13:32:06,175800,117011,77864,20422247980,1,1,175800
ni2204,20220218,20220218,133205500,13:32:06,175800,117013,77866,20422599580,2,2,351600
ni2204,20220218,20220218,133206000,13:32:07,175790,117015,77867,20422951170,2,1,351590
ni2204,20220218,20220218,133206500,13:32:07,175780,117017,77868,20423302730,2,1,351560
ni2204,20220218,20220218,133207000,13:32:07,175760,117019,77868,20423654250,2,0,351520
ni2204,20220218,20220218,133207500,13:32:07,175750,117021,77869,20424005760,2,1,351510
ni2204,20220218,20220218,133208000,13:32:09,175740,117023,77868,20424357250,2,-1,351490
ni2204,20220218,20220218,133208500,13:32:10,175740,117024,77868,20424532990,1,0,175740
ni2204,20220218,20220218,133209000,13:32:10,175710,117027,77868,20425060130,3,0,527140
ni2204,20220218,20220218,133209500,13:32:10,175710,117029,77867,20425411540,2,-1,351410
ni2204,20220218,20220218,133210000,13:32:11,175710,117030,77867,20425587250,1,0,175710
ni2204,20220218,20220218,133210500,13:32:14,175660,117036,77868,20426641310,6,1,1054060
ni2204,20220218,20220218,133211000,13:32:14,175660,117037,77868,20426816970,1,0,175660
ni2204,20220218,20220218,133213000,13:32:15,175650,117078,77888,20434018840,41,20,7201870
ni2204,20220218,20220218,133214000,13:32:15,175700,117084,77885,20435072870,6,-3,1054030
ni2204,20220218,20220218,133214500,13:32:16,175700,117084,77885,20435072870,0,0,0
ni2204,20220218,20220218,133215000,13:32:16,175700,117087,77886,20435599910,3,1,527040
ni2204,20220218,20220218,133215500,13:32:16,175700,117087,77886,20435599910,0,0,0
ni2204,20220218,20220218,133216000,13:32:17,175700,117087,77886,20435599910,0,0,0
ni2204,20220218,20220218,133216500,13:32:17,175670,117090,77889,20436126920,3,3,527010
ni2204,20220218,20220218,133217000,13:32:17,175670,117090,77889,20436126920,0,0,0
ni2204,20220218,20220218,133217500,13:32:18,175710,117092,77890,20436478340,2,1,351420
ni2204,20220218,20220218,133218000,13:32:18,175710,117094,77888,20436829760,2,-2,351420
ni2204,20220218,20220218,133218500,13:32:19,175700,117098,77887,20437532610,4,-1,702850
ni2204,20220218,20220218,133219000,13:32:20,175710,117100,77887,20437884020,2,0,351410
ni2204,20220218,20220218,133219500,13:32:20,175710,117100,77887,20437884020,0,0,0
ni2204,20220218,20220218,133220000,13:32:20,175680,117101,77886,20438059700,1,-1,175680
ni2204,20220218,20220218,133220500,13:32:21,175680,117101,77886,20438059700,0,0,0
ni2204,20220218,20220218,133221000,13:32:21,175680,117102,77887,20438235380,1,1,175680
ni2204,20220218,20220218,133221500,13:32:22,175700,117103,77888,20438411080,1,1,175700
ni2204,20220218,20220218,133222000,13:32:22,175710,117106,77889,20438938210,3,1,527130
ni2204,20220218,20220218,133222500,13:32:24,175680,117123,77888,20441924780,17,-1,2986570
ni2204,20220218,20220218,133223000,13:32:24,175680,117126,77888,20442451820,3,0,527040
ni2204,20220218,20220218,133223500,13:32:24,175680,117126,77888,20442451820,0,0,0
ni2204,20220218,20220218,133224000,13:32:24,175690,117131,77883,20443330270,5,-5,878450
ni2204,20220218,20220218,133224500,13:32:25,175690,117137,77882,20444384410,6,-1,1054140
ni2204,20220218,20220218,133225000,13:32:25,175690,117137,77882,20444384410,0,0,0
ni2204,20220218,20220218,133225500,13:32:25,175690,117138,77882,20444560100,1,0,175690
ni2204,20220218,20220218,133226000,13:32:27,175690,117139,77882,20444735790,1,0,175690
ni2204,20220218,20220218,133226500,13:32:27,175690,117140,77882,20444911480,1,0,175690
ni2204,20220218,20220218,133227000,13:32:27,175660,117142,77883,20445262810,2,1,351330
ni2204,20220218,20220218,133227500,13:32:28,175660,117142,77883,20445262810,0,0,0
ni2204,20220218,20220218,133228000,13:32:32,175660,117142,77883,20445262810,0,0,0
ni2204,20220218,20220218,133228500,13:32:32,175660,117143,77884,20445438470,1,1,175660
ni2204,20220218,20220218,133229000,13:32:33,175660,117143,77884,20445438470,0,0,0
ni2204,20220218,20220218,133232000,13:32:35,175660,117143,77884,20445438470,0,0,0
ni2204,20220218,20220218,133232500,13:32:35,175670,117168,77883,20449830200,25,-1,4391730
ni2204,20220218,20220218,133234500,13:32:35,175650,117177,77884,20451411120,9,1,1580920
ni2204,20220218,20220218,133235000,13:32:36,175660,117178,77885,20451586780,1,1,175660
ni2204,20220218,20220218,133235500,13:32:36,175640,117194,77882,20454397080,16,-3,2810300
ni2204,20220218,20220218,133236000,13:32:37,175640,117208,77890,20456856040,14,8,2458960
ni2204,20220218,20220218,133236500,13:32:37,175650,117211,77889,20457382990,3,-1,526950
ni2204,20220218,20220218,133237000,13:32:37,175650,117211,77889,20457382990,0,0,0
ni2204,20220218,20220218,133237500,13:32:37,175650,117211,77889,20457382990,0,0,0
ni2204,20220218,20220218,133238000,13:32:38,175640,117213,77888,20457734270,2,-1,351280
ni2204,20220218,20220218,133238500,13:32:39,175640,117214,77889,20457909910,1,1,175640
ni2204,20220218,20220218,133239000,13:32:39,175620,117215,77890,20458085530,1,1,175620
ni2204,20220218,20220218,133239500,13:32:40,175620,117215,77890,20458085530,0,0,0
ni2204,20220218,20220218,133240000,13:32:40,175640,117216,77891,20458261170,1,1,175640
ni2204,20220218,20220218,133240500,13:32:41,175640,117216,77891,20458261170,0,0,0
ni2204,20220218,20220218,133241000,13:32:41,175640,117216,77891,20458261170,0,0,0
ni2204,20220218,20220218,133241500,13:32:42,175630,117258,77907,20465637220,42,16,7376050
ni2204,20220218,20220218,133242000,13:32:42,175630,117258,77907,20465637220,0,0,0
ni2204,20220218,20220218,133242500,13:32:42,175630,117258,77907,20465637220,0,0,0
ni2204,20220218,20220218,133243000,13:32:43,175630,117258,77907,20465637220,0,0,0
ni2204,20220218,20220218,133243500,13:32:43,175630,117259,77907,20465812850,1,0,175630
ni2204,20220218,20220218,133244000,13:32:44,175630,117259,77907,20465812850,0,0,0
ni2204,20220218,20220218,133244500,13:32:45,175610,117260,77906,20465988460,1,-1,175610
ni2204,20220218,20220218,133245000,13:32:45,175610,117265,77905,20466866510,5,-1,878050
ni2204,20220218,20220218,133245500,13:32:45,175610,117265,77905,20466866510,0,0,0
ni2204,20220218,20220218,133246000,13:32:47,175580,117274,77906,20468446870,9,1,1580360
ni2204,20220218,20220218,133246500,13:32:47,175600,117276,77906,20468798040,2,0,351170
ni2204,20220218,20220218,133247000,13:32:47,175600,117276,77906,20468798040,0,0,0
ni2204,20220218,20220218,133247500,13:32:48,175580,117277,77905,20468973620,1,-1,175580
ni2204,20220218,20220218,133248000,13:32:49,175570,117279,77905,20469324760,2,0,351140
ni2204,20220218,20220218,133248500,13:32:49,175570,117282,77906,20469851470,3,1,526710
ni2204,20220218,20220218,133249000,13:32:49,175520,117299,77896,20472835420,17,-10,2983950
ni2204,20220218,20220218,133249500,13:32:50,175550,117341,77893,20480206670,42,-3,7371250
ni2204,20220218,20220218,133250000,13:32:50,175500,117353,77895,20482312780,12,2,2106110
ni2204,20220218,20220218,133250500,13:32:52,175550,117370,77893,20485296780,17,-2,2984000
ni2204,20220218,20220218,133251000,13:32:52,175520,117376,77892,20486350100,6,-1,1053320
ni2204,20220218,20220218,133251500,13:32:53,175520,117380,77895,20487052180,4,3,702080
ni2204,20220218,20220218,133252500,13:32:53,175500,117395,77889,20489684940,15,-6,2632760
ni2204,20220218,20220218,133253000,13:32:53,175510,117398,77887,20490211450,3,-2,526510
ni2204,20220218,20220218,133253500,13:32:54,175510,117402,77884,20490913450,4,-3,702000
ni2204,20220218,20220218,133254000,13:32:54,175470,117406,77884,20491615380,4,0,701930
ni2204,20220218,20220218,133254500,13:32:55,175460,117434,77877,20496527540,28,-7,4912160
ni2204,20220218,20220218,133255000,13:32:55,175390,117449,77876,20499159300,15,-1,2631760
ni2204,20220218,20220218,133255500,13:32:55,175490,117463,77868,20501615750,14,-8,2456450
ni2204,20220218,20220218,133256000,13:32:56,175470,117464,77868,20501791220,1,0,175470
ni2204,20220218,20220218,133256500,13:32:56,175470,117464,77868,20501791220,0,0,0
ni2204,20220218,20220218,133257000,13:32:59,175450,117465,77868,20501966670,1,0,175450
ni2204,20220218,20220218,133257500,13:33:00,175450,117466,77868,20502142120,1,0,175450
ni2204,20220218,20220218,133258000,13:33:00,175460,117475,77869,20503720950,9,1,1578830
ni2204,20220218,20220218,133258500,13:33:00,175480,117491,77855,20506528490,16,-14,2807540
ni2204,20220218,20220218,133259500,13:33:01,175490,117492,77855,20506703980,1,0,175490
ni2204,20220218,20220218,133300000,13:33:01,175440,117510,77855,20509861820,18,0,3157840
ni2204,20220218,20220218,133300500,13:33:01,175450,117519,77854,20511440870,9,-1,1579050
ni2204,20220218,20220218,133301000,13:33:02,175420,117521,77854,20511791710,2,0,350840
ni2204,20220218,20220218,133301500,13:33:02,175420,117521,77854,20511791710,0,0,0
ni2204,20220218,20220218,133302000,13:33:03,175420,117527,77851,20512844230,6,-3,1052520
ni2204,20220218,20220218,133302500,13:33:03,175360,117535,77845,20514247250,8,-6,1403020
ni2204,20220218,20220218,133303000,13:33:04,175390,117536,77845,20514422640,1,0,175390
ni2204,20220218,20220218,133303500,13:33:04,175400,117541,77845,20515299640,5,0,877000
ni2204,20220218,20220218,133304000,13:33:04,175400,117544,77845,20515825830,3,0,526190
ni2204,20220218,20220218,133304500,13:33:05,175390,117545,77845,20516001220,1,0,175390
ni2204,20220218,20220218,133305000,13:33:05,175390,117552,77852,20517228790,7,7,1227570
ni2204,20220218,20220218,133305500,13:33:05,175350,117557,77851,20518105560,5,-1,876770
ni2204,20220218,20220218,133306000,13:33:06,175370,117564,77846,20519333170,7,-5,1227610
ni2204,20220218,20220218,133306500,13:33:06,175360,117572,77839,20520736120,8,-7,1402950
ni2204,20220218,20220218,133307000,13:33:07,175350,117575,77838,20521262180,3,-1,526060
ni2204,20220218,20220218,133307500,13:33:08,175350,117577,77838,20521612890,2,0,350710
ni2204,20220218,20220218,133308000,13:33:08,175350,117582,77838,20522489650,5,0,876760
ni2204,20220218,20220218,133308500,13:33:09,175350,117582,77838,20522489650,0,0,0
ni2204,20220218,20220218,133309000,13:33:09,175390,117586,77839,20523191210,4,1,701560
ni2204,20220218,20220218,133309500,13:33:10,175390,117586,77839,20523191210,0,0,0
ni2204,20220218,20220218,133310000,13:33:11,175430,117587,77839,20523366640,1,0,175430
ni2204,20220218,20220218,133310500,13:33:12,175430,117587,77839,20523366640,0,0,0
ni2204,20220218,20220218,133311000,13:33:13,175440,117594,77837,20524594720,7,-2,1228080
ni2204,20220218,20220218,133311500,13:33:14,175430,117595,77837,20524770150,1,0,175430
ni2204,20220218,20220218,133312000,13:33:14,175430,117595,77837,20524770150,0,0,0
ni2204,20220218,20220218,133313500,13:33:15,175440,117601,77832,20525822740,6,-5,1052590
ni2204,20220218,20220218,133314000,13:33:17,175440,117601,77832,20525822740,0,0,0
ni2204,20220218,20220218,133314500,13:33:17,175440,117601,77832,20525822740,0,0,0
ni2204,20220218,20220218,133315000,13:33:18,175440,117601,77832,20525822740,0,0,0
ni2204,20220218,20220218,133315500,13:33:18,175430,117607,77838,20526875320,6,6,1052580
ni2204,20220218,20220218,133317000,13:33:18,175450,117621,77841,20529331450,14,3,2456130
ni2204,20220218,20220218,133318000,13:33:19,175450,117626,77842,20530208720,5,1,877270
ni2204,20220218,20220218,133318500,13:33:19,175420,117629,77839,20530735060,3,-3,526340
ni2204,20220218,20220218,133319000,13:33:20,175450,117630,77840,20530910510,1,1,175450
ni2204,20220218,20220218,133319500,13:33:20,175450,117631,77840,20531085960,1,0,175450
ni2204,20220218,20220218,133320000,13:33:21,175450,117631,77840,20531085960,0,0,0
ni2204,20220218,20220218,133320500,13:33:21,175450,117631,77840,20531085960,0,0,0
ni2204,20220218,20220218,133321000,13:33:22,175450,117631,77840,20531085960,0,0,0
ni2204,20220218,20220218,133321500,13:33:22,175450,117631,77840,20531085960,0,0,0
ni2204,20220218,20220218,133322000,13:33:22,175450,117632,77841,20531261410,1,1,175450
ni2204,20220218,20220218,133322500,13:33:22,175450,117632,77841,20531261410,0,0,0
ni2204,20220218,20220218,133323000,13:33:23,175450,117632,77841,20531261410,0,0,0
ni2204,20220218,20220218,133323500,13:33:24,175460,117636,77840,20531963250,4,-1,701840
ni2204,20220218,20220218,133324000,13:33:24,175460,117651,77840,20534595150,15,0,2631900
ni2204,20220218,20220218,133324500,13:33:25,175490,117653,77840,20534946130,2,0,350980
ni2204,20220218,20220218,133325000,13:33:26,175450,117662,77838,20536525220,9,-2,1579090
ni2204,20220218,20220218,133325500,13:33:27,175450,117665,77836,20537051570,3,-2,526350
ni2204,20220218,20220218,133326000,13:33:28,175450,117667,77834,20537402470,2,-2,350900
ni2204,20220218,20220218,133326500,13:33:29,175450,117667,77834,20537402470,0,0,0
ni2204,20220218,20220218,133327000,13:33:29,175470,117671,77835,20538104290,4,1,701820
ni2204,20220218,20220218,133328500,13:33:30,175470,117671,77835,20538104290,0,0,0
ni2204,20220218,20220218,133329000,13:33:30,175410,117677,77836,20539156810,6,1,1052520
ni2204,20220218,20220218,133329500,13:33:30,175410,117677,77836,20539156810,0,0,0
ni2204,20220218,20220218,133330000,13:33:30,175410,117680,77838,20539683040,3,2,526230
ni2204,20220218,20220218,133330500,13:33:31,175410,117682,77840,20540033860,2,2,350820
ni2204,20220218,20220218,133331000,13:33:32,175450,117684,77840,20540384760,2,0,350900
ni2204,20220218,20220218,133331500,13:33:32,175450,117684,77840,20540384760,0,0,0
ni2204,20220218,20220218,133332000,13:33:32,175450,117684,77840,20540384760,0,0,0
ni2204,20220218,20220218,133332500,13:33:33,175450,117684,77840,20540384760,0,0,0
ni2204,20220218,20220218,133333000,13:33:33,175450,117684,77840,20540384760,0,0,0
ni2204,20220218,20220218,133333500,13:33:33,175450,117685,77840,20540560210,1,0,175450
ni2204,20220218,20220218,133334000,13:33:34,175450,117685,77840,20540560210,0,0,0
ni2204,20220218,20220218,133334500,13:33:34,175450,117685,77840,20540560210,0,0,0
ni2204,20220218,20220218,133335000,13:33:35,175470,117688,77837,20541086620,3,-3,526410
ni2204,20220218,20220218,133335500,13:33:35,175470,117688,77837,20541086620,0,0,0
ni2204,20220218,20220218,133336000,13:33:36,175470,117688,77837,20541086620,0,0,0
ni2204,20220218,20220218,133336500,13:33:36,175470,117689,77836,20541262090,1,-1,175470
ni2204,20220218,20220218,133337000,13:33:37,175470,117689,77836,20541262090,0,0,0
ni2204,20220218,20220218,133337500,13:33:37,175470,117689,77836,20541262090,0,0,0
ni2204,20220218,20220218,133338000,13:33:38,175500,117698,77838,20542841530,9,2,1579440
ni2204,20220218,20220218,133338500,13:33:39,175500,117699,77838,20543017030,1,0,175500
ni2204,20220218,20220218,133339000,13:33:39,175510,117703,77838,20543719070,4,0,702040
ni2204,20220218,20220218,133339500,13:33:40,175480,117704,77839,20543894550,1,1,175480
ni2204,20220218,20220218,133340000,13:33:40,175480,117704,77839,20543894550,0,0,0
ni2204,20220218,20220218,133340500,13:33:41,175520,117705,77839,20544070070,1,0,175520
ni2204,20220218,20220218,133341000,13:33:41,175520,117705,77839,20544070070,0,0,0
ni2204,20220218,20220218,133341500,13:33:42,175480,117706,77839,20544245550,1,0,175480
ni2204,20220218,20220218,133342000,13:33:42,175520,117707,77838,20544421070,1,-1,175520
ni2204,20220218,20220218,133342500,13:33:42,175480,117708,77838,20544596550,1,0,175480
ni2204,20220218,20220218,133343000,13:33:43,175500,117709,77837,20544772050,1,-1,175500
ni2204,20220218,20220218,133343500,13:33:44,175500,117709,77837,20544772050,0,0,0
ni2204,20220218,20220218,133344000,13:33:45,175520,117711,77837,20545123090,2,0,351040
ni2204,20220218,20220218,133344500,13:33:45,175520,117712,77836,20545298610,1,-1,175520
ni2204,20220218,20220218,133345000,13:33:45,175520,117712,77836,20545298610,0,0,0
ni2204,20220218,20220218,133345500,13:33:47,175520,117712,77836,20545298610,0,0,0
ni2204,20220218,20220218,133346000,13:33:47,175500,117714,77837,20545649630,2,1,351020
ni2204,20220218,20220218,133346500,13:33:48,175530,117716,77836,20546000680,2,-1,351050
ni2204,20220218,20220218,133347000,13:33:48,175550,117717,77835,20546176230,1,-1,175550
ni2204,20220218,20220218,133347500,13:33:49,175550,117717,77835,20546176230,0,0,0
ni2204,20220218,20220218,133348000,13:33:49,175520,117719,77836,20546527280,2,1,351050
ni2204,20220218,20220218,133348500,13:33:49,175520,117719,77836,20546527280,0,0,0
ni2204,20220218,20220218,133349000,13:33:50,175520,117719,77836,20546527280,0,0,0
ni2204,20220218,20220218,133349500,13:33:50,175520,117719,77836,20546527280,0,0,0
ni2204,20220218,20220218,133350000,13:33:50,175520,117719,77836,20546527280,0,0,0
ni2204,20220218,20220218,133350500,13:33:50,175520,117719,77836,20546527280,0,0,0
ni2204,20220218,20220218,133351000,13:33:51,175520,117719,77836,20546527280,0,0,0
ni2204,20220218,20220218,133351500,13:33:52,175520,117719,77836,20546527280,0,0,0
ni2204,20220218,20220218,133352000,13:33:52,175520,117719,77836,20546527280,0,0,0
ni2204,20220218,20220218,133352500,13:33:52,175520,117719,77836,20546527280,0,0,0
ni2204,20220218,20220218,133353000,13:33:53,175520,117719,77836,20546527280,0,0,0
ni2204,20220218,20220218,133353500,13:33:53,175520,117719,77836,20546527280,0,0,0
ni2204,20220218,20220218,133354000,13:33:54,175520,117719,77836,20546527280,0,0,0
ni2204,20220218,20220218,133354500,13:33:55,175520,117719,77836,20546527280,0,0,0
ni2204,20220218,20220218,133355000,13:33:56,175550,117721,77836,20546878380,2,0,351100
ni2204,20220218,20220218,133355500,13:33:56,175550,117721,77836,20546878380,0,0,0
ni2204,20220218,20220218,133356000,13:33:57,175550,117721,77836,20546878380,0,0,0
ni2204,20220218,20220218,133356500,13:33:57,175500,117726,77835,20547755890,5,-1,877510
ni2204,20220218,20220218,133357000,13:33:57,175500,117726,77835,20547755890,0,0,0
ni2204,20220218,20220218,133357500,13:33:58,175500,117726,77835,20547755890,0,0,0
ni2204,20220218,20220218,133358000,13:33:58,175500,117726,77835,20547755890,0,0,0
ni2204,20220218,20220218,133358500,13:33:59,175500,117726,77835,20547755890,0,0,0
ni2204,20220218,20220218,133359000,13:33:59,175500,117726,77835,20547755890,0,0,0
ni2204,20220218,20220218,133359500,13:34:00,175500,117726,77835,20547755890,0,0,0
ni2204,20220218,20220218,133400000,13:34:00,175540,117730,77832,20548458020,4,-3,702130
ni2204,20220218,20220218,133400500,13:34:01,175540,117762,77860,20554075610,32,28,5617590
ni2204,20220218,20220218,133401000,13:34:02,175560,117763,77860,20554251170,1,0,175560
ni2204,20220218,20220218,133401500,13:34:02,175580,117767,77857,20554953440,4,-3,702270
ni2204,20220218,20220218,133402000,13:34:10,175580,117767,77857,20554953440,0,0,0
ni2204,20220218,20220218,133402500,13:34:10,175580,117767,77857,20554953440,0,0,0
ni2204,20220218,20220218,133403000,13:34:10,175570,117769,77857,20555304580,2,0,351140
ni2204,20220218,20220218,133410000,13:34:12,175570,117771,77856,20555655720,2,-1,351140
ni2204,20220218,20220218,133410500,13:34:12,175570,117775,77858,20556358020,4,2,702300
ni2204,20220218,20220218,133411500,13:34:12,175570,117775,77858,20556358020,0,0,0
ni2204,20220218,20220218,133412000,13:34:12,175620,117784,77859,20557938380,9,1,1580360
ni2204,20220218,20220218,133412500,13:34:13,175620,117788,77858,20558640850,4,-1,702470
ni2204,20220218,20220218,133413000,13:34:13,175590,117789,77859,20558816440,1,1,175590
ni2204,20220218,20220218,133413500,13:34:14,175590,117789,77859,20558816440,0,0,0
ni2204,20220218,20220218,133414000,13:34:14,175580,117791,77857,20559167600,2,-2,351160
ni2204,20220218,20220218,133414500,13:34:15,175590,117792,77858,20559343190,1,1,175590
ni2204,20220218,20220218,133415000,13:34:15,175590,117793,77858,20559518780,1,0,175590
ni2204,20220218,20220218,133415500,13:34:16,175590,117796,77859,20560045580,3,1,526800
ni2204,20220218,20220218,133416000,13:34:16,175580,117798,77859,20560396740,2,0,351160
ni2204,20220218,20220218,133416500,13:34:17,175570,117810,77859,20562503580,12,0,2106840
ni2204,20220218,20220218,133417000,13:34:17,175580,117811,77858,20562679160,1,-1,175580
ni2204,20220218,20220218,133417500,13:34:17,175580,117811,77858,20562679160,0,0,0
ni2204,20220218,20220218,133418000,13:34:18,175580,117811,77858,20562679160,0,0,0
