pb2203,20220218,20220218,112003000,11:20:10,15485,32534,24356,2521123950,32534,-1850,2521123950
pb2203,20220218,20220218,112004500,11:20:10,15485,32538,24356,2521433650,4,0,309700
pb2203,20220218,20220218,112005000,11:20:10,15485,32538,24356,2521433650,0,0,0
pb2203,20220218,20220218,112006500,11:20:10,15485,32544,24356,2521898200,6,0,464550
pb2203,20220218,20220218,112007000,11:20:10,15485,32589,24343,2525382325,45,-13,3484125
pb2203,20220218,20220218,112007500,11:20:10,15485,32640,24331,2529331000,51,-12,3948675
pb2203,20220218,20220218,112008000,11:20:10,15485,32642,24332,2529485825,2,1,154825
pb2203,20220218,20220218,112008500,11:20:10,15485,32642,24332,2529485825,0,0,0
pb2203,20220218,20220218,112009000,11:20:10,15485,32642,24332,2529485825,0,0,0
pb2203,20220218,20220218,112009500,11:20:10,15485,32642,24332,2529485825,0,0,0
pb2203,20220218,20220218,112010000,11:20:10,15485,32642,24332,2529485825,0,0,0
pb2203,20220218,20220218,112010500,11:20:10,15485,32642,24332,2529485825,0,0,0
pb2203,20220218,20220218,112011000,11:20:11,15480,32643,24331,2529563225,1,-1,77400
pb2203,20220218,20220218,112011500,11:20:11,15480,32645,24331,2529718050,2,0,154825
pb2203,20220218,20220218,112013000,11:20:13,15480,32645,24331,2529718050,0,0,0
pb2203,20220218,20220218,112013500,11:20:13,15480,32645,24331,2529718050,0,0,0
pb2203,20220218,20220218,112015500,11:20:16,15480,32646,24331,2529795450,1,0,77400
pb2203,20220218,20220218,112016000,11:20:16,15480,32646,24331,2529795450,0,0,0
pb2203,20220218,20220218,112016500,11:20:16,15480,32646,24331,2529795450,0,0,0
pb2203,20220218,20220218,112018000,11:20:18,15480,32646,24331,2529795450,0,0,0
pb2203,20220218,20220218,112019000,11:20:19,15480,32646,24331,2529795450,0,0,0
pb2203,20220218,20220218,112019500,11:20:19,15480,32647,24330,2529872850,1,-1,77400
pb2203,20220218,20220218,112020000,11:20:20,15480,32647,24330,2529872850,0,0,0
pb2203,20220218,20220218,112020500,11:20:20,15480,32650,24329,2530105050,3,-1,232200
pb2203,20220218,20220218,112021000,11:20:21,15480,32654,24330,2530414650,4,1,309600
pb2203,20220218,20220218,112021500,11:20:21,15480,32666,24334,2531343450,12,4,928800
pb2203,20220218,20220218,112022000,11:20:22,15480,32680,24332,2532427050,14,-2,1083600
pb2203,20220218,20220218,112022500,11:20:23,15480,32680,24332,2532427050,0,0,0
pb2203,20220218,20220218,112023000,11:20:23,15480,32683,24330,2532659250,3,-2,232200
pb2203,20220218,20220218,112023500,11:20:23,15480,32683,24330,2532659250,0,0,0
pb2203,20220218,20220218,112024000,11:20:24,15475,32686,24330,2532891425,3,0,232175
pb2203,20220218,20220218,112024500,11:20:24,15475,32696,24323,2533665175,10,-7,773750
pb2203,20220218,20220218,112025000,11:20:25,15475,32711,24309,2534825800,15,-14,1160625
pb2203,20220218,20220218,112025500,11:20:25,15475,32715,24307,2535135300,4,-2,309500
pb2203,20220218,20220218,112026000,11:20:26,15475,32716,24307,2535212675,1,0,77375
pb2203,20220218,20220218,112026500,11:20:26,15475,32716,24307,2535212675,0,0,0
pb2203,20220218,20220218,112027000,11:20:27,15475,32716,24307,2535212675,0,0,0
pb2203,20220218,20220218,112033500,11:20:33,15475,32716,24307,2535212675,0,0,0
pb2203,20220218,20220218,112034500,11:20:34,15475,32716,24307,2535212675,0,0,0
pb2203,20220218,20220218,112037000,11:20:37,15475,32716,24307,2535212675,0,0,0
pb2203,20220218,20220218,112038000,11:20:38,15475,32716,24307,2535212675,0,0,0
pb2203,20220218,20220218,112039000,11:20:39,15475,32718,24305,2535367450,2,-2,154775
pb2203,20220218,20220218,112039500,11:20:40,15475,32718,24305,2535367450,0,0,0
pb2203,20220218,20220218,112042500,11:20:42,15480,32720,24305,2535522250,2,0,154800
pb2203,20220218,20220218,112043000,11:20:43,15480,32742,24324,2537225050,22,19,1702800
pb2203,20220218,20220218,112043500,11:20:44,15480,32742,24324,2537225050,0,0,0
pb2203,20220218,20220218,112044000,11:20:44,15485,32744,24325,2537379900,2,1,154850
pb2203,20220218,20220218,112044500,11:20:44,15485,32744,24325,2537379900,0,0,0
pb2203,20220218,20220218,112045000,11:20:45,15480,32746,24325,2537534700,2,0,154800
pb2203,20220218,20220218,112045500,11:20:46,15480,32746,24325,2537534700,0,0,0
pb2203,20220218,20220218,112046000,11:20:46,15480,32746,24325,2537534700,0,0,0
pb2203,20220218,20220218,112047500,11:20:48,15480,32746,24325,2537534700,0,0,0
pb2203,20220218,20220218,112050500,11:20:51,15480,32746,24325,2537534700,0,0,0
pb2203,20220218,20220218,112054000,11:20:54,15480,32746,24325,2537534700,0,0,0
pb2203,20220218,20220218,112054500,11:20:55,15485,32811,24281,2542567325,65,-44,5032625
pb2203,20220218,20220218,112055000,11:20:55,15485,32811,24281,2542567325,0,0,0
pb2203,20220218,20220218,112055500,11:20:55,15490,32814,24280,2542799650,3,-1,232325
pb2203,20220218,20220218,112056000,11:20:56,15485,32820,24282,2543264200,6,2,464550
pb2203,20220218,20220218,112056500,11:20:56,15485,32824,24281,2543573900,4,-1,309700
pb2203,20220218,20220218,112057000,11:20:57,15485,32824,24281,2543573900,0,0,0
pb2203,20220218,20220218,112057500,11:20:58,15485,32828,24281,2543883600,4,0,309700
pb2203,20220218,20220218,112058000,11:20:58,15485,32828,24281,2543883600,0,0,0
pb2203,20220218,20220218,112059500,11:21:00,15485,32828,24281,2543883600,0,0,0
pb2203,20220218,20220218,112102500,11:21:03,15490,32829,24280,2543961050,1,-1,77450
pb2203,20220218,20220218,112103000,11:21:03,15490,32829,24280,2543961050,0,0,0
pb2203,20220218,20220218,112106500,11:21:07,15485,32830,24279,2544038475,1,-1,77425
pb2203,20220218,20220218,112107500,11:21:10,15490,32831,24279,2544115925,1,0,77450
pb2203,20220218,20220218,112108000,11:21:10,15485,32832,24278,2544193350,1,-1,77425
pb2203,20220218,20220218,112108500,11:21:10,15485,32835,24278,2544425625,3,0,232275
pb2203,20220218,20220218,112110000,11:21:10,15485,32835,24278,2544425625,0,0,0
pb2203,20220218,20220218,112112500,11:21:12,15485,32835,24278,2544425625,0,0,0
pb2203,20220218,20220218,112113000,11:21:13,15490,32840,24274,2544812875,5,-4,387250
pb2203,20220218,20220218,112113500,11:21:13,15490,32859,24277,2546284425,19,3,1471550
pb2203,20220218,20220218,112114000,11:21:14,15490,32878,24260,2547755975,19,-17,1471550
pb2203,20220218,20220218,112114500,11:21:14,15490,32881,24261,2547988325,3,1,232350
pb2203,20220218,20220218,112115000,11:21:15,15490,32888,24262,2548530475,7,1,542150
pb2203,20220218,20220218,112115500,11:21:15,15490,32888,24262,2548530475,0,0,0
pb2203,20220218,20220218,112116000,11:21:16,15490,32888,24262,2548530475,0,0,0
pb2203,20220218,20220218,112119000,11:21:19,15490,32888,24262,2548530475,0,0,0
pb2203,20220218,20220218,112123000,11:21:23,15490,32888,24262,2548530475,0,0,0
pb2203,20220218,20220218,112332000,11:23:33,15490,32888,24262,2548530475,0,0,0
pb2203,20220218,20220218,112334500,11:23:34,15490,32888,24262,2548530475,0,0,0
pb2203,20220218,20220218,112335000,11:23:35,15490,32888,24262,2548530475,0,0,0
pb2203,20220218,20220218,112338500,11:23:38,15490,33053,24281,2561310500,165,19,12780025
pb2203,20220218,20220218,112343000,11:23:43,15490,33053,24281,2561310500,0,0,0
pb2203,20220218,20220218,112343500,11:23:43,15490,33055,24281,2561465400,2,0,154900
pb2203,20220218,20220218,112349500,11:23:50,15490,33055,24281,2561465400,0,0,0
pb2203,20220218,20220218,112350000,11:23:50,15490,33055,24281,2561465400,0,0,0
pb2203,20220218,20220218,112410500,11:24:12,15490,33055,24281,2561465400,0,0,0
pb2203,20220218,20220218,112411000,11:24:12,15490,33055,24281,2561465400,0,0,0
pb2203,20220218,20220218,112415000,11:24:15,15490,33055,24281,2561465400,0,0,0
pb2203,20220218,20220218,112419000,11:24:19,15490,33055,24281,2561465400,0,0,0
pb2203,20220218,20220218,112419500,11:24:19,15490,33056,24282,2561542850,1,1,77450
pb2203,20220218,20220218,112421500,11:24:21,15495,33057,24282,2561620325,1,0,77475
pb2203,20220218,20220218,112423500,11:24:23,15495,33057,24282,2561620325,0,0,0
pb2203,20220218,20220218,112429500,11:24:29,15495,33058,24282,2561697800,1,0,77475
pb2203,20220218,20220218,112432500,11:24:32,15490,33059,24282,2561775250,1,0,77450
pb2203,20220218,20220218,112437500,11:24:37,15495,33060,24282,2561852725,1,0,77475
pb2203,20220218,20220218,112442500,11:24:42,15495,33060,24282,2561852725,0,0,0
pb2203,20220218,20220218,112443000,11:24:43,15495,33060,24282,2561852725,0,0,0
pb2203,20220218,20220218,112452000,11:24:52,15490,33061,24282,2561930175,1,0,77450
pb2203,20220218,20220218,112454000,11:24:54,15490,33061,24282,2561930175,0,0,0
pb2203,20220218,20220218,112456500,11:24:56,15490,33061,24282,2561930175,0,0,0
pb2203,20220218,20220218,112457500,11:24:57,15490,33061,24282,2561930175,0,0,0
pb2203,20220218,20220218,112458000,11:24:58,15490,33061,24282,2561930175,0,0,0
pb2203,20220218,20220218,112501000,11:25:01,15490,33061,24282,2561930175,0,0,0
pb2203,20220218,20220218,112503000,11:25:06,15490,33061,24282,2561930175,0,0,0
pb2203,20220218,20220218,112503500,11:25:06,15490,33061,24282,2561930175,0,0,0
pb2203,20220218,20220218,112509500,11:25:09,15490,33064,24282,2562162525,3,0,232350
pb2203,20220218,20220218,112510000,11:25:10,15490,33064,24282,2562162525,0,0,0
pb2203,20220218,20220218,112510500,11:25:10,15490,33066,24282,2562317425,2,0,154900
pb2203,20220218,20220218,112511000,11:25:11,15490,33076,24288,2563091925,10,6,774500
pb2203,20220218,20220218,112511500,11:25:11,15490,33076,24288,2563091925,0,0,0
pb2203,20220218,20220218,112512000,11:25:12,15490,33076,24288,2563091925,0,0,0
pb2203,20220218,20220218,112515000,11:25:16,15490,33076,24288,2563091925,0,0,0
pb2203,20220218,20220218,112516500,11:25:16,15490,33076,24288,2563091925,0,0,0
pb2203,20220218,20220218,112517000,11:25:17,15490,33076,24288,2563091925,0,0,0
pb2203,20220218,20220218,112519000,11:25:19,15490,33076,24288,2563091925,0,0,0
pb2203,20220218,20220218,112519500,11:25:19,15490,33076,24288,2563091925,0,0,0
pb2203,20220218,20220218,112524000,11:25:24,15490,33076,24288,2563091925,0,0,0
pb2203,20220218,20220218,112530000,11:25:30,15485,33098,24297,2564795275,22,9,1703350
pb2203,20220218,20220218,112530500,11:25:31,15485,33098,24297,2564795275,0,0,0
pb2203,20220218,20220218,112531000,11:25:31,15485,33100,24295,2564950125,2,-2,154850
pb2203,20220218,20220218,112531500,11:25:31,15485,33110,24293,2565724375,10,-2,774250
pb2203,20220218,20220218,112532000,11:25:32,15485,33110,24293,2565724375,0,0,0
pb2203,20220218,20220218,112532500,11:25:32,15485,33110,24293,2565724375,0,0,0
pb2203,20220218,20220218,112535000,11:25:36,15485,33110,24293,2565724375,0,0,0
pb2203,20220218,20220218,112539000,11:25:39,15485,33110,24293,2565724375,0,0,0
pb2203,20220218,20220218,112539500,11:25:40,15485,33110,24293,2565724375,0,0,0
pb2203,20220218,20220218,112540000,11:25:40,15485,33110,24293,2565724375,0,0,0
pb2203,20220218,20220218,112540500,11:25:40,15480,33133,24307,2567504575,23,14,1780200
pb2203,20220218,20220218,112541000,11:25:41,15475,33136,24305,2567736700,3,-2,232125
pb2203,20220218,20220218,112541500,11:25:41,15475,33136,24305,2567736700,0,0,0
pb2203,20220218,20220218,112542000,11:25:42,15475,33136,24305,2567736700,0,0,0
pb2203,20220218,20220218,112542500,11:25:42,15475,33136,24305,2567736700,0,0,0
pb2203,20220218,20220218,112544500,11:25:44,15475,33136,24305,2567736700,0,0,0
pb2203,20220218,20220218,112545000,11:25:45,15475,33139,24302,2567968825,3,-3,232125
pb2203,20220218,20220218,112545500,11:25:46,15475,33147,24305,2568587825,8,3,619000
pb2203,20220218,20220218,112546000,11:25:46,15475,33147,24305,2568587825,0,0,0
pb2203,20220218,20220218,112546500,11:25:47,15475,33153,24305,2569052075,6,0,464250
pb2203,20220218,20220218,112547000,11:25:48,15475,33153,24305,2569052075,0,0,0
pb2203,20220218,20220218,112547500,11:25:48,15475,33153,24305,2569052075,0,0,0
pb2203,20220218,20220218,112548000,11:25:48,15475,33153,24305,2569052075,0,0,0
pb2203,20220218,20220218,112557000,11:25:57,15475,33153,24305,2569052075,0,0,0
pb2203,20220218,20220218,112559500,11:26:00,15475,33153,24305,2569052075,0,0,0
pb2203,20220218,20220218,112600000,11:26:00,15475,33153,24305,2569052075,0,0,0
pb2203,20220218,20220218,112601500,11:26:01,15475,33153,24305,2569052075,0,0,0
pb2203,20220218,20220218,112602000,11:26:03,15475,33153,24305,2569052075,0,0,0
pb2203,20220218,20220218,112602500,11:26:03,15475,33153,24305,2569052075,0,0,0
pb2203,20220218,20220218,112607500,11:26:09,15475,33153,24305,2569052075,0,0,0
pb2203,20220218,20220218,112611000,11:26:11,15475,33153,24305,2569052075,0,0,0
pb2203,20220218,20220218,112611500,11:26:11,15475,33153,24305,2569052075,0,0,0
pb2203,20220218,20220218,112613500,11:26:15,15475,33153,24305,2569052075,0,0,0
pb2203,20220218,20220218,112621000,11:26:21,15480,33163,24305,2569826075,10,0,774000
pb2203,20220218,20220218,112621500,11:26:21,15480,33163,24305,2569826075,0,0,0
pb2203,20220218,20220218,112623500,11:26:23,15480,33163,24305,2569826075,0,0,0
pb2203,20220218,20220218,112624500,11:26:24,15480,33163,24305,2569826075,0,0,0
pb2203,20220218,20220218,112633000,11:26:33,15480,33173,24297,2570600075,10,-8,774000
pb2203,20220218,20220218,112633500,11:26:34,15480,33173,24297,2570600075,0,0,0
pb2203,20220218,20220218,112636000,11:26:38,15480,33173,24297,2570600075,0,0,0
pb2203,20220218,20220218,112638000,11:27:10,15480,33174,24297,2570677475,1,0,77400
pb2203,20220218,20220218,112638500,11:27:10,15480,33174,24297,2570677475,0,0,0
pb2203,20220218,20220218,112653000,11:27:11,15480,33174,24297,2570677475,0,0,0
pb2203,20220218,20220218,112709000,11:27:12,15480,33174,24297,2570677475,0,0,0
pb2203,20220218,20220218,112712000,11:27:13,15480,33174,24297,2570677475,0,0,0
pb2203,20220218,20220218,112714000,11:27:14,15470,33226,24292,2574700675,52,-5,4023200
pb2203,20220218,20220218,112714500,11:27:15,15470,33226,24292,2574700675,0,0,0
pb2203,20220218,20220218,112715500,11:27:16,15470,33226,24292,2574700675,0,0,0
pb2203,20220218,20220218,112717500,11:27:17,15470,33226,24292,2574700675,0,0,0
pb2203,20220218,20220218,112719500,11:27:19,15470,33226,24292,2574700675,0,0,0
pb2203,20220218,20220218,112722500,11:27:22,15475,33229,24291,2574932800,3,-1,232125
pb2203,20220218,20220218,112723000,11:27:26,15475,33229,24291,2574932800,0,0,0
pb2203,20220218,20220218,112723500,11:27:27,15475,33229,24291,2574932800,0,0,0
pb2203,20220218,20220218,112725500,11:27:27,15475,33233,24287,2575242300,4,-4,309500
pb2203,20220218,20220218,112727500,11:27:27,15475,33233,24287,2575242300,0,0,0
pb2203,20220218,20220218,112732000,11:27:35,15475,33234,24286,2575319675,1,-1,77375
pb2203,20220218,20220218,112734000,11:27:36,15470,33235,24285,2575397025,1,-1,77350
pb2203,20220218,20220218,112736500,11:27:37,15470,33235,24285,2575397025,0,0,0
pb2203,20220218,20220218,112740000,11:27:40,15470,33235,24285,2575397025,0,0,0
pb2203,20220218,20220218,112740500,11:27:40,15470,33235,24285,2575397025,0,0,0
pb2203,20220218,20220218,112741000,11:27:41,15475,33238,24282,2575629150,3,-3,232125
pb2203,20220218,20220218,112741500,11:27:41,15475,33238,24282,2575629150,0,0,0
pb2203,20220218,20220218,112742000,11:27:42,15470,33241,24279,2575861200,3,-3,232050
pb2203,20220218,20220218,112742500,11:27:43,15470,33241,24279,2575861200,0,0,0
pb2203,20220218,20220218,112743000,11:27:43,15470,33241,24279,2575861200,0,0,0
pb2203,20220218,20220218,112743500,11:27:43,15470,33241,24279,2575861200,0,0,0
pb2203,20220218,20220218,112749000,11:27:54,15470,33241,24279,2575861200,0,0,0
pb2203,20220218,20220218,112754000,11:27:54,15470,33241,24279,2575861200,0,0,0
pb2203,20220218,20220218,112755500,11:27:55,15465,33257,24284,2577098775,16,5,1237575
pb2203,20220218,20220218,112756000,11:27:56,15465,33260,24281,2577330750,3,-3,231975
pb2203,20220218,20220218,112756500,11:27:56,15470,33261,24281,2577408100,1,0,77350
pb2203,20220218,20220218,112758500,11:27:58,15470,33261,24281,2577408100,0,0,0
pb2203,20220218,20220218,112800500,11:28:01,15470,33288,24274,2579496550,27,-7,2088450
pb2203,20220218,20220218,112801000,11:28:01,15470,33291,24273,2579728600,3,-1,232050
pb2203,20220218,20220218,112801500,11:28:02,15470,33299,24271,2580347400,8,-2,618800
pb2203,20220218,20220218,112802000,11:28:03,15470,33299,24271,2580347400,0,0,0
pb2203,20220218,20220218,112802500,11:28:03,15470,33299,24271,2580347400,0,0,0
pb2203,20220218,20220218,112803000,11:28:04,15470,33305,24271,2580811500,6,0,464100
pb2203,20220218,20220218,112803500,11:28:04,15470,33305,24271,2580811500,0,0,0
pb2203,20220218,20220218,112804000,11:28:04,15470,33305,24271,2580811500,0,0,0
pb2203,20220218,20220218,112804500,11:28:05,15470,33305,24271,2580811500,0,0,0
pb2203,20220218,20220218,112805000,11:28:06,15470,33305,24271,2580811500,0,0,0
pb2203,20220218,20220218,112806500,11:28:10,15470,33305,24271,2580811500,0,0,0
pb2203,20220218,20220218,112807000,11:28:10,15470,33305,24271,2580811500,0,0,0
pb2203,20220218,20220218,112809500,11:28:11,15470,33305,24271,2580811500,0,0,0
pb2203,20220218,20220218,112811000,11:28:12,15470,33305,24271,2580811500,0,0,0
pb2203,20220218,20220218,112812500,11:28:13,15470,33305,24271,2580811500,0,0,0
pb2203,20220218,20220218,112813500,11:28:13,15470,33305,24271,2580811500,0,0,0
pb2203,20220218,20220218,112814000,11:28:14,15470,33305,24271,2580811500,0,0,0
pb2203,20220218,20220218,112815000,11:28:15,15470,33305,24271,2580811500,0,0,0
pb2203,20220218,20220218,112815500,11:28:15,15470,33305,24271,2580811500,0,0,0
pb2203,20220218,20220218,112816000,11:28:16,15470,33305,24271,2580811500,0,0,0
pb2203,20220218,20220218,112816500,11:28:16,15470,33305,24271,2580811500,0,0,0
pb2203,20220218,20220218,112817000,11:28:17,15470,33307,24269,2580966200,2,-2,154700
pb2203,20220218,20220218,112819000,11:28:19,15470,33307,24269,2580966200,0,0,0
pb2203,20220218,20220218,112820000,11:28:20,15470,33307,24269,2580966200,0,0,0
pb2203,20220218,20220218,112822000,11:28:22,15470,33307,24269,2580966200,0,0,0
pb2203,20220218,20220218,112823000,11:28:23,15470,33307,24269,2580966200,0,0,0
pb2203,20220218,20220218,112823500,11:28:23,15470,33308,24268,2581043550,1,-1,77350
pb2203,20220218,20220218,112824000,11:28:24,15470,33308,24268,2581043550,0,0,0
pb2203,20220218,20220218,112825000,11:28:25,15470,33309,24267,2581120900,1,-1,77350
pb2203,20220218,20220218,112825500,11:28:25,15470,33309,24267,2581120900,0,0,0
pb2203,20220218,20220218,112826000,11:28:26,15470,33309,24267,2581120900,0,0,0
pb2203,20220218,20220218,112827500,11:28:27,15470,33319,24270,2581894400,10,3,773500
pb2203,20220218,20220218,112829000,11:28:29,15470,33321,24268,2582049100,2,-2,154700
pb2203,20220218,20220218,112829500,11:28:29,15470,33325,24266,2582358500,4,-2,309400
pb2203,20220218,20220218,112830000,11:28:30,15470,33325,24266,2582358500,0,0,0
pb2203,20220218,20220218,112830500,11:28:31,15470,33325,24266,2582358500,0,0,0
pb2203,20220218,20220218,112831500,11:28:31,15470,33328,24268,2582590550,3,2,232050
pb2203,20220218,20220218,112832000,11:28:32,15470,33328,24268,2582590550,0,0,0
pb2203,20220218,20220218,112834000,11:28:34,15470,33328,24268,2582590550,0,0,0
pb2203,20220218,20220218,112835000,11:28:35,15470,33328,24268,2582590550,0,0,0
pb2203,20220218,20220218,112837000,11:28:37,15470,33328,24268,2582590550,0,0,0
pb2203,20220218,20220218,112840000,11:28:40,15470,33388,24217,2587233025,60,-51,4642475
pb2203,20220218,20220218,112840500,11:28:40,15480,33461,24225,2592882825,73,8,5649800
pb2203,20220218,20220218,112841000,11:28:41,15475,33463,24225,2593037575,2,0,154750
pb2203,20220218,20220218,112841500,11:28:41,15475,33463,24225,2593037575,0,0,0
pb2203,20220218,20220218,112842000,11:28:42,15475,33463,24225,2593037575,0,0,0
pb2203,20220218,20220218,112843000,11:28:43,15475,33463,24225,2593037575,0,0,0
pb2203,20220218,20220218,112849500,11:28:49,15480,33472,24226,2593734175,9,1,696600
pb2203,20220218,20220218,112850000,11:28:50,15480,33472,24226,2593734175,0,0,0
pb2203,20220218,20220218,112851000,11:28:51,15480,33472,24226,2593734175,0,0,0
pb2203,20220218,20220218,112851500,11:28:51,15480,33473,24226,2593811575,1,0,77400
pb2203,20220218,20220218,112852000,11:28:52,15480,33473,24226,2593811575,0,0,0
pb2203,20220218,20220218,112852500,11:28:53,15480,33473,24226,2593811575,0,0,0
pb2203,20220218,20220218,112854500,11:28:54,15480,33473,24226,2593811575,0,0,0
pb2203,20220218,20220218,112857500,11:28:58,15480,33473,24226,2593811575,0,0,0
pb2203,20220218,20220218,112858000,11:28:58,15480,33473,24226,2593811575,0,0,0
pb2203,20220218,20220218,112858500,11:28:59,15480,33473,24226,2593811575,0,0,0
pb2203,20220218,20220218,112900500,11:29:01,15480,33473,24226,2593811575,0,0,0
pb2203,20220218,20220218,112901000,11:29:01,15480,33477,24222,2594121175,4,-4,309600
pb2203,20220218,20220218,112901500,11:29:01,15480,33477,24222,2594121175,0,0,0
pb2203,20220218,20220218,112902000,11:29:02,15480,33478,24221,2594198575,1,-1,77400
pb2203,20220218,20220218,112902500,11:29:03,15480,33478,24221,2594198575,0,0,0
pb2203,20220218,20220218,112903000,11:29:03,15480,33478,24221,2594198575,0,0,0
pb2203,20220218,20220218,112906000,11:29:06,15480,33478,24221,2594198575,0,0,0
pb2203,20220218,20220218,112906500,11:29:06,15480,33478,24221,2594198575,0,0,0
pb2203,20220218,20220218,112907500,11:29:08,15480,33478,24221,2594198575,0,0,0
pb2203,20220218,20220218,112909000,11:29:09,15480,33478,24221,2594198575,0,0,0
pb2203,20220218,20220218,112913000,11:29:13,15480,33478,24221,2594198575,0,0,0
pb2203,20220218,20220218,112913500,11:29:14,15480,33479,24220,2594275975,1,-1,77400
pb2203,20220218,20220218,112914000,11:29:14,15480,33479,24220,2594275975,0,0,0
pb2203,20220218,20220218,112914500,11:29:14,15480,33479,24220,2594275975,0,0,0
pb2203,20220218,20220218,112915000,11:29:15,15480,33479,24220,2594275975,0,0,0
pb2203,20220218,20220218,112915500,11:29:16,15480,33479,24220,2594275975,0,0,0
pb2203,20220218,20220218,112918000,11:29:21,15480,33479,24220,2594275975,0,0,0
pb2203,20220218,20220218,112919500,11:29:22,15480,33479,24220,2594275975,0,0,0
pb2203,20220218,20220218,112921000,11:29:22,15480,33479,24220,2594275975,0,0,0
pb2203,20220218,20220218,112921500,11:29:23,15480,33479,24220,2594275975,0,0,0
pb2203,20220218,20220218,112927000,11:29:27,15480,33480,24219,2594353375,1,-1,77400
pb2203,20220218,20220218,112927500,11:29:27,15475,33516,24191,2597138875,36,-28,2785500
pb2203,20220218,20220218,112928000,11:29:28,15475,33517,24191,2597216250,1,0,77375
pb2203,20220218,20220218,112928500,11:29:28,15470,33537,24180,2598763275,20,-11,1547025
pb2203,20220218,20220218,112929000,11:29:29,15470,33541,24180,2599072675,4,0,309400
pb2203,20220218,20220218,112929500,11:29:29,15470,33541,24180,2599072675,0,0,0
pb2203,20220218,20220218,112930000,11:29:30,15470,33541,24180,2599072675,0,0,0
pb2203,20220218,20220218,112930500,11:29:30,15470,33541,24180,2599072675,0,0,0
pb2203,20220218,20220218,112931000,11:29:32,15470,33541,24180,2599072675,0,0,0
pb2203,20220218,20220218,112932000,11:29:32,15470,33541,24180,2599072675,0,0,0
pb2203,20220218,20220218,112933000,11:29:37,15470,33541,24180,2599072675,0,0,0
pb2203,20220218,20220218,112933500,11:29:37,15470,33541,24180,2599072675,0,0,0
pb2203,20220218,20220218,112936500,11:29:38,15470,33541,24180,2599072675,0,0,0
pb2203,20220218,20220218,112937000,11:29:38,15470,33541,24180,2599072675,0,0,0
pb2203,20220218,20220218,112937500,11:29:38,15470,33541,24180,2599072675,0,0,0
pb2203,20220218,20220218,112938000,11:29:38,15470,33541,24180,2599072675,0,0,0
pb2203,20220218,20220218,112938500,11:29:38,15470,33541,24180,2599072675,0,0,0
pb2203,20220218,20220218,112941500,11:29:41,15470,33541,24180,2599072675,0,0,0
pb2203,20220218,20220218,112942000,11:29:42,15470,33541,24180,2599072675,0,0,0
pb2203,20220218,20220218,112944000,11:29:45,15470,33541,24180,2599072675,0,0,0
pb2203,20220218,20220218,112946000,11:29:46,15470,33546,24181,2599459450,5,1,386775
pb2203,20220218,20220218,112946500,11:29:47,15470,33550,24177,2599768850,4,-4,309400
pb2203,20220218,20220218,112947000,11:29:47,15470,33556,24173,2600232950,6,-4,464100
pb2203,20220218,20220218,112947500,11:29:48,15470,33556,24173,2600232950,0,0,0
pb2203,20220218,20220218,112949500,11:29:50,15470,33556,24173,2600232950,0,0,0
pb2203,20220218,20220218,112950500,11:29:51,15470,33562,24179,2600697050,6,6,464100
pb2203,20220218,20220218,112951500,11:29:52,15465,33582,24167,2602243550,20,-12,1546500
pb2203,20220218,20220218,112952000,11:29:52,15465,33582,24167,2602243550,0,0,0
pb2203,20220218,20220218,112952500,11:29:53,15470,33583,24168,2602320900,1,1,77350
pb2203,20220218,20220218,112953000,11:29:53,15470,33583,24168,2602320900,0,0,0
pb2203,20220218,20220218,112954500,11:29:54,15470,33583,24168,2602320900,0,0,0
pb2203,20220218,20220218,112955000,11:29:55,15470,33583,24168,2602320900,0,0,0
pb2203,20220218,20220218,112955500,11:29:55,15470,33586,24165,2602552950,3,-3,232050
pb2203,20220218,20220218,112956000,11:29:56,15470,33587,24164,2602630300,1,-1,77350
pb2203,20220218,20220218,112956500,11:30:00,15470,33588,24163,2602707650,1,-1,77350
pb2203,20220218,20220218,112957000,11:30:00,15470,33588,24163,2602707650,0,0,0
pb2203,20220218,20220218,112957500,11:30:02,15470,33588,24163,2602707650,0,0,0
pb2203,20220218,20220218,112959000,11:30:02,15470,33588,24163,2602707650,0,0,0
pb2203,20220218,20220218,113000000,11:30:03,15470,33588,24163,2602707650,0,0,0
pb2203,20220218,20220218,113000500,11:30:03,15470,33588,24163,2602707650,0,0,0
pb2203,20220218,20220218,113001500,11:30:03,15470,33588,24163,2602707650,0,0,0
pb2203,20220218,20220218,133002000,13:30:08,15475,33595,24158,2603249225,7,-5,541575
pb2203,20220218,20220218,133002500,13:30:08,15470,33596,24157,2603326575,1,-1,77350
pb2203,20220218,20220218,133008500,13:30:10,15480,33666,24137,2608743500,70,-20,5416925
pb2203,20220218,20220218,133009500,13:30:10,15480,33666,24137,2608743500,0,0,0
pb2203,20220218,20220218,133010000,13:30:11,15480,33666,24137,2608743500,0,0,0
pb2203,20220218,20220218,133010500,13:30:11,15485,33670,24134,2609053200,4,-3,309700
pb2203,20220218,20220218,133011000,13:30:12,15485,33670,24134,2609053200,0,0,0
pb2203,20220218,20220218,133011500,13:30:13,15485,33671,24133,2609130625,1,-1,77425
pb2203,20220218,20220218,133012500,13:30:13,15485,33671,24133,2609130625,0,0,0
pb2203,20220218,20220218,133013000,13:30:13,15485,33680,24136,2609827450,9,3,696825
pb2203,20220218,20220218,133013500,13:30:14,15485,33683,24136,2610059725,3,0,232275
pb2203,20220218,20220218,133014000,13:30:15,15485,33683,24136,2610059725,0,0,0
pb2203,20220218,20220218,133014500,13:30:16,15485,33683,24136,2610059725,0,0,0
pb2203,20220218,20220218,133016500,13:30:18,15485,33683,24136,2610059725,0,0,0
pb2203,20220218,20220218,133017000,13:30:18,15480,33684,24135,2610137125,1,-1,77400
pb2203,20220218,20220218,133017500,13:30:19,15480,33684,24135,2610137125,0,0,0
pb2203,20220218,20220218,133018000,13:30:19,15480,33684,24135,2610137125,0,0,0
pb2203,20220218,20220218,133018500,13:30:20,15480,33684,24135,2610137125,0,0,0
pb2203,20220218,20220218,133019500,13:30:20,15480,33684,24135,2610137125,0,0,0
pb2203,20220218,20220218,133020000,13:30:21,15480,33684,24135,2610137125,0,0,0
pb2203,20220218,20220218,133021000,13:30:21,15480,33684,24135,2610137125,0,0,0
pb2203,20220218,20220218,133021500,13:30:22,15480,33684,24135,2610137125,0,0,0
pb2203,20220218,20220218,133022500,13:30:38,15480,33684,24135,2610137125,0,0,0
pb2203,20220218,20220218,133023000,13:30:38,15485,33685,24135,2610214550,1,0,77425
pb2203,20220218,20220218,133038000,13:30:40,15485,33685,24135,2610214550,0,0,0
pb2203,20220218,20220218,133040500,13:30:43,15490,33711,24130,2612227575,26,-5,2013025
pb2203,20220218,20220218,133041000,13:30:43,15490,33711,24130,2612227575,0,0,0
pb2203,20220218,20220218,133041500,13:30:43,15490,33711,24130,2612227575,0,0,0
pb2203,20220218,20220218,133042500,13:30:44,15490,33711,24130,2612227575,0,0,0
pb2203,20220218,20220218,133043000,13:30:44,15490,33711,24130,2612227575,0,0,0
pb2203,20220218,20220218,133045500,13:30:46,15490,33711,24130,2612227575,0,0,0
pb2203,20220218,20220218,133047500,13:30:48,15495,33712,24130,2612305050,1,0,77475
pb2203,20220218,20220218,133048000,13:30:48,15495,33712,24130,2612305050,0,0,0
pb2203,20220218,20220218,133049000,13:30:49,15495,33712,24130,2612305050,0,0,0
pb2203,20220218,20220218,133049500,13:30:50,15495,33712,24130,2612305050,0,0,0
pb2203,20220218,20220218,133050000,13:30:50,15495,33712,24130,2612305050,0,0,0
pb2203,20220218,20220218,133051500,13:30:52,15495,33713,24131,2612382525,1,1,77475
pb2203,20220218,20220218,133052000,13:30:52,15495,33713,24131,2612382525,0,0,0
pb2203,20220218,20220218,133053500,13:30:54,15495,33713,24131,2612382525,0,0,0
pb2203,20220218,20220218,133054000,13:30:54,15495,33713,24131,2612382525,0,0,0
pb2203,20220218,20220218,133057500,13:30:58,15495,33714,24131,2612460000,1,0,77475
pb2203,20220218,20220218,133058000,13:30:58,15495,33714,24131,2612460000,0,0,0
pb2203,20220218,20220218,133058500,13:30:59,15490,33715,24131,2612537450,1,0,77450
pb2203,20220218,20220218,133100000,13:31:00,15490,33715,24131,2612537450,0,0,0
pb2203,20220218,20220218,133100500,13:31:00,15490,33715,24131,2612537450,0,0,0
pb2203,20220218,20220218,133101000,13:31:01,15495,33734,24118,2614009475,19,-13,1472025
pb2203,20220218,20220218,133101500,13:31:01,15495,33734,24118,2614009475,0,0,0
pb2203,20220218,20220218,133102000,13:31:02,15495,33734,24118,2614009475,0,0,0
pb2203,20220218,20220218,133102500,13:31:02,15495,33736,24117,2614164425,2,-1,154950
pb2203,20220218,20220218,133103000,13:31:03,15495,33736,24117,2614164425,0,0,0
pb2203,20220218,20220218,133104500,13:31:06,15495,33736,24117,2614164425,0,0,0
pb2203,20220218,20220218,133107000,13:31:09,15495,33736,24117,2614164425,0,0,0
pb2203,20220218,20220218,133113000,13:31:13,15500,33737,24117,2614241925,1,0,77500
pb2203,20220218,20220218,133113500,13:31:14,15500,33738,24118,2614319425,1,1,77500
pb2203,20220218,20220218,133114000,13:31:15,15500,33738,24118,2614319425,0,0,0
pb2203,20220218,20220218,133115000,13:31:15,15500,33739,24117,2614396925,1,-1,77500
pb2203,20220218,20220218,133116000,13:31:16,15500,33740,24118,2614474425,1,1,77500
pb2203,20220218,20220218,133116500,13:31:17,15500,33740,24118,2614474425,0,0,0
pb2203,20220218,20220218,133117000,13:31:17,15500,33740,24118,2614474425,0,0,0
pb2203,20220218,20220218,133117500,13:31:18,15500,33740,24118,2614474425,0,0,0
pb2203,20220218,20220218,133119000,13:31:19,15500,33740,24118,2614474425,0,0,0
pb2203,20220218,20220218,133119500,13:31:20,15500,33740,24118,2614474425,0,0,0
pb2203,20220218,20220218,133120000,13:31:20,15500,33752,24119,2615404425,12,1,930000
pb2203,20220218,20220218,133120500,13:31:21,15500,33752,24119,2615404425,0,0,0
pb2203,20220218,20220218,133121000,13:31:21,15500,33753,24120,2615481925,1,1,77500
pb2203,20220218,20220218,133121500,13:31:21,15500,33754,24120,2615559425,1,0,77500
pb2203,20220218,20220218,133122000,13:31:22,15500,33754,24120,2615559425,0,0,0
pb2203,20220218,20220218,133122500,13:31:23,15500,33754,24120,2615559425,0,0,0
pb2203,20220218,20220218,133123000,13:31:25,15500,33765,24110,2616411925,11,-10,852500
pb2203,20220218,20220218,133123500,13:31:25,15500,33772,24106,2616954425,7,-4,542500
pb2203,20220218,20220218,133124000,13:31:25,15500,33784,24097,2617884425,12,-9,930000
pb2203,20220218,20220218,133124500,13:31:25,15500,33784,24097,2617884425,0,0,0
pb2203,20220218,20220218,133156000,13:31:56,15500,33784,24097,2617884425,0,0,0
pb2203,20220218,20220218,133158000,13:31:58,15500,33784,24097,2617884425,0,0,0
pb2203,20220218,20220218,133159500,13:32:00,15500,33784,24097,2617884425,0,0,0
pb2203,20220218,20220218,133200500,13:32:01,15500,33784,24097,2617884425,0,0,0
pb2203,20220218,20220218,133201000,13:32:01,15500,33784,24097,2617884425,0,0,0
pb2203,20220218,20220218,133201500,13:32:01,15500,33784,24097,2617884425,0,0,0
pb2203,20220218,20220218,133202000,13:32:03,15500,33784,24097,2617884425,0,0,0
pb2203,20220218,20220218,133202500,13:32:03,15500,33784,24097,2617884425,0,0,0
pb2203,20220218,20220218,133203000,13:32:04,15495,33859,24077,2623697000,75,-20,5812575
pb2203,20220218,20220218,133203500,13:32:05,15495,33860,24078,2623774475,1,1,77475
pb2203,20220218,20220218,133204000,13:32:05,15495,33870,24072,2624549225,10,-6,774750
pb2203,20220218,20220218,133205000,13:32:06,15495,33870,24072,2624549225,0,0,0
pb2203,20220218,20220218,133205500,13:32:06,15495,33870,24072,2624549225,0,0,0
pb2203,20220218,20220218,133206000,13:32:06,15500,33899,24058,2626796300,29,-14,2247075
pb2203,20220218,20220218,133206500,13:32:07,15495,33902,24057,2627028725,3,-1,232425
pb2203,20220218,20220218,133207000,13:32:07,15495,33902,24057,2627028725,0,0,0
pb2203,20220218,20220218,133208000,13:32:09,15500,33903,24057,2627106225,1,0,77500
pb2203,20220218,20220218,133208500,13:32:10,15500,33903,24057,2627106225,0,0,0
pb2203,20220218,20220218,133209500,13:32:10,15500,33903,24057,2627106225,0,0,0
pb2203,20220218,20220218,133210500,13:32:13,15495,33914,24056,2627958450,11,-1,852225
pb2203,20220218,20220218,133211000,13:32:14,15495,33914,24056,2627958450,0,0,0
pb2203,20220218,20220218,133213000,13:32:15,15495,33914,24056,2627958450,0,0,0
pb2203,20220218,20220218,133213500,13:32:15,15495,33914,24056,2627958450,0,0,0
pb2203,20220218,20220218,133214000,13:32:15,15495,33914,24056,2627958450,0,0,0
pb2203,20220218,20220218,133214500,13:32:16,15495,33914,24056,2627958450,0,0,0
pb2203,20220218,20220218,133215000,13:32:16,15495,33914,24056,2627958450,0,0,0
pb2203,20220218,20220218,133220000,13:32:20,15495,33914,24056,2627958450,0,0,0
pb2203,20220218,20220218,133224000,13:32:24,15495,33914,24056,2627958450,0,0,0
pb2203,20220218,20220218,133224500,13:32:24,15495,33914,24056,2627958450,0,0,0
pb2203,20220218,20220218,133225000,13:32:25,15495,33914,24056,2627958450,0,0,0
pb2203,20220218,20220218,133225500,13:32:25,15495,33914,24056,2627958450,0,0,0
pb2203,20220218,20220218,133232000,13:32:35,15495,33915,24056,2628035925,1,0,77475
pb2203,20220218,20220218,133234500,13:32:35,15495,33991,24041,2633924025,76,-15,5888100
pb2203,20220218,20220218,133235000,13:32:36,15495,34062,24072,2639424750,71,31,5500725
pb2203,20220218,20220218,133235500,13:32:36,15495,34062,24072,2639424750,0,0,0
pb2203,20220218,20220218,133236000,13:32:36,15495,34062,24072,2639424750,0,0,0
pb2203,20220218,20220218,133236500,13:32:37,15495,34062,24072,2639424750,0,0,0
pb2203,20220218,20220218,133237000,13:32:37,15495,34062,24072,2639424750,0,0,0
pb2203,20220218,20220218,133243000,13:32:43,15495,34062,24072,2639424750,0,0,0
pb2203,20220218,20220218,133243500,13:32:43,15495,34062,24072,2639424750,0,0,0
pb2203,20220218,20220218,133244000,13:32:44,15495,34084,24085,2641129200,22,13,1704450
pb2203,20220218,20220218,133244500,13:32:45,15495,34084,24085,2641129200,0,0,0
pb2203,20220218,20220218,133245000,13:32:45,15495,34094,24080,2641903950,10,-5,774750
pb2203,20220218,20220218,133245500,13:32:45,15495,34094,24080,2641903950,0,0,0
pb2203,20220218,20220218,133246000,13:32:47,15495,34094,24080,2641903950,0,0,0
pb2203,20220218,20220218,133246500,13:32:47,15495,34094,24080,2641903950,0,0,0
pb2203,20220218,20220218,133247000,13:32:47,15495,34094,24080,2641903950,0,0,0
pb2203,20220218,20220218,133247500,13:32:48,15495,34094,24080,2641903950,0,0,0
pb2203,20220218,20220218,133253500,13:32:54,15495,34094,24080,2641903950,0,0,0
pb2203,20220218,20220218,133254000,13:32:54,15495,34094,24080,2641903950,0,0,0
pb2203,20220218,20220218,133254500,13:32:54,15495,34094,24080,2641903950,0,0,0
pb2203,20220218,20220218,133255500,13:32:55,15495,34094,24080,2641903950,0,0,0
pb2203,20220218,20220218,133256000,13:32:56,15495,34094,24080,2641903950,0,0,0
pb2203,20220218,20220218,133259500,13:33:01,15495,34094,24080,2641903950,0,0,0
pb2203,20220218,20220218,133304500,13:33:05,15495,34094,24080,2641903950,0,0,0
pb2203,20220218,20220218,133305000,13:33:05,15495,34097,24080,2642136375,3,0,232425
pb2203,20220218,20220218,133305500,13:33:05,15495,34097,24080,2642136375,0,0,0
pb2203,20220218,20220218,133306000,13:33:06,15495,34097,24080,2642136375,0,0,0
pb2203,20220218,20220218,133306500,13:33:06,15490,34099,24079,2642291275,2,-1,154900
pb2203,20220218,20220218,133307000,13:33:07,15490,34109,24078,2643065775,10,-1,774500
pb2203,20220218,20220218,133307500,13:33:08,15490,34109,24078,2643065775,0,0,0
pb2203,20220218,20220218,133308000,13:33:08,15490,34109,24078,2643065775,0,0,0
pb2203,20220218,20220218,133308500,13:33:09,15490,34109,24078,2643065775,0,0,0
pb2203,20220218,20220218,133313500,13:33:15,15490,34109,24078,2643065775,0,0,0
pb2203,20220218,20220218,133314000,13:33:15,15490,34109,24078,2643065775,0,0,0
pb2203,20220218,20220218,133314500,13:33:17,15490,34110,24079,2643143225,1,1,77450
pb2203,20220218,20220218,133315000,13:33:18,15490,34110,24079,2643143225,0,0,0
pb2203,20220218,20220218,133315500,13:33:18,15490,34115,24075,2643530475,5,-4,387250
pb2203,20220218,20220218,133317500,13:33:18,15490,34130,24078,2644692225,15,3,1161750
pb2203,20220218,20220218,133318000,13:33:19,15490,34130,24078,2644692225,0,0,0
pb2203,20220218,20220218,133318500,13:33:19,15490,34130,24078,2644692225,0,0,0
pb2203,20220218,20220218,133319500,13:33:20,15490,34131,24078,2644769675,1,0,77450
pb2203,20220218,20220218,133321500,13:33:22,15485,34132,24077,2644847100,1,-1,77425
pb2203,20220218,20220218,133322000,13:33:22,15485,34132,24077,2644847100,0,0,0
pb2203,20220218,20220218,133322500,13:33:22,15485,34138,24076,2645311650,6,-1,464550
pb2203,20220218,20220218,133323000,13:33:23,15485,34144,24073,2645776200,6,-3,464550
pb2203,20220218,20220218,133323500,13:33:24,15485,34144,24073,2645776200,0,0,0
pb2203,20220218,20220218,133324000,13:33:24,15485,34151,24070,2646318175,7,-3,541975
pb2203,20220218,20220218,133324500,13:33:25,15485,34153,24069,2646473025,2,-1,154850
pb2203,20220218,20220218,133325000,13:33:26,15485,34153,24069,2646473025,0,0,0
pb2203,20220218,20220218,133325500,13:33:26,15485,34153,24069,2646473025,0,0,0
pb2203,20220218,20220218,133326000,13:33:27,15485,34153,24069,2646473025,0,0,0
pb2203,20220218,20220218,133326500,13:33:29,15485,34153,24069,2646473025,0,0,0
pb2203,20220218,20220218,133328500,13:33:30,15485,34153,24069,2646473025,0,0,0
pb2203,20220218,20220218,133329000,13:33:30,15485,34153,24069,2646473025,0,0,0
pb2203,20220218,20220218,133329500,13:33:30,15485,34153,24069,2646473025,0,0,0
pb2203,20220218,20220218,133330000,13:33:30,15485,34161,24075,2647092425,8,6,619400
pb2203,20220218,20220218,133330500,13:33:30,15485,34161,24075,2647092425,0,0,0
pb2203,20220218,20220218,133331000,13:33:32,15485,34161,24075,2647092425,0,0,0
pb2203,20220218,20220218,133331500,13:33:32,15485,34161,24075,2647092425,0,0,0
pb2203,20220218,20220218,133332000,13:33:32,15485,34170,24074,2647789250,9,-1,696825
pb2203,20220218,20220218,133332500,13:33:33,15485,34170,24074,2647789250,0,0,0
pb2203,20220218,20220218,133333000,13:33:33,15485,34170,24074,2647789250,0,0,0
pb2203,20220218,20220218,133333500,13:33:33,15485,34170,24074,2647789250,0,0,0
pb2203,20220218,20220218,133334000,13:33:34,15485,34170,24074,2647789250,0,0,0
pb2203,20220218,20220218,133334500,13:33:34,15485,34170,24074,2647789250,0,0,0
pb2203,20220218,20220218,133335000,13:33:35,15485,34170,24074,2647789250,0,0,0
pb2203,20220218,20220218,133339500,13:33:40,15480,34173,24071,2648021450,3,-3,232200
pb2203,20220218,20220218,133340000,13:33:40,15485,34197,24059,2649879650,24,-12,1858200
pb2203,20220218,20220218,133340500,13:33:41,15485,34197,24059,2649879650,0,0,0
pb2203,20220218,20220218,133341000,13:33:41,15485,34197,24059,2649879650,0,0,0
pb2203,20220218,20220218,133341500,13:33:42,15485,34197,24059,2649879650,0,0,0
pb2203,20220218,20220218,133344500,13:33:45,15485,34197,24059,2649879650,0,0,0
pb2203,20220218,20220218,133346000,13:33:47,15485,34199,24059,2650034500,2,0,154850
pb2203,20220218,20220218,133347000,13:33:48,15485,34200,24059,2650111925,1,0,77425
pb2203,20220218,20220218,133348000,13:33:49,15485,34200,24059,2650111925,0,0,0
pb2203,20220218,20220218,133349000,13:33:50,15485,34200,24059,2650111925,0,0,0
pb2203,20220218,20220218,133353500,13:33:53,15485,34200,24059,2650111925,0,0,0
pb2203,20220218,20220218,133355000,13:33:56,15485,34200,24059,2650111925,0,0,0
pb2203,20220218,20220218,133357000,13:33:57,15485,34200,24059,2650111925,0,0,0
pb2203,20220218,20220218,133400000,13:34:00,15485,34200,24059,2650111925,0,0,0
pb2203,20220218,20220218,133400500,13:34:00,15485,34200,24059,2650111925,0,0,0
pb2203,20220218,20220218,133401000,13:34:01,15485,34201,24058,2650189350,1,-1,77425
pb2203,20220218,20220218,133401500,13:34:02,15485,34201,24058,2650189350,0,0,0
pb2203,20220218,20220218,133408000,13:34:12,15485,34201,24058,2650189350,0,0,0
pb2203,20220218,20220218,133413000,13:34:13,15480,34229,24064,2652357200,28,6,2167850
pb2203,20220218,20220218,133413500,13:34:14,15480,34229,24064,2652357200,0,0,0
pb2203,20220218,20220218,133414000,13:34:14,15480,34229,24064,2652357200,0,0,0
pb2203,20220218,20220218,133417000,13:34:17,15485,34235,24068,2652821625,6,4,464425
pb2203,20220218,20220218,133417500,13:34:17,15485,34235,24068,2652821625,0,0,0
pb2203,20220218,20220218,133418000,13:34:18,15485,34235,24068,2652821625,0,0,0
pb2203,20220218,20220218,133420500,13:34:21,15485,34235,24068,2652821625,0,0,0
pb2203,20220218,20220218,133421000,13:34:23,15485,34235,24068,2652821625,0,0,0
pb2203,20220218,20220218,133421500,13:34:23,15485,34235,24068,2652821625,0,0,0
pb2203,20220218,20220218,133423500,13:34:24,15475,34254,24070,2654292200,19,2,1470575
pb2203,20220218,20220218,133424000,13:34:24,15475,34254,24070,2654292200,0,0,0
pb2203,20220218,20220218,133427000,13:34:27,15475,34254,24070,2654292200,0,0,0
pb2203,20220218,20220218,133427500,13:34:27,15475,34254,24070,2654292200,0,0,0
pb2203,20220218,20220218,133428000,13:34:28,15475,34254,24070,2654292200,0,0,0
pb2203,20220218,20220218,133428500,13:34:28,15480,34257,24071,2654524400,3,1,232200
pb2203,20220218,20220218,133429000,13:34:29,15480,34257,24071,2654524400,0,0,0
pb2203,20220218,20220218,133429500,13:34:29,15480,34257,24071,2654524400,0,0,0
pb2203,20220218,20220218,133430500,13:34:30,15480,34257,24071,2654524400,0,0,0
pb2203,20220218,20220218,133431500,13:34:31,15480,34257,24071,2654524400,0,0,0
pb2203,20220218,20220218,133432000,13:34:32,15480,34258,24071,2654601800,1,0,77400
pb2203,20220218,20220218,133432500,13:34:32,15480,34259,24070,2654679200,1,-1,77400
pb2203,20220218,20220218,133433000,13:34:33,15480,34259,24070,2654679200,0,0,0
pb2203,20220218,20220218,133434000,13:34:34,15480,34259,24070,2654679200,0,0,0
pb2203,20220218,20220218,133434500,13:34:35,15480,34259,24070,2654679200,0,0,0
pb2203,20220218,20220218,133435500,13:34:36,15480,34259,24070,2654679200,0,0,0
pb2203,20220218,20220218,133436000,13:34:36,15480,34259,24070,2654679200,0,0,0
pb2203,20220218,20220218,133436500,13:34:36,15480,34260,24071,2654756600,1,1,77400
pb2203,20220218,20220218,133437000,13:34:37,15480,34260,24071,2654756600,0,0,0
pb2203,20220218,20220218,133437500,13:34:38,15480,34260,24071,2654756600,0,0,0
pb2203,20220218,20220218,133438000,13:34:38,15480,34260,24071,2654756600,0,0,0
pb2203,20220218,20220218,133438500,13:34:38,15480,34260,24071,2654756600,0,0,0
pb2203,20220218,20220218,133445000,13:34:46,15480,34260,24071,2654756600,0,0,0
pb2203,20220218,20220218,133445500,13:34:46,15480,34262,24071,2654911400,2,0,154800
pb2203,20220218,20220218,133446000,13:34:46,15480,34262,24071,2654911400,0,0,0
pb2203,20220218,20220218,133446500,13:34:46,15480,34262,24071,2654911400,0,0,0
pb2203,20220218,20220218,133447000,13:34:47,15480,34262,24071,2654911400,0,0,0
pb2203,20220218,20220218,133448500,13:34:48,15480,34262,24071,2654911400,0,0,0
pb2203,20220218,20220218,133451000,13:34:51,15480,34262,24071,2654911400,0,0,0
pb2203,20220218,20220218,133453000,13:34:53,15480,34262,24071,2654911400,0,0,0
pb2203,20220218,20220218,133453500,13:34:55,15480,34262,24071,2654911400,0,0,0
pb2203,20220218,20220218,133454000,13:34:56,15480,34262,24071,2654911400,0,0,0
pb2203,20220218,20220218,133454500,13:34:56,15480,34263,24071,2654988800,1,0,77400
pb2203,20220218,20220218,133455000,13:34:56,15480,34264,24071,2655066200,1,0,77400
pb2203,20220218,20220218,133455500,13:34:56,15480,34264,24071,2655066200,0,0,0
pb2203,20220218,20220218,133456000,13:34:56,15480,34264,24071,2655066200,0,0,0
pb2203,20220218,20220218,133500000,13:35:00,15480,34264,24071,2655066200,0,0,0
pb2203,20220218,20220218,133501500,13:35:04,15480,34264,24071,2655066200,0,0,0
pb2203,20220218,20220218,133502000,13:35:10,15480,34264,24071,2655066200,0,0,0
pb2203,20220218,20220218,133504500,13:35:10,15480,34306,24047,2658317025,42,-24,3250825
pb2203,20220218,20220218,133505000,13:35:10,15480,34306,24047,2658317025,0,0,0
pb2203,20220218,20220218,133507000,13:35:11,15480,34308,24046,2658471825,2,-1,154800
pb2203,20220218,20220218,133513500,13:35:13,15480,34308,24046,2658471825,0,0,0
pb2203,20220218,20220218,133514000,13:35:14,15480,34308,24046,2658471825,0,0,0
pb2203,20220218,20220218,133514500,13:35:14,15480,34314,24044,2658936225,6,-2,464400
pb2203,20220218,20220218,133515000,13:35:15,15475,34318,24041,2659245725,4,-3,309500
pb2203,20220218,20220218,133515500,13:35:16,15480,34321,24041,2659477925,3,0,232200
pb2203,20220218,20220218,133522000,13:35:22,15480,34321,24041,2659477925,0,0,0
pb2203,20220218,20220218,133522500,13:35:23,15480,34321,24041,2659477925,0,0,0
pb2203,20220218,20220218,133523000,13:35:23,15480,34327,24040,2659942325,6,-1,464400
pb2203,20220218,20220218,133523500,13:35:23,15480,34327,24040,2659942325,0,0,0
pb2203,20220218,20220218,133524000,13:35:24,15480,34327,24040,2659942325,0,0,0
pb2203,20220218,20220218,133524500,13:35:25,15480,34327,24040,2659942325,0,0,0
pb2203,20220218,20220218,133527000,13:35:27,15480,34327,24040,2659942325,0,0,0
pb2203,20220218,20220218,133530000,13:35:33,15480,34327,24040,2659942325,0,0,0
pb2203,20220218,20220218,133540000,13:35:43,15480,34327,24040,2659942325,0,0,0
pb2203,20220218,20220218,133545500,13:35:46,15480,34348,24040,2661567725,21,0,1625400
pb2203,20220218,20220218,133546000,13:35:46,15480,34348,24040,2661567725,0,0,0
pb2203,20220218,20220218,133546500,13:35:46,15480,34358,24040,2662341725,10,0,774000
pb2203,20220218,20220218,133547000,13:35:47,15480,34358,24040,2662341725,0,0,0
pb2203,20220218,20220218,133550000,13:35:50,15480,34359,24039,2662419125,1,-1,77400
pb2203,20220218,20220218,133552000,13:35:52,15480,34359,24039,2662419125,0,0,0
pb2203,20220218,20220218,133552500,13:35:52,15480,34359,24039,2662419125,0,0,0
pb2203,20220218,20220218,133553000,13:35:53,15480,34368,24038,2663115725,9,-1,696600
pb2203,20220218,20220218,133553500,13:35:55,15480,34369,24038,2663193125,1,0,77400
pb2203,20220218,20220218,133554000,13:35:55,15480,34371,24037,2663347925,2,-1,154800
pb2203,20220218,20220218,133554500,13:35:55,15480,34371,24037,2663347925,0,0,0
pb2203,20220218,20220218,133601500,13:36:03,15480,34371,24037,2663347925,0,0,0
pb2203,20220218,20220218,133602000,13:36:03,15480,34371,24037,2663347925,0,0,0
pb2203,20220218,20220218,133606500,13:36:07,15480,34371,24037,2663347925,0,0,0
pb2203,20220218,20220218,133611000,13:36:11,15480,34371,24037,2663347925,0,0,0
pb2203,20220218,20220218,133611500,13:36:12,15480,34371,24037,2663347925,0,0,0
pb2203,20220218,20220218,133612000,13:36:12,15480,34371,24037,2663347925,0,0,0
pb2203,20220218,20220218,133613000,13:36:13,15475,34373,24035,2663502675,2,-2,154750
pb2203,20220218,20220218,133613500,13:36:14,15475,34373,24035,2663502675,0,0,0
pb2203,20220218,20220218,133614000,13:36:14,15475,34373,24035,2663502675,0,0,0
pb2203,20220218,20220218,133614500,13:36:14,15475,34373,24035,2663502675,0,0,0
pb2203,20220218,20220218,133615500,13:36:15,15475,34373,24035,2663502675,0,0,0
pb2203,20220218,20220218,133623500,13:36:23,15475,34374,24034,2663580050,1,-1,77375
pb2203,20220218,20220218,133624000,13:36:24,15475,34374,24034,2663580050,0,0,0
pb2203,20220218,20220218,133625500,13:36:25,15480,34375,24034,2663657450,1,0,77400
pb2203,20220218,20220218,133626000,13:36:26,15480,34377,24034,2663812250,2,0,154800
pb2203,20220218,20220218,133626500,13:36:27,15480,34377,24034,2663812250,0,0,0
pb2203,20220218,20220218,133627000,13:36:27,15480,34382,24029,2664199250,5,-5,387000
pb2203,20220218,20220218,133627500,13:36:28,15480,34382,24029,2664199250,0,0,0
pb2203,20220218,20220218,133628000,13:36:28,15480,34382,24029,2664199250,0,0,0
pb2203,20220218,20220218,133629000,13:36:29,15480,34382,24029,2664199250,0,0,0
pb2203,20220218,20220218,133631500,13:36:31,15480,34382,24029,2664199250,0,0,0
pb2203,20220218,20220218,133632000,13:36:32,15480,34382,24029,2664199250,0,0,0
pb2203,20220218,20220218,133632500,13:36:32,15480,34382,24029,2664199250,0,0,0
pb2203,20220218,20220218,133633000,13:36:33,15480,34382,24029,2664199250,0,0,0
pb2203,20220218,20220218,133633500,13:36:33,15480,34382,24029,2664199250,0,0,0
pb2203,20220218,20220218,133636000,13:36:36,15480,34382,24029,2664199250,0,0,0
pb2203,20220218,20220218,133636500,13:36:36,15480,34382,24029,2664199250,0,0,0
pb2203,20220218,20220218,133637000,13:36:37,15480,34382,24029,2664199250,0,0,0
pb2203,20220218,20220218,133637500,13:36:38,15475,34383,24029,2664276625,1,0,77375
pb2203,20220218,20220218,133638500,13:36:39,15475,34383,24029,2664276625,0,0,0
pb2203,20220218,20220218,133640500,13:36:40,15475,34383,24029,2664276625,0,0,0
pb2203,20220218,20220218,133644500,13:36:44,15480,34384,24028,2664354025,1,-1,77400
pb2203,20220218,20220218,133657500,13:36:58,15480,34384,24028,2664354025,0,0,0
pb2203,20220218,20220218,133659000,13:36:59,15480,34384,24028,2664354025,0,0,0
pb2203,20220218,20220218,133659500,13:36:59,15480,34384,24028,2664354025,0,0,0
pb2203,20220218,20220218,133700000,13:37:00,15480,34384,24028,2664354025,0,0,0
pb2203,20220218,20220218,133705500,13:37:07,15480,34384,24028,2664354025,0,0,0
pb2203,20220218,20220218,133706000,13:37:08,15480,34384,24028,2664354025,0,0,0
pb2203,20220218,20220218,133706500,13:37:08,15480,34384,24028,2664354025,0,0,0
pb2203,20220218,20220218,133710000,13:37:11,15480,34384,24028,2664354025,0,0,0
pb2203,20220218,20220218,133715500,13:37:16,15480,34385,24028,2664431425,1,0,77400
pb2203,20220218,20220218,133717000,13:37:17,15480,34385,24028,2664431425,0,0,0
pb2203,20220218,20220218,133717500,13:37:18,15480,34385,24028,2664431425,0,0,0
pb2203,20220218,20220218,133719500,13:37:19,15475,34408,24023,2666211050,23,-5,1779625
pb2203,20220218,20220218,133720000,13:37:20,15475,34409,24024,2666288425,1,1,77375
pb2203,20220218,20220218,133720500,13:37:21,15475,34410,24024,2666365800,1,0,77375
pb2203,20220218,20220218,133721000,13:37:21,15475,34412,24024,2666520550,2,0,154750
pb2203,20220218,20220218,133721500,13:37:21,15475,34412,24024,2666520550,0,0,0
pb2203,20220218,20220218,133722000,13:37:22,15475,34412,24024,2666520550,0,0,0
pb2203,20220218,20220218,133722500,13:37:22,15475,34420,24024,2667139550,8,0,619000
pb2203,20220218,20220218,133723000,13:37:23,15475,34420,24024,2667139550,0,0,0
pb2203,20220218,20220218,133727500,13:37:27,15475,34420,24024,2667139550,0,0,0
pb2203,20220218,20220218,133729000,13:37:29,15475,34420,24024,2667139550,0,0,0
pb2203,20220218,20220218,133730000,13:37:30,15475,34420,24024,2667139550,0,0,0
pb2203,20220218,20220218,133731500,13:37:31,15475,34420,24024,2667139550,0,0,0
pb2203,20220218,20220218,133732000,13:37:32,15475,34420,24024,2667139550,0,0,0
pb2203,20220218,20220218,133732500,13:37:33,15475,34433,24025,2668145425,13,1,1005875
pb2203,20220218,20220218,133733000,13:37:33,15475,34433,24025,2668145425,0,0,0
pb2203,20220218,20220218,133738500,13:37:39,15475,34433,24025,2668145425,0,0,0
pb2203,20220218,20220218,133739000,13:37:39,15475,34435,24024,2668300175,2,-1,154750
pb2203,20220218,20220218,133739500,13:37:39,15475,34435,24024,2668300175,0,0,0
pb2203,20220218,20220218,133742000,13:37:42,15470,34436,24024,2668377525,1,0,77350
pb2203,20220218,20220218,133742500,13:37:42,15470,34436,24024,2668377525,0,0,0
pb2203,20220218,20220218,133743000,13:37:43,15470,34436,24024,2668377525,0,0,0
pb2203,20220218,20220218,133749000,13:37:49,15470,34437,24023,2668454875,1,-1,77350
pb2203,20220218,20220218,133749500,13:37:49,15470,34437,24023,2668454875,0,0,0
pb2203,20220218,20220218,133753000,13:37:54,15470,34437,24023,2668454875,0,0,0
pb2203,20220218,20220218,133753500,13:37:55,15470,34437,24023,2668454875,0,0,0
pb2203,20220218,20220218,133754000,13:37:55,15475,34451,24032,2669538125,14,9,1083250
pb2203,20220218,20220218,133754500,13:37:55,15475,34451,24032,2669538125,0,0,0
pb2203,20220218,20220218,133757500,13:37:58,15475,34451,24032,2669538125,0,0,0
pb2203,20220218,20220218,133803000,13:38:06,15475,34453,24030,2669692875,2,-2,154750
pb2203,20220218,20220218,133803500,13:38:06,15475,34454,24029,2669770250,1,-1,77375
pb2203,20220218,20220218,133805000,13:38:06,15475,34454,24029,2669770250,0,0,0
pb2203,20220218,20220218,133805500,13:38:07,15475,34454,24029,2669770250,0,0,0
pb2203,20220218,20220218,133806000,13:38:09,15475,34454,24029,2669770250,0,0,0
pb2203,20220218,20220218,133809000,13:38:09,15470,34491,24028,2672632200,37,-1,2861950
pb2203,20220218,20220218,133809500,13:38:10,15470,34491,24028,2672632200,0,0,0
pb2203,20220218,20220218,133810500,13:38:10,15470,34491,24028,2672632200,0,0,0
pb2203,20220218,20220218,133813000,13:38:14,15470,34503,24026,2673560400,12,-2,928200
pb2203,20220218,20220218,133813500,13:38:15,15470,34503,24026,2673560400,0,0,0
pb2203,20220218,20220218,133814000,13:38:15,15470,34503,24026,2673560400,0,0,0
pb2203,20220218,20220218,133814500,13:38:17,15470,34503,24026,2673560400,0,0,0
pb2203,20220218,20220218,133815000,13:38:17,15470,34503,24026,2673560400,0,0,0
pb2203,20220218,20220218,133815500,13:38:17,15470,34503,24026,2673560400,0,0,0
pb2203,20220218,20220218,133816500,13:38:18,15470,34503,24026,2673560400,0,0,0
pb2203,20220218,20220218,133819500,13:38:19,15475,34524,24021,2675185275,21,-5,1624875
pb2203,20220218,20220218,133820000,13:38:20,15475,34524,24021,2675185275,0,0,0
pb2203,20220218,20220218,133820500,13:38:22,15475,34524,24021,2675185275,0,0,0
pb2203,20220218,20220218,133821500,13:38:22,15475,34524,24021,2675185275,0,0,0
pb2203,20220218,20220218,133822000,13:38:23,15475,34524,24021,2675185275,0,0,0
pb2203,20220218,20220218,133822500,13:38:23,15475,34530,24019,2675649525,6,-2,464250
pb2203,20220218,20220218,133823000,13:38:23,15475,34530,24019,2675649525,0,0,0
pb2203,20220218,20220218,133823500,13:38:24,15475,34530,24019,2675649525,0,0,0
pb2203,20220218,20220218,133826000,13:38:42,15475,34534,24023,2675959025,4,4,309500
pb2203,20220218,20220218,133839000,13:38:43,15475,34534,24023,2675959025,0,0,0
pb2203,20220218,20220218,133841000,13:38:43,15470,34536,24022,2676113775,2,-1,154750
pb2203,20220218,20220218,133842000,13:38:43,15470,34536,24022,2676113775,0,0,0
pb2203,20220218,20220218,133851000,13:38:51,15480,34538,24021,2676268575,2,-1,154800
pb2203,20220218,20220218,133903000,13:39:03,15480,34538,24021,2676268575,0,0,0
pb2203,20220218,20220218,133906500,13:39:06,15475,34539,24020,2676345950,1,-1,77375
pb2203,20220218,20220218,133908000,13:39:08,15475,34541,24018,2676500700,2,-2,154750
pb2203,20220218,20220218,133908500,13:39:08,15475,34541,24018,2676500700,0,0,0
pb2203,20220218,20220218,133914500,13:39:15,15470,34562,24021,2678125075,21,3,1624375
pb2203,20220218,20220218,133915000,13:39:18,15470,34562,24021,2678125075,0,0,0
pb2203,20220218,20220218,133919000,13:39:19,15470,34562,24021,2678125075,0,0,0
pb2203,20220218,20220218,133920000,13:39:20,15470,34562,24021,2678125075,0,0,0
pb2203,20220218,20220218,133922000,13:39:22,15470,34562,24021,2678125075,0,0,0
pb2203,20220218,20220218,133924500,13:39:24,15470,34562,24021,2678125075,0,0,0
pb2203,20220218,20220218,133925500,13:39:25,15470,34562,24021,2678125075,0,0,0
pb2203,20220218,20220218,133927000,13:39:27,15470,34573,24025,2678975925,11,4,850850
pb2203,20220218,20220218,133928500,13:39:28,15470,34573,24025,2678975925,0,0,0
pb2203,20220218,20220218,133929500,13:39:29,15470,34573,24025,2678975925,0,0,0
pb2203,20220218,20220218,133935000,13:39:35,15470,34573,24025,2678975925,0,0,0
pb2203,20220218,20220218,133936500,13:39:36,15470,34573,24025,2678975925,0,0,0
pb2203,20220218,20220218,133937500,13:39:37,15470,34573,24025,2678975925,0,0,0
pb2203,20220218,20220218,133938000,13:39:38,15470,34573,24025,2678975925,0,0,0
pb2203,20220218,20220218,133939000,13:39:39,15470,34574,24025,2679053275,1,0,77350
pb2203,20220218,20220218,133940500,13:39:41,15470,34574,24025,2679053275,0,0,0
pb2203,20220218,20220218,133944000,13:39:44,15470,34574,24025,2679053275,0,0,0
pb2203,20220218,20220218,133945000,13:39:45,15470,34574,24025,2679053275,0,0,0
pb2203,20220218,20220218,133945500,13:39:46,15470,34574,24025,2679053275,0,0,0
pb2203,20220218,20220218,133946000,13:39:46,15465,34583,24025,2679749400,9,0,696125
pb2203,20220218,20220218,133947000,13:39:47,15465,34583,24025,2679749400,0,0,0
pb2203,20220218,20220218,133948000,13:39:48,15465,34583,24025,2679749400,0,0,0
pb2203,20220218,20220218,133948500,13:39:48,15465,34583,24025,2679749400,0,0,0
pb2203,20220218,20220218,133949000,13:39:49,15465,34583,24025,2679749400,0,0,0
pb2203,20220218,20220218,133949500,13:39:50,15465,34583,24025,2679749400,0,0,0
pb2203,20220218,20220218,133950500,13:39:50,15465,34583,24025,2679749400,0,0,0
pb2203,20220218,20220218,133952500,13:39:53,15465,34583,24025,2679749400,0,0,0
pb2203,20220218,20220218,133954500,13:39:55,15465,34583,24025,2679749400,0,0,0
pb2203,20220218,20220218,133955500,13:39:55,15465,34583,24025,2679749400,0,0,0
pb2203,20220218,20220218,133956000,13:39:56,15465,34583,24025,2679749400,0,0,0
pb2203,20220218,20220218,133956500,13:39:57,15475,34658,24069,2685552525,75,44,5803125
pb2203,20220218,20220218,133957000,13:39:57,15475,34688,24093,2687873775,30,24,2321250
pb2203,20220218,20220218,133957500,13:40:05,15475,34688,24093,2687873775,0,0,0
pb2203,20220218,20220218,133958000,13:40:13,15475,34688,24093,2687873775,0,0,0
pb2203,20220218,20220218,133958500,13:40:13,15475,34688,24093,2687873775,0,0,0
pb2203,20220218,20220218,134012500,13:40:13,15475,34717,24083,2690117650,29,-10,2243875
pb2203,20220218,20220218,134013000,13:40:13,15475,34717,24083,2690117650,0,0,0
pb2203,20220218,20220218,134013500,13:40:13,15475,34717,24083,2690117650,0,0,0
pb2203,20220218,20220218,134014000,13:40:14,15475,34717,24083,2690117650,0,0,0
pb2203,20220218,20220218,134014500,13:40:15,15475,34717,24083,2690117650,0,0,0
pb2203,20220218,20220218,134020000,13:40:20,15480,34718,24082,2690195050,1,-1,77400
pb2203,20220218,20220218,134020500,13:40:21,15475,34719,24082,2690272425,1,0,77375
pb2203,20220218,20220218,134026500,13:40:27,15480,34783,24117,2695226025,64,35,4953600
pb2203,20220218,20220218,134027000,13:40:27,15480,34783,24117,2695226025,0,0,0
pb2203,20220218,20220218,134027500,13:40:27,15480,34783,24117,2695226025,0,0,0
pb2203,20220218,20220218,134028000,13:40:28,15480,34783,24117,2695226025,0,0,0
pb2203,20220218,20220218,134028500,13:40:29,15480,34783,24117,2695226025,0,0,0
pb2203,20220218,20220218,134029000,13:40:30,15480,34783,24117,2695226025,0,0,0
pb2203,20220218,20220218,134030500,13:40:30,15485,34799,24114,2696464825,16,-3,1238800
pb2203,20220218,20220218,134031000,13:40:31,15485,34799,24114,2696464825,0,0,0
pb2203,20220218,20220218,134031500,13:40:31,15485,34799,24114,2696464825,0,0,0
pb2203,20220218,20220218,134032000,13:40:32,15485,34799,24114,2696464825,0,0,0
pb2203,20220218,20220218,134032500,13:40:32,15485,34799,24114,2696464825,0,0,0
pb2203,20220218,20220218,134033500,13:40:34,15485,34799,24114,2696464825,0,0,0
pb2203,20220218,20220218,134034500,13:40:35,15485,34799,24114,2696464825,0,0,0
pb2203,20220218,20220218,134035000,13:40:35,15485,34799,24114,2696464825,0,0,0
pb2203,20220218,20220218,134037000,13:40:37,15485,34801,24115,2696619675,2,1,154850
pb2203,20220218,20220218,134041500,13:40:42,15485,34801,24115,2696619675,0,0,0
pb2203,20220218,20220218,134043000,13:40:43,15485,34805,24113,2696929375,4,-2,309700
pb2203,20220218,20220218,134043500,13:40:44,15485,34814,24109,2697626200,9,-4,696825
pb2203,20220218,20220218,134044000,13:40:44,15485,34819,24111,2698013325,5,2,387125
pb2203,20220218,20220218,134044500,13:40:44,15485,34819,24111,2698013325,0,0,0
pb2203,20220218,20220218,134045000,13:40:45,15485,34819,24111,2698013325,0,0,0
pb2203,20220218,20220218,134047500,13:40:47,15480,34820,24110,2698090725,1,-1,77400
pb2203,20220218,20220218,134053000,13:40:55,15490,34822,24110,2698245625,2,0,154900
pb2203,20220218,20220218,134054000,13:40:55,15490,34823,24111,2698323075,1,1,77450
pb2203,20220218,20220218,134055500,13:40:57,15490,34823,24111,2698323075,0,0,0
pb2203,20220218,20220218,134057500,13:40:58,15490,34823,24111,2698323075,0,0,0
pb2203,20220218,20220218,134058000,13:40:58,15485,34824,24110,2698400500,1,-1,77425
pb2203,20220218,20220218,134058500,13:40:59,15485,34827,24111,2698632775,3,1,232275
pb2203,20220218,20220218,134059000,13:40:59,15490,34828,24111,2698710225,1,0,77450
pb2203,20220218,20220218,134059500,13:41:00,15490,34828,24111,2698710225,0,0,0
pb2203,20220218,20220218,134100000,13:41:00,15490,34828,24111,2698710225,0,0,0
pb2203,20220218,20220218,134100500,13:41:00,15490,34828,24111,2698710225,0,0,0
pb2203,20220218,20220218,134101000,13:41:01,15485,34830,24110,2698865075,2,-1,154850
pb2203,20220218,20220218,134101500,13:41:01,15485,34830,24110,2698865075,0,0,0
pb2203,20220218,20220218,134102000,13:41:02,15485,34841,24099,2699716750,11,-11,851675
pb2203,20220218,20220218,134102500,13:41:02,15485,34841,24099,2699716750,0,0,0
pb2203,20220218,20220218,134103000,13:41:04,15485,34841,24099,2699716750,0,0,0
pb2203,20220218,20220218,134104000,13:41:05,15485,34841,24099,2699716750,0,0,0
pb2203,20220218,20220218,134104500,13:41:05,15485,34841,24099,2699716750,0,0,0
pb2203,20220218,20220218,134107000,13:41:07,15485,34841,24099,2699716750,0,0,0
pb2203,20220218,20220218,134107500,13:41:09,15485,34841,24099,2699716750,0,0,0
pb2203,20220218,20220218,134108000,13:41:09,15485,34842,24099,2699794175,1,0,77425
pb2203,20220218,20220218,134108500,13:41:10,15485,34842,24099,2699794175,0,0,0
pb2203,20220218,20220218,134109000,13:41:10,15485,34842,24099,2699794175,0,0,0
pb2203,20220218,20220218,134109500,13:41:10,15485,34851,24092,2700491000,9,-7,696825
pb2203,20220218,20220218,134110000,13:41:10,15485,34851,24092,2700491000,0,0,0
pb2203,20220218,20220218,134110500,13:41:10,15485,34851,24092,2700491000,0,0,0
pb2203,20220218,20220218,134111000,13:41:11,15480,34852,24091,2700568400,1,-1,77400
pb2203,20220218,20220218,134111500,13:41:11,15480,34852,24091,2700568400,0,0,0
pb2203,20220218,20220218,134112000,13:41:12,15485,34853,24090,2700645825,1,-1,77425
pb2203,20220218,20220218,134120500,13:41:23,15485,34856,24090,2700878100,3,0,232275
pb2203,20220218,20220218,134121000,13:41:23,15485,34856,24090,2700878100,0,0,0
pb2203,20220218,20220218,134121500,13:41:23,15485,34856,24090,2700878100,0,0,0
pb2203,20220218,20220218,134126000,13:41:27,15485,34856,24090,2700878100,0,0,0
pb2203,20220218,20220218,134129000,13:41:29,15485,34856,24090,2700878100,0,0,0
pb2203,20220218,20220218,134131500,13:41:31,15485,34856,24090,2700878100,0,0,0
pb2203,20220218,20220218,134132000,13:41:32,15485,34856,24090,2700878100,0,0,0
pb2203,20220218,20220218,134132500,13:41:33,15490,34866,24087,2701652600,10,-3,774500
pb2203,20220218,20220218,134133000,13:41:33,15490,34884,24093,2703046700,18,6,1394100
pb2203,20220218,20220218,134133500,13:41:34,15490,34884,24093,2703046700,0,0,0
pb2203,20220218,20220218,134134000,13:41:34,15490,34884,24093,2703046700,0,0,0
pb2203,20220218,20220218,134134500,13:41:34,15490,34884,24093,2703046700,0,0,0
pb2203,20220218,20220218,134139500,13:41:42,15490,34884,24093,2703046700,0,0,0
pb2203,20220218,20220218,134140000,13:41:42,15490,34884,24093,2703046700,0,0,0
pb2203,20220218,20220218,134140500,13:41:42,15495,34917,24079,2705602950,33,-14,2556250
pb2203,20220218,20220218,134141000,13:41:42,15495,34917,24079,2705602950,0,0,0
pb2203,20220218,20220218,134142000,13:41:42,15495,34917,24079,2705602950,0,0,0
pb2203,20220218,20220218,134144500,13:41:44,15490,34918,24079,2705680400,1,0,77450
pb2203,20220218,20220218,134145000,13:41:45,15490,34918,24079,2705680400,0,0,0
pb2203,20220218,20220218,134149500,13:41:50,15490,34918,24079,2705680400,0,0,0
pb2203,20220218,20220218,134154000,13:42:02,15490,34918,24079,2705680400,0,0,0
pb2203,20220218,20220218,134154500,13:42:02,15495,34934,24072,2706920000,16,-7,1239600
pb2203,20220218,20220218,134155000,13:42:04,15495,34934,24072,2706920000,0,0,0
pb2203,20220218,20220218,134202000,13:42:11,15495,34934,24072,2706920000,0,0,0
pb2203,20220218,20220218,134202500,13:42:11,15495,34966,24063,2709399200,32,-9,2479200
pb2203,20220218,20220218,134203000,13:42:11,15495,34977,24054,2710251425,11,-9,852225
pb2203,20220218,20220218,134209000,13:42:12,15495,34977,24054,2710251425,0,0,0
pb2203,20220218,20220218,134213000,13:42:13,15495,34977,24054,2710251425,0,0,0
pb2203,20220218,20220218,134214000,13:42:14,15495,34977,24054,2710251425,0,0,0
pb2203,20220218,20220218,134214500,13:42:15,15495,34977,24054,2710251425,0,0,0
pb2203,20220218,20220218,134215000,13:42:15,15500,34991,24042,2711336100,14,-12,1084675
pb2203,20220218,20220218,134215500,13:42:16,15500,34992,24041,2711413600,1,-1,77500
pb2203,20220218,20220218,134216000,13:42:16,15495,34993,24040,2711491075,1,-1,77475
pb2203,20220218,20220218,134216500,13:42:17,15495,34993,24040,2711491075,0,0,0
pb2203,20220218,20220218,134217000,13:42:18,15495,34993,24040,2711491075,0,0,0
pb2203,20220218,20220218,134218500,13:42:20,15495,34993,24040,2711491075,0,0,0
pb2203,20220218,20220218,134220500,13:42:21,15495,34993,24040,2711491075,0,0,0
pb2203,20220218,20220218,134221500,13:42:21,15495,34993,24040,2711491075,0,0,0
pb2203,20220218,20220218,134223000,13:42:23,15500,34994,24041,2711568575,1,1,77500
pb2203,20220218,20220218,134223500,13:42:24,15500,34994,24041,2711568575,0,0,0
pb2203,20220218,20220218,134224000,13:42:24,15495,34997,24039,2711801000,3,-2,232425
pb2203,20220218,20220218,134224500,13:42:25,15495,34998,24038,2711878475,1,-1,77475
pb2203,20220218,20220218,134225000,13:42:25,15495,34998,24038,2711878475,0,0,0
pb2203,20220218,20220218,134229000,13:42:29,15500,34999,24039,2711955975,1,1,77500
pb2203,20220218,20220218,134235000,13:42:35,15500,34999,24039,2711955975,0,0,0
pb2203,20220218,20220218,134239500,13:42:39,15495,35000,24039,2712033450,1,0,77475
pb2203,20220218,20220218,134242000,13:42:42,15495,35000,24039,2712033450,0,0,0
pb2203,20220218,20220218,134246000,13:42:46,15495,35000,24039,2712033450,0,0,0
pb2203,20220218,20220218,134255000,13:42:55,15495,35000,24039,2712033450,0,0,0
pb2203,20220218,20220218,134257000,13:42:59,15495,35001,24039,2712110925,1,0,77475
pb2203,20220218,20220218,134258500,13:42:59,15495,35001,24039,2712110925,0,0,0
pb2203,20220218,20220218,134300500,13:43:02,15495,35001,24039,2712110925,0,0,0
pb2203,20220218,20220218,134302500,13:43:02,15495,35001,24039,2712110925,0,0,0
pb2203,20220218,20220218,134303000,13:43:05,15495,35004,24038,2712343375,3,-1,232450
pb2203,20220218,20220218,134303500,13:43:11,15495,35017,24028,2713350550,13,-10,1007175
pb2203,20220218,20220218,134304000,13:43:11,15495,35017,24028,2713350550,0,0,0
pb2203,20220218,20220218,134305000,13:43:12,15495,35030,24024,2714357725,13,-4,1007175
pb2203,20220218,20220218,134310500,13:43:12,15495,35030,24024,2714357725,0,0,0
pb2203,20220218,20220218,134312000,13:43:14,15495,35030,24024,2714357725,0,0,0
pb2203,20220218,20220218,134315000,13:43:15,15495,35030,24024,2714357725,0,0,0
pb2203,20220218,20220218,134315500,13:43:15,15495,35030,24024,2714357725,0,0,0
pb2203,20220218,20220218,134316000,13:43:16,15490,35073,24018,2717688700,43,-6,3330975
pb2203,20220218,20220218,134316500,13:43:16,15490,35073,24018,2717688700,0,0,0
pb2203,20220218,20220218,134317000,13:43:17,15490,35073,24018,2717688700,0,0,0
pb2203,20220218,20220218,134318500,13:43:18,15490,35074,24019,2717766150,1,1,77450
pb2203,20220218,20220218,134319000,13:43:19,15490,35080,24021,2718230850,6,2,464700
pb2203,20220218,20220218,134319500,13:43:19,15490,35080,24021,2718230850,0,0,0
pb2203,20220218,20220218,134320000,13:43:20,15490,35080,24021,2718230850,0,0,0
pb2203,20220218,20220218,134325000,13:43:25,15495,35081,24021,2718308325,1,0,77475
pb2203,20220218,20220218,134325500,13:43:25,15495,35081,24021,2718308325,0,0,0
pb2203,20220218,20220218,134327000,13:43:27,15495,35081,24021,2718308325,0,0,0
pb2203,20220218,20220218,134330000,13:43:30,15495,35082,24021,2718385800,1,0,77475
pb2203,20220218,20220218,134332500,13:43:32,15495,35083,24020,2718463275,1,-1,77475
pb2203,20220218,20220218,134351500,13:44:04,15495,35083,24020,2718463275,0,0,0
pb2203,20220218,20220218,134403000,13:44:04,15495,35083,24020,2718463275,0,0,0
pb2203,20220218,20220218,134404000,13:44:04,15495,35083,24020,2718463275,0,0,0
pb2203,20220218,20220218,134407500,13:44:08,15495,35083,24020,2718463275,0,0,0
pb2203,20220218,20220218,134408000,13:44:08,15495,35083,24020,2718463275,0,0,0
pb2203,20220218,20220218,134417000,13:44:18,15495,35083,24020,2718463275,0,0,0
pb2203,20220218,20220218,134417500,13:44:18,15495,35083,24020,2718463275,0,0,0
pb2203,20220218,20220218,134419000,13:44:19,15495,35083,24020,2718463275,0,0,0
pb2203,20220218,20220218,134419500,13:44:23,15490,35111,23999,2720632000,28,-21,2168725
pb2203,20220218,20220218,134420000,13:44:23,15490,35122,23996,2721483950,11,-3,851950
pb2203,20220218,20220218,134420500,13:44:23,15490,35122,23996,2721483950,0,0,0
pb2203,20220218,20220218,134421000,13:44:23,15490,35124,23994,2721638850,2,-2,154900
pb2203,20220218,20220218,134422500,13:44:23,15490,35124,23994,2721638850,0,0,0
pb2203,20220218,20220218,134425000,13:44:25,15490,35124,23994,2721638850,0,0,0
pb2203,20220218,20220218,134425500,13:44:25,15490,35124,23994,2721638850,0,0,0
pb2203,20220218,20220218,134429500,13:44:31,15490,35124,23994,2721638850,0,0,0
pb2203,20220218,20220218,134430000,13:44:37,15490,35137,23992,2722645700,13,-2,1006850
pb2203,20220218,20220218,134431000,13:44:37,15490,35137,23992,2722645700,0,0,0
pb2203,20220218,20220218,134438000,13:44:38,15495,35138,23992,2722723175,1,0,77475
pb2203,20220218,20220218,134438500,13:44:38,15495,35138,23992,2722723175,0,0,0
pb2203,20220218,20220218,134439000,13:44:39,15495,35138,23992,2722723175,0,0,0
pb2203,20220218,20220218,134443500,13:44:44,15495,35138,23992,2722723175,0,0,0
pb2203,20220218,20220218,134448000,13:44:48,15495,35138,23992,2722723175,0,0,0
pb2203,20220218,20220218,134457500,13:44:57,15495,35138,23992,2722723175,0,0,0
pb2203,20220218,20220218,134520500,13:45:23,15495,35138,23992,2722723175,0,0,0
pb2203,20220218,20220218,134521500,13:45:23,15490,35139,23991,2722800625,1,-1,77450
pb2203,20220218,20220218,134538500,13:45:39,15490,35139,23991,2722800625,0,0,0
pb2203,20220218,20220218,134539000,13:45:39,15490,35139,23991,2722800625,0,0,0
pb2203,20220218,20220218,134557000,13:46:00,15490,35139,23991,2722800625,0,0,0
pb2203,20220218,20220218,134601000,13:46:01,15490,35139,23991,2722800625,0,0,0
pb2203,20220218,20220218,134603500,13:46:04,15490,35139,23991,2722800625,0,0,0
pb2203,20220218,20220218,134604000,13:46:04,15495,35141,23990,2722955575,2,-1,154950
pb2203,20220218,20220218,134609000,13:46:09,15490,35142,23991,2723033025,1,1,77450
pb2203,20220218,20220218,134609500,13:46:09,15490,35142,23991,2723033025,0,0,0
pb2203,20220218,20220218,134616500,13:46:18,15495,35143,23990,2723110500,1,-1,77475
pb2203,20220218,20220218,134617500,13:46:18,15495,35143,23990,2723110500,0,0,0
pb2203,20220218,20220218,134618000,13:46:18,15495,35144,23990,2723187975,1,0,77475
pb2203,20220218,20220218,134619000,13:46:19,15495,35144,23990,2723187975,0,0,0
pb2203,20220218,20220218,134620000,13:46:20,15495,35144,23990,2723187975,0,0,0
pb2203,20220218,20220218,134620500,13:46:21,15495,35144,23990,2723187975,0,0,0
pb2203,20220218,20220218,134644500,13:46:47,15495,35144,23990,2723187975,0,0,0
pb2203,20220218,20220218,134646000,13:46:47,15495,35144,23990,2723187975,0,0,0
pb2203,20220218,20220218,134649000,13:46:49,15495,35144,23990,2723187975,0,0,0
pb2203,20220218,20220218,134651500,13:46:51,15495,35144,23990,2723187975,0,0,0
pb2203,20220218,20220218,134652000,13:46:52,15490,35146,23990,2723342875,2,0,154900
pb2203,20220218,20220218,134655500,13:46:55,15490,35147,23991,2723420325,1,1,77450
pb2203,20220218,20220218,134659000,13:46:59,15490,35147,23991,2723420325,0,0,0
pb2203,20220218,20220218,134702000,13:47:02,15490,35147,23991,2723420325,0,0,0
pb2203,20220218,20220218,134715500,13:47:17,15490,35147,23991,2723420325,0,0,0
pb2203,20220218,20220218,134717000,13:47:17,15490,35147,23991,2723420325,0,0,0
pb2203,20220218,20220218,134744500,13:47:45,15490,35147,23991,2723420325,0,0,0
pb2203,20220218,20220218,134745000,13:47:45,15490,35147,23991,2723420325,0,0,0
pb2203,20220218,20220218,134745500,13:47:45,15490,35147,23991,2723420325,0,0,0
pb2203,20220218,20220218,134747000,13:47:47,15495,35177,23972,2725744575,30,-19,2324250
pb2203,20220218,20220218,134747500,13:47:47,15495,35179,23970,2725899525,2,-2,154950
pb2203,20220218,20220218,134748000,13:47:48,15495,35179,23970,2725899525,0,0,0
pb2203,20220218,20220218,134817500,13:48:18,15495,35179,23970,2725899525,0,0,0
pb2203,20220218,20220218,134818500,13:48:20,15495,35179,23970,2725899525,0,0,0
pb2203,20220218,20220218,134821000,13:48:22,15495,35180,23969,2725977000,1,-1,77475
pb2203,20220218,20220218,134821500,13:48:22,15495,35180,23969,2725977000,0,0,0
pb2203,20220218,20220218,134824500,13:48:24,15495,35180,23969,2725977000,0,0,0
pb2203,20220218,20220218,134832000,13:48:32,15495,35181,23969,2726054475,1,0,77475
pb2203,20220218,20220218,134833500,13:48:34,15495,35181,23969,2726054475,0,0,0
pb2203,20220218,20220218,134838000,13:48:38,15500,35182,23969,2726131975,1,0,77500
pb2203,20220218,20220218,134845000,13:48:45,15500,35182,23969,2726131975,0,0,0
pb2203,20220218,20220218,134849000,13:48:49,15500,35182,23969,2726131975,0,0,0
pb2203,20220218,20220218,134851000,13:48:51,15500,35182,23969,2726131975,0,0,0
pb2203,20220218,20220218,134856500,13:48:57,15500,35182,23969,2726131975,0,0,0
pb2203,20220218,20220218,134858000,13:48:58,15500,35182,23969,2726131975,0,0,0
pb2203,20220218,20220218,134858500,13:48:59,15500,35182,23969,2726131975,0,0,0
pb2203,20220218,20220218,134859000,13:48:59,15500,35182,23969,2726131975,0,0,0
pb2203,20220218,20220218,134901000,13:49:01,15500,35182,23969,2726131975,0,0,0
pb2203,20220218,20220218,134901500,13:49:02,15500,35182,23969,2726131975,0,0,0
pb2203,20220218,20220218,134905500,13:49:05,15500,35183,23969,2726209475,1,0,77500
pb2203,20220218,20220218,134907500,13:49:07,15500,35183,23969,2726209475,0,0,0
pb2203,20220218,20220218,134911000,13:49:11,15500,35183,23969,2726209475,0,0,0
pb2203,20220218,20220218,134912000,13:49:12,15500,35183,23969,2726209475,0,0,0
pb2203,20220218,20220218,134912500,13:49:12,15500,35183,23969,2726209475,0,0,0
pb2203,20220218,20220218,134916500,13:49:16,15500,35183,23969,2726209475,0,0,0
pb2203,20220218,20220218,134922500,13:49:23,15500,35183,23969,2726209475,0,0,0
pb2203,20220218,20220218,134933000,13:49:33,15500,35183,23969,2726209475,0,0,0
pb2203,20220218,20220218,134944000,13:49:44,15500,35183,23969,2726209475,0,0,0
pb2203,20220218,20220218,134950000,13:49:50,15500,35183,23969,2726209475,0,0,0
pb2203,20220218,20220218,134959500,13:49:59,15500,35183,23969,2726209475,0,0,0
pb2203,20220218,20220218,135003500,13:50:03,15495,35184,23968,2726286950,1,-1,77475
pb2203,20220218,20220218,135004500,13:50:04,15495,35184,23968,2726286950,0,0,0
pb2203,20220218,20220218,135005000,13:50:05,15495,35184,23968,2726286950,0,0,0
pb2203,20220218,20220218,135005500,13:50:06,15495,35184,23968,2726286950,0,0,0
pb2203,20220218,20220218,135025500,13:50:27,15495,35184,23968,2726286950,0,0,0
pb2203,20220218,20220218,135026000,13:50:27,15495,35184,23968,2726286950,0,0,0
pb2203,20220218,20220218,135026500,13:50:29,15495,35184,23968,2726286950,0,0,0
pb2203,20220218,20220218,135044000,13:50:45,15495,35184,23968,2726286950,0,0,0
pb2203,20220218,20220218,135049000,13:50:49,15495,35184,23968,2726286950,0,0,0
pb2203,20220218,20220218,135050000,13:50:50,15495,35192,23961,2726906750,8,-7,619800
pb2203,20220218,20220218,135050500,13:50:51,15495,35192,23961,2726906750,0,0,0
pb2203,20220218,20220218,135051000,13:50:51,15495,35192,23961,2726906750,0,0,0
pb2203,20220218,20220218,135057500,13:50:58,15495,35192,23961,2726906750,0,0,0
pb2203,20220218,20220218,135102500,13:51:02,15495,35192,23961,2726906750,0,0,0
pb2203,20220218,20220218,135118500,13:51:21,15495,35192,23961,2726906750,0,0,0
pb2203,20220218,20220218,135201500,13:52:01,15495,35201,23955,2727604025,9,-6,697275
pb2203,20220218,20220218,135203500,13:52:04,15495,35201,23955,2727604025,0,0,0
pb2203,20220218,20220218,135205000,13:52:05,15495,35201,23955,2727604025,0,0,0
pb2203,20220218,20220218,135205500,13:52:06,15495,35202,23956,2727681500,1,1,77475
pb2203,20220218,20220218,135206000,13:52:06,15495,35202,23956,2727681500,0,0,0
pb2203,20220218,20220218,135211000,13:52:12,15495,35203,23957,2727758975,1,1,77475
pb2203,20220218,20220218,135211500,13:52:12,15490,35204,23957,2727836425,1,0,77450
pb2203,20220218,20220218,135212000,13:52:12,15490,35204,23957,2727836425,0,0,0
pb2203,20220218,20220218,135213000,13:52:13,15490,35204,23957,2727836425,0,0,0
pb2203,20220218,20220218,135213500,13:52:13,15490,35204,23957,2727836425,0,0,0
pb2203,20220218,20220218,135214000,13:52:14,15490,35204,23957,2727836425,0,0,0
pb2203,20220218,20220218,135219000,13:52:20,15490,35204,23957,2727836425,0,0,0
pb2203,20220218,20220218,135222000,13:52:24,15490,35204,23957,2727836425,0,0,0
pb2203,20220218,20220218,135233000,13:52:33,15490,35204,23957,2727836425,0,0,0
pb2203,20220218,20220218,135234500,13:52:35,15490,35204,23957,2727836425,0,0,0
pb2203,20220218,20220218,135236500,13:52:38,15490,35204,23957,2727836425,0,0,0
pb2203,20220218,20220218,135247000,13:52:48,15490,35204,23957,2727836425,0,0,0
pb2203,20220218,20220218,135247500,13:52:48,15490,35204,23957,2727836425,0,0,0
pb2203,20220218,20220218,135254500,13:52:54,15490,35205,23957,2727913875,1,0,77450
pb2203,20220218,20220218,135255000,13:52:55,15490,35205,23957,2727913875,0,0,0
pb2203,20220218,20220218,135310000,13:53:10,15495,35206,23957,2727991350,1,0,77475
pb2203,20220218,20220218,135315000,13:53:15,15485,35230,23964,2729850125,24,7,1858775
pb2203,20220218,20220218,135315500,13:53:15,15490,35240,23955,2730624625,10,-9,774500
pb2203,20220218,20220218,135316000,13:53:16,15490,35241,23956,2730702075,1,1,77450
pb2203,20220218,20220218,135316500,13:53:17,15490,35243,23956,2730856975,2,0,154900
pb2203,20220218,20220218,135317000,13:53:20,15490,35243,23956,2730856975,0,0,0
pb2203,20220218,20220218,135319500,13:53:20,15490,35246,23955,2731089325,3,-1,232350
pb2203,20220218,20220218,135320000,13:53:20,15490,35246,23955,2731089325,0,0,0
pb2203,20220218,20220218,135320500,13:53:20,15490,35246,23955,2731089325,0,0,0
pb2203,20220218,20220218,135328500,13:53:29,15485,35249,23952,2731321600,3,-3,232275
pb2203,20220218,20220218,135329000,13:53:29,15485,35249,23952,2731321600,0,0,0
pb2203,20220218,20220218,135329500,13:53:29,15485,35249,23952,2731321600,0,0,0
pb2203,20220218,20220218,135339500,13:53:45,15485,35250,23951,2731399025,1,-1,77425
pb2203,20220218,20220218,135346000,13:53:47,15485,35251,23950,2731476450,1,-1,77425
pb2203,20220218,20220218,135348500,13:53:48,15485,35251,23950,2731476450,0,0,0
pb2203,20220218,20220218,135355500,13:53:56,15490,35257,23954,2731941150,6,4,464700
pb2203,20220218,20220218,135356000,13:53:56,15490,35259,23952,2732096050,2,-2,154900
pb2203,20220218,20220218,135356500,13:53:56,15490,35259,23952,2732096050,0,0,0
pb2203,20220218,20220218,135357000,13:53:57,15490,35259,23952,2732096050,0,0,0
pb2203,20220218,20220218,135406000,13:54:09,15490,35259,23952,2732096050,0,0,0
pb2203,20220218,20220218,135408000,13:54:09,15490,35259,23952,2732096050,0,0,0
pb2203,20220218,20220218,135408500,13:54:09,15490,35259,23952,2732096050,0,0,0
pb2203,20220218,20220218,135409000,13:54:09,15490,35259,23952,2732096050,0,0,0
pb2203,20220218,20220218,135414500,13:54:14,15485,35261,23951,2732250925,2,-1,154875
pb2203,20220218,20220218,135416500,13:54:16,15485,35261,23951,2732250925,0,0,0
pb2203,20220218,20220218,135423500,13:54:23,15485,35261,23951,2732250925,0,0,0
pb2203,20220218,20220218,135426000,13:54:26,15485,35261,23951,2732250925,0,0,0
pb2203,20220218,20220218,135426500,13:54:27,15485,35261,23951,2732250925,0,0,0
pb2203,20220218,20220218,135435000,13:54:35,15485,35261,23951,2732250925,0,0,0
pb2203,20220218,20220218,135435500,13:54:35,15485,35261,23951,2732250925,0,0,0
pb2203,20220218,20220218,135436500,13:54:36,15485,35287,23931,2734263975,26,-20,2013050
pb2203,20220218,20220218,135437000,13:54:37,15485,35295,23928,2734883275,8,-3,619300
pb2203,20220218,20220218,135437500,13:54:37,15485,35303,23925,2735502675,8,-3,619400
pb2203,20220218,20220218,135438000,13:54:38,15485,35310,23927,2736044650,7,2,541975
pb2203,20220218,20220218,135438500,13:54:38,15485,35310,23927,2736044650,0,0,0
pb2203,20220218,20220218,135439000,13:54:39,15485,35310,23927,2736044650,0,0,0
pb2203,20220218,20220218,135439500,13:54:40,15485,35311,23927,2736122075,1,0,77425
pb2203,20220218,20220218,135440000,13:54:40,15485,35311,23927,2736122075,0,0,0
pb2203,20220218,20220218,135441000,13:54:41,15490,35312,23927,2736199525,1,0,77450
pb2203,20220218,20220218,135443000,13:54:44,15490,35312,23927,2736199525,0,0,0
pb2203,20220218,20220218,135443500,13:54:44,15490,35312,23927,2736199525,0,0,0
pb2203,20220218,20220218,135444000,13:54:44,15490,35312,23927,2736199525,0,0,0
pb2203,20220218,20220218,135455000,13:54:55,15485,35313,23926,2736276950,1,-1,77425
pb2203,20220218,20220218,135457000,13:54:57,15485,35313,23926,2736276950,0,0,0
pb2203,20220218,20220218,135459500,13:55:00,15485,35313,23926,2736276950,0,0,0
pb2203,20220218,20220218,135500000,13:55:00,15485,35313,23926,2736276950,0,0,0
pb2203,20220218,20220218,135500500,13:55:00,15485,35313,23926,2736276950,0,0,0
pb2203,20220218,20220218,135501000,13:55:01,15485,35313,23926,2736276950,0,0,0
pb2203,20220218,20220218,135502500,13:55:03,15485,35313,23926,2736276950,0,0,0
pb2203,20220218,20220218,135507000,13:55:07,15485,35313,23926,2736276950,0,0,0
pb2203,20220218,20220218,135507500,13:55:11,15485,35313,23926,2736276950,0,0,0
pb2203,20220218,20220218,135508000,13:55:12,15485,35313,23926,2736276950,0,0,0
pb2203,20220218,20220218,135514500,13:55:15,15485,35315,23926,2736431800,2,0,154850
pb2203,20220218,20220218,135515000,13:55:15,15485,35315,23926,2736431800,0,0,0
pb2203,20220218,20220218,135526500,13:55:27,15485,35315,23926,2736431800,0,0,0
pb2203,20220218,20220218,135532000,13:55:32,15485,35315,23926,2736431800,0,0,0
pb2203,20220218,20220218,135532500,13:55:32,15485,35315,23926,2736431800,0,0,0
pb2203,20220218,20220218,135542500,13:55:42,15485,35315,23926,2736431800,0,0,0
pb2203,20220218,20220218,135543000,13:55:45,15490,35316,23926,2736509250,1,0,77450
pb2203,20220218,20220218,135558000,13:55:58,15490,35316,23926,2736509250,0,0,0
pb2203,20220218,20220218,135604000,13:56:23,15490,35316,23926,2736509250,0,0,0
pb2203,20220218,20220218,135614500,13:56:23,15495,35375,23929,2741079650,59,3,4570400
pb2203,20220218,20220218,135625500,13:56:25,15495,35375,23929,2741079650,0,0,0
pb2203,20220218,20220218,135626000,13:56:33,15495,35375,23929,2741079650,0,0,0
pb2203,20220218,20220218,135627000,13:56:34,15495,35375,23929,2741079650,0,0,0
pb2203,20220218,20220218,135629500,13:56:35,15495,35375,23929,2741079650,0,0,0
pb2203,20220218,20220218,135634500,13:56:35,15495,35375,23929,2741079650,0,0,0
pb2203,20220218,20220218,135635000,13:56:35,15495,35376,23930,2741157125,1,1,77475
pb2203,20220218,20220218,135635500,13:56:35,15495,35376,23930,2741157125,0,0,0
pb2203,20220218,20220218,135636000,13:56:36,15495,35378,23929,2741312075,2,-1,154950
pb2203,20220218,20220218,135636500,13:56:37,15495,35379,23930,2741389550,1,1,77475
pb2203,20220218,20220218,135637000,13:56:39,15495,35380,23930,2741467025,1,0,77475
pb2203,20220218,20220218,135637500,13:56:39,15495,35381,23930,2741544500,1,0,77475
pb2203,20220218,20220218,135638000,13:56:39,15495,35381,23930,2741544500,0,0,0
pb2203,20220218,20220218,135638500,13:56:39,15495,35383,23930,2741699450,2,0,154950
pb2203,20220218,20220218,135644000,13:56:44,15495,35383,23930,2741699450,0,0,0
pb2203,20220218,20220218,135647000,13:56:48,15490,35388,23930,2742086700,5,0,387250
pb2203,20220218,20220218,135647500,13:56:48,15490,35388,23930,2742086700,0,0,0
pb2203,20220218,20220218,135648000,13:56:48,15490,35388,23930,2742086700,0,0,0
pb2203,20220218,20220218,135648500,13:56:50,15490,35388,23930,2742086700,0,0,0
pb2203,20220218,20220218,135650000,13:56:50,15495,35390,23928,2742241650,2,-2,154950
pb2203,20220218,20220218,135650500,13:56:51,15495,35392,23928,2742396600,2,0,154950
pb2203,20220218,20220218,135656000,13:56:56,15495,35392,23928,2742396600,0,0,0
pb2203,20220218,20220218,135656500,13:56:56,15495,35394,23929,2742551550,2,1,154950
pb2203,20220218,20220218,135657000,13:56:57,15495,35394,23929,2742551550,0,0,0
pb2203,20220218,20220218,135657500,13:56:58,15495,35394,23929,2742551550,0,0,0
pb2203,20220218,20220218,135658000,13:56:58,15495,35394,23929,2742551550,0,0,0
pb2203,20220218,20220218,135704500,13:57:04,15495,35394,23929,2742551550,0,0,0
pb2203,20220218,20220218,135708000,13:57:08,15495,35394,23929,2742551550,0,0,0
