pb2205,20220218,20220218,112003000,11:20:04,15535,9560,15104,743654650,9560,1011,743654650
pb2205,20220218,20220218,112004500,11:20:10,15535,9594,15108,746295600,34,4,2640950
pb2205,20220218,20220218,112005000,11:20:10,15535,9595,15109,746373275,1,1,77675
pb2205,20220218,20220218,112006000,11:20:10,15535,9595,15109,746373275,0,0,0
pb2205,20220218,20220218,112006500,11:20:10,15535,9597,15110,746528625,2,1,155350
pb2205,20220218,20220218,112007000,11:20:10,15535,9598,15110,746606300,1,0,77675
pb2205,20220218,20220218,112007500,11:20:10,15535,9598,15110,746606300,0,0,0
pb2205,20220218,20220218,112008000,11:20:10,15535,9598,15110,746606300,0,0,0
pb2205,20220218,20220218,112008500,11:20:10,15535,9599,15111,746683975,1,1,77675
pb2205,20220218,20220218,112009000,11:20:10,15535,9599,15111,746683975,0,0,0
pb2205,20220218,20220218,112012500,11:20:12,15535,9599,15111,746683975,0,0,0
pb2205,20220218,20220218,112013000,11:20:13,15535,9599,15111,746683975,0,0,0
pb2205,20220218,20220218,112013500,11:20:13,15535,9599,15111,746683975,0,0,0
pb2205,20220218,20220218,112016500,11:20:16,15535,9599,15111,746683975,0,0,0
pb2205,20220218,20220218,112017000,11:20:17,15535,9599,15111,746683975,0,0,0
pb2205,20220218,20220218,112020500,11:20:20,15535,9599,15111,746683975,0,0,0
pb2205,20220218,20220218,112021000,11:20:21,15530,9607,15110,747305175,8,-1,621200
pb2205,20220218,20220218,112021500,11:20:21,15530,9608,15110,747382825,1,0,77650
pb2205,20220218,20220218,112022000,11:20:22,15530,9608,15110,747382825,0,0,0
pb2205,20220218,20220218,112022500,11:20:23,15530,9608,15110,747382825,0,0,0
pb2205,20220218,20220218,112023000,11:20:23,15530,9608,15110,747382825,0,0,0
pb2205,20220218,20220218,112023500,11:20:23,15530,9609,15110,747460475,1,0,77650
pb2205,20220218,20220218,112024000,11:20:24,15530,9615,15110,747926375,6,0,465900
pb2205,20220218,20220218,112024500,11:20:24,15530,9635,15090,749479375,20,-20,1553000
pb2205,20220218,20220218,112025000,11:20:25,15530,9636,15090,749557025,1,0,77650
pb2205,20220218,20220218,112025500,11:20:25,15530,9637,15089,749634675,1,-1,77650
pb2205,20220218,20220218,112026000,11:20:26,15530,9637,15089,749634675,0,0,0
pb2205,20220218,20220218,112026500,11:20:26,15530,9637,15089,749634675,0,0,0
pb2205,20220218,20220218,112027000,11:20:27,15530,9637,15089,749634675,0,0,0
pb2205,20220218,20220218,112027500,11:20:28,15530,9637,15089,749634675,0,0,0
pb2205,20220218,20220218,112028000,11:20:28,15530,9637,15089,749634675,0,0,0
pb2205,20220218,20220218,112028500,11:20:28,15530,9637,15089,749634675,0,0,0
pb2205,20220218,20220218,112029000,11:20:29,15530,9637,15089,749634675,0,0,0
pb2205,20220218,20220218,112030000,11:20:31,15530,9637,15089,749634675,0,0,0
pb2205,20220218,20220218,112032000,11:20:32,15530,9637,15089,749634675,0,0,0
pb2205,20220218,20220218,112034500,11:20:35,15530,9638,15090,749712325,1,1,77650
pb2205,20220218,20220218,112035000,11:20:35,15530,9640,15090,749867625,2,0,155300
pb2205,20220218,20220218,112035500,11:20:35,15530,9640,15090,749867625,0,0,0
pb2205,20220218,20220218,112036000,11:20:36,15530,9640,15090,749867625,0,0,0
pb2205,20220218,20220218,112037000,11:20:37,15530,9640,15090,749867625,0,0,0
pb2205,20220218,20220218,112039000,11:20:39,15530,9640,15090,749867625,0,0,0
pb2205,20220218,20220218,112039500,11:20:40,15530,9649,15091,750566475,9,1,698850
pb2205,20220218,20220218,112040000,11:20:40,15530,9649,15091,750566475,0,0,0
pb2205,20220218,20220218,112040500,11:20:41,15530,9649,15091,750566475,0,0,0
pb2205,20220218,20220218,112041000,11:20:41,15530,9649,15091,750566475,0,0,0
pb2205,20220218,20220218,112041500,11:20:41,15530,9649,15091,750566475,0,0,0
pb2205,20220218,20220218,112042500,11:20:42,15530,9649,15091,750566475,0,0,0
pb2205,20220218,20220218,112043000,11:20:43,15530,9649,15091,750566475,0,0,0
pb2205,20220218,20220218,112043500,11:20:44,15530,9649,15091,750566475,0,0,0
pb2205,20220218,20220218,112044000,11:20:44,15535,9650,15091,750644150,1,0,77675
pb2205,20220218,20220218,112044500,11:20:44,15535,9651,15092,750721825,1,1,77675
pb2205,20220218,20220218,112045000,11:20:45,15535,9651,15092,750721825,0,0,0
pb2205,20220218,20220218,112045500,11:20:46,15535,9651,15092,750721825,0,0,0
pb2205,20220218,20220218,112050500,11:20:51,15535,9651,15092,750721825,0,0,0
pb2205,20220218,20220218,112051000,11:20:51,15535,9651,15092,750721825,0,0,0
pb2205,20220218,20220218,112053000,11:20:53,15535,9651,15092,750721825,0,0,0
pb2205,20220218,20220218,112053500,11:20:53,15535,9652,15093,750799500,1,1,77675
pb2205,20220218,20220218,112054000,11:20:54,15535,9652,15093,750799500,0,0,0
pb2205,20220218,20220218,112054500,11:20:55,15540,9657,15094,751188000,5,1,388500
pb2205,20220218,20220218,112055000,11:20:55,15540,9664,15095,751731900,7,1,543900
pb2205,20220218,20220218,112055500,11:20:56,15540,9664,15095,751731900,0,0,0
pb2205,20220218,20220218,112056000,11:20:56,15540,9664,15095,751731900,0,0,0
pb2205,20220218,20220218,112056500,11:20:56,15540,9664,15095,751731900,0,0,0
pb2205,20220218,20220218,112057000,11:20:57,15540,9675,15096,752586600,11,1,854700
pb2205,20220218,20220218,112057500,11:20:58,15540,9685,15096,753363600,10,0,777000
pb2205,20220218,20220218,112058000,11:20:58,15540,9685,15096,753363600,0,0,0
pb2205,20220218,20220218,112058500,11:20:59,15540,9685,15096,753363600,0,0,0
pb2205,20220218,20220218,112059500,11:21:00,15540,9688,15094,753596700,3,-2,233100
pb2205,20220218,20220218,112100000,11:21:00,15540,9689,15094,753674400,1,0,77700
pb2205,20220218,20220218,112100500,11:21:01,15540,9689,15094,753674400,0,0,0
pb2205,20220218,20220218,112102500,11:21:03,15540,9689,15094,753674400,0,0,0
pb2205,20220218,20220218,112103000,11:21:03,15540,9689,15094,753674400,0,0,0
pb2205,20220218,20220218,112103500,11:21:03,15540,9689,15094,753674400,0,0,0
pb2205,20220218,20220218,112104000,11:21:04,15540,9689,15094,753674400,0,0,0
pb2205,20220218,20220218,112105000,11:21:05,15540,9689,15094,753674400,0,0,0
pb2205,20220218,20220218,112105500,11:21:06,15540,9689,15094,753674400,0,0,0
pb2205,20220218,20220218,112106500,11:21:07,15540,9689,15094,753674400,0,0,0
pb2205,20220218,20220218,112107000,11:21:09,15540,9689,15094,753674400,0,0,0
pb2205,20220218,20220218,112109500,11:21:10,15540,9689,15094,753674400,0,0,0
pb2205,20220218,20220218,112111500,11:21:12,15540,9689,15094,753674400,0,0,0
pb2205,20220218,20220218,112112000,11:21:12,15540,9689,15094,753674400,0,0,0
pb2205,20220218,20220218,112112500,11:21:12,15540,9689,15094,753674400,0,0,0
pb2205,20220218,20220218,112113000,11:21:13,15545,9690,15095,753752125,1,1,77725
pb2205,20220218,20220218,112113500,11:21:13,15545,9690,15095,753752125,0,0,0
pb2205,20220218,20220218,112114000,11:21:14,15545,9690,15095,753752125,0,0,0
pb2205,20220218,20220218,112115000,11:21:15,15545,9690,15095,753752125,0,0,0
pb2205,20220218,20220218,112115500,11:21:15,15545,9690,15095,753752125,0,0,0
pb2205,20220218,20220218,112116000,11:21:16,15545,9690,15095,753752125,0,0,0
pb2205,20220218,20220218,112118000,11:21:18,15545,9690,15095,753752125,0,0,0
pb2205,20220218,20220218,112119000,11:21:19,15545,9691,15094,753829850,1,-1,77725
pb2205,20220218,20220218,112119500,11:21:19,15545,9691,15094,753829850,0,0,0
pb2205,20220218,20220218,112120500,11:21:21,15545,9691,15094,753829850,0,0,0
pb2205,20220218,20220218,112126000,11:23:32,15545,9691,15094,753829850,0,0,0
pb2205,20220218,20220218,112331000,11:23:33,15545,9691,15094,753829850,0,0,0
pb2205,20220218,20220218,112333500,11:23:33,15545,9691,15094,753829850,0,0,0
pb2205,20220218,20220218,112334000,11:23:34,15545,9739,15120,757560725,48,26,3730875
pb2205,20220218,20220218,112334500,11:23:34,15545,9739,15120,757560725,0,0,0
pb2205,20220218,20220218,112337500,11:23:38,15545,9739,15120,757560725,0,0,0
pb2205,20220218,20220218,112339000,11:23:39,15545,9739,15120,757560725,0,0,0
pb2205,20220218,20220218,112347500,11:23:48,15545,9739,15120,757560725,0,0,0
pb2205,20220218,20220218,112349500,11:23:50,15545,9749,15128,758337975,10,8,777250
pb2205,20220218,20220218,112350000,11:23:50,15545,9752,15130,758571150,3,2,233175
pb2205,20220218,20220218,112350500,11:23:50,15545,9753,15131,758648875,1,1,77725
pb2205,20220218,20220218,112351000,11:23:51,15545,9754,15132,758726600,1,1,77725
pb2205,20220218,20220218,112351500,11:23:51,15545,9755,15133,758804325,1,1,77725
pb2205,20220218,20220218,112352000,11:23:52,15545,9756,15134,758882050,1,1,77725
pb2205,20220218,20220218,112352500,11:23:52,15545,9757,15135,758959775,1,1,77725
pb2205,20220218,20220218,112353000,11:23:53,15545,9758,15136,759037500,1,1,77725
pb2205,20220218,20220218,112353500,11:23:53,15545,9759,15137,759115225,1,1,77725
pb2205,20220218,20220218,112354000,11:23:54,15545,9761,15138,759270675,2,1,155450
pb2205,20220218,20220218,112354500,11:23:55,15545,9762,15139,759348400,1,1,77725
pb2205,20220218,20220218,112355000,11:23:55,15545,9763,15140,759426125,1,1,77725
pb2205,20220218,20220218,112355500,11:23:55,15545,9764,15141,759503850,1,1,77725
pb2205,20220218,20220218,112356000,11:23:56,15545,9765,15142,759581575,1,1,77725
pb2205,20220218,20220218,112356500,11:23:56,15545,9766,15143,759659300,1,1,77725
pb2205,20220218,20220218,112357000,11:23:57,15545,9767,15144,759737025,1,1,77725
pb2205,20220218,20220218,112357500,11:23:57,15545,9768,15145,759814750,1,1,77725
pb2205,20220218,20220218,112358000,11:23:58,15545,9769,15146,759892475,1,1,77725
pb2205,20220218,20220218,112358500,11:23:58,15545,9770,15147,759970200,1,1,77725
pb2205,20220218,20220218,112359000,11:23:59,15545,9771,15148,760047925,1,1,77725
pb2205,20220218,20220218,112359500,11:23:59,15545,9772,15149,760125650,1,1,77725
pb2205,20220218,20220218,112400000,11:24:00,15545,9773,15150,760203375,1,1,77725
pb2205,20220218,20220218,112400500,11:24:00,15545,9774,15151,760281100,1,1,77725
pb2205,20220218,20220218,112401000,11:24:01,15545,9775,15152,760358825,1,1,77725
pb2205,20220218,20220218,112401500,11:24:01,15545,9776,15153,760436550,1,1,77725
pb2205,20220218,20220218,112402000,11:24:02,15545,9776,15153,760436550,0,0,0
pb2205,20220218,20220218,112402500,11:24:02,15545,9776,15153,760436550,0,0,0
pb2205,20220218,20220218,112410000,11:24:12,15545,9776,15153,760436550,0,0,0
pb2205,20220218,20220218,112417500,11:24:18,15545,9776,15153,760436550,0,0,0
pb2205,20220218,20220218,112419000,11:24:19,15530,9976,15194,775970375,200,41,15533825
pb2205,20220218,20220218,112419500,11:24:19,15540,9977,15193,776048075,1,-1,77700
pb2205,20220218,20220218,112420000,11:24:20,15540,9977,15193,776048075,0,0,0
pb2205,20220218,20220218,112421000,11:24:21,15540,9977,15193,776048075,0,0,0
pb2205,20220218,20220218,112421500,11:24:22,15540,9977,15193,776048075,0,0,0
pb2205,20220218,20220218,112422000,11:24:22,15540,9977,15193,776048075,0,0,0
pb2205,20220218,20220218,112423000,11:24:23,15540,9977,15193,776048075,0,0,0
pb2205,20220218,20220218,112424000,11:24:24,15540,9977,15193,776048075,0,0,0
pb2205,20220218,20220218,112430000,11:24:30,15540,9977,15193,776048075,0,0,0
pb2205,20220218,20220218,112430500,11:24:30,15540,9977,15193,776048075,0,0,0
pb2205,20220218,20220218,112442000,11:24:42,15540,9979,15193,776203475,2,0,155400
pb2205,20220218,20220218,112443000,11:24:43,15540,9979,15193,776203475,0,0,0
pb2205,20220218,20220218,112445500,11:24:45,15530,10009,15202,778533425,30,9,2329950
pb2205,20220218,20220218,112446500,11:24:46,15530,10009,15202,778533425,0,0,0
pb2205,20220218,20220218,112447000,11:24:47,15530,10009,15202,778533425,0,0,0
pb2205,20220218,20220218,112447500,11:24:47,15530,10009,15202,778533425,0,0,0
pb2205,20220218,20220218,112451500,11:24:51,15530,10009,15202,778533425,0,0,0
pb2205,20220218,20220218,112454500,11:24:54,15530,10009,15202,778533425,0,0,0
pb2205,20220218,20220218,112500000,11:25:00,15530,10009,15202,778533425,0,0,0
pb2205,20220218,20220218,112501000,11:25:01,15530,10009,15202,778533425,0,0,0
pb2205,20220218,20220218,112505000,11:25:06,15530,10009,15202,778533425,0,0,0
pb2205,20220218,20220218,112509000,11:25:09,15530,10009,15202,778533425,0,0,0
pb2205,20220218,20220218,112509500,11:25:09,15530,10009,15202,778533425,0,0,0
pb2205,20220218,20220218,112510000,11:25:10,15530,10009,15202,778533425,0,0,0
pb2205,20220218,20220218,112511000,11:25:11,15530,10009,15202,778533425,0,0,0
pb2205,20220218,20220218,112511500,11:25:11,15530,10009,15202,778533425,0,0,0
pb2205,20220218,20220218,112512000,11:25:12,15530,10009,15202,778533425,0,0,0
pb2205,20220218,20220218,112512500,11:25:12,15530,10009,15202,778533425,0,0,0
pb2205,20220218,20220218,112513000,11:25:13,15530,10009,15202,778533425,0,0,0
pb2205,20220218,20220218,112513500,11:25:15,15530,10009,15202,778533425,0,0,0
pb2205,20220218,20220218,112514000,11:25:15,15530,10009,15202,778533425,0,0,0
pb2205,20220218,20220218,112517500,11:25:18,15530,10009,15202,778533425,0,0,0
pb2205,20220218,20220218,112522500,11:25:22,15535,10010,15203,778611100,1,1,77675
pb2205,20220218,20220218,112523000,11:25:23,15535,10010,15203,778611100,0,0,0
pb2205,20220218,20220218,112525500,11:25:26,15535,10014,15203,778921800,4,0,310700
pb2205,20220218,20220218,112526000,11:25:26,15535,10014,15203,778921800,0,0,0
pb2205,20220218,20220218,112530000,11:25:30,15535,10016,15203,779077150,2,0,155350
pb2205,20220218,20220218,112530500,11:25:31,15535,10016,15203,779077150,0,0,0
pb2205,20220218,20220218,112531000,11:25:31,15535,10016,15203,779077150,0,0,0
pb2205,20220218,20220218,112531500,11:25:32,15535,10016,15203,779077150,0,0,0
pb2205,20220218,20220218,112532000,11:25:32,15535,10016,15203,779077150,0,0,0
pb2205,20220218,20220218,112532500,11:25:32,15535,10016,15203,779077150,0,0,0
pb2205,20220218,20220218,112537000,11:25:37,15535,10016,15203,779077150,0,0,0
pb2205,20220218,20220218,112537500,11:25:38,15535,10016,15203,779077150,0,0,0
pb2205,20220218,20220218,112539500,11:25:40,15525,10165,15212,790643825,149,9,11566675
pb2205,20220218,20220218,112540000,11:25:40,15525,10216,15226,794602700,51,14,3958875
pb2205,20220218,20220218,112540500,11:25:40,15525,10216,15226,794602700,0,0,0
pb2205,20220218,20220218,112541000,11:25:41,15525,10218,15227,794757950,2,1,155250
pb2205,20220218,20220218,112541500,11:25:41,15525,10219,15227,794835575,1,0,77625
pb2205,20220218,20220218,112542000,11:25:42,15525,10220,15228,794913200,1,1,77625
pb2205,20220218,20220218,112542500,11:25:42,15525,10221,15229,794990825,1,1,77625
pb2205,20220218,20220218,112543000,11:25:43,15525,10222,15230,795068450,1,1,77625
pb2205,20220218,20220218,112543500,11:25:43,15530,10223,15230,795146100,1,0,77650
pb2205,20220218,20220218,112544000,11:25:44,15530,10224,15230,795223750,1,0,77650
pb2205,20220218,20220218,112544500,11:25:44,15530,10225,15231,795301400,1,1,77650
pb2205,20220218,20220218,112545000,11:25:45,15530,10226,15231,795379050,1,0,77650
pb2205,20220218,20220218,112545500,11:25:46,15530,10227,15231,795456700,1,0,77650
pb2205,20220218,20220218,112546000,11:25:46,15530,10228,15232,795534350,1,1,77650
pb2205,20220218,20220218,112546500,11:25:47,15530,10228,15232,795534350,0,0,0
pb2205,20220218,20220218,112547000,11:25:48,15530,10228,15232,795534350,0,0,0
pb2205,20220218,20220218,112547500,11:25:48,15530,10228,15232,795534350,0,0,0
pb2205,20220218,20220218,112548000,11:25:48,15530,10228,15232,795534350,0,0,0
pb2205,20220218,20220218,112550000,11:25:50,15530,10228,15232,795534350,0,0,0
pb2205,20220218,20220218,112554000,11:25:54,15530,10228,15232,795534350,0,0,0
pb2205,20220218,20220218,112554500,11:25:54,15530,10228,15232,795534350,0,0,0
pb2205,20220218,20220218,112555000,11:25:55,15530,10228,15232,795534350,0,0,0
pb2205,20220218,20220218,112555500,11:25:56,15530,10228,15232,795534350,0,0,0
pb2205,20220218,20220218,112556000,11:25:57,15530,10228,15232,795534350,0,0,0
pb2205,20220218,20220218,112558500,11:25:59,15530,10228,15232,795534350,0,0,0
pb2205,20220218,20220218,112633500,11:26:34,15530,10228,15232,795534350,0,0,0
pb2205,20220218,20220218,112634000,11:26:34,15530,10228,15232,795534350,0,0,0
pb2205,20220218,20220218,112652500,11:27:11,15530,10228,15232,795534350,0,0,0
pb2205,20220218,20220218,112708500,11:27:12,15530,10228,15232,795534350,0,0,0
pb2205,20220218,20220218,112710500,11:27:12,15520,10273,15207,799027200,45,-25,3492850
pb2205,20220218,20220218,112712000,11:27:13,15520,10273,15207,799027200,0,0,0
pb2205,20220218,20220218,112713500,11:27:14,15520,10273,15207,799027200,0,0,0
pb2205,20220218,20220218,112719500,11:27:20,15520,10273,15207,799027200,0,0,0
pb2205,20220218,20220218,112726500,11:27:27,15520,10312,15214,802053600,39,7,3026400
pb2205,20220218,20220218,112727000,11:27:27,15520,10315,15215,802286400,3,1,232800
pb2205,20220218,20220218,112727500,11:27:27,15520,10316,15216,802364000,1,1,77600
pb2205,20220218,20220218,112728000,11:27:28,15520,10317,15217,802441600,1,1,77600
pb2205,20220218,20220218,112728500,11:27:28,15520,10318,15218,802519200,1,1,77600
pb2205,20220218,20220218,112729000,11:27:29,15520,10319,15219,802596800,1,1,77600
pb2205,20220218,20220218,112729500,11:27:29,15520,10322,15220,802829600,3,1,232800
pb2205,20220218,20220218,112730000,11:27:30,15520,10325,15221,803062400,3,1,232800
pb2205,20220218,20220218,112730500,11:27:31,15520,10328,15222,803295200,3,1,232800
pb2205,20220218,20220218,112731000,11:27:32,15520,10331,15223,803528000,3,1,232800
pb2205,20220218,20220218,112731500,11:27:35,15520,10332,15224,803605600,1,1,77600
pb2205,20220218,20220218,112732000,11:27:35,15520,10333,15225,803683200,1,1,77600
pb2205,20220218,20220218,112732500,11:27:36,15520,10334,15226,803760800,1,1,77600
pb2205,20220218,20220218,112735500,11:27:36,15520,10334,15226,803760800,0,0,0
pb2205,20220218,20220218,112736000,11:27:37,15520,10334,15226,803760800,0,0,0
pb2205,20220218,20220218,112736500,11:27:37,15520,10334,15226,803760800,0,0,0
pb2205,20220218,20220218,112737000,11:27:38,15520,10334,15226,803760800,0,0,0
pb2205,20220218,20220218,112741000,11:27:41,15520,10334,15226,803760800,0,0,0
pb2205,20220218,20220218,112742500,11:27:43,15520,10334,15226,803760800,0,0,0
pb2205,20220218,20220218,112743000,11:27:43,15520,10334,15226,803760800,0,0,0
pb2205,20220218,20220218,112748500,11:27:54,15520,10334,15226,803760800,0,0,0
pb2205,20220218,20220218,112749000,11:27:54,15520,10334,15226,803760800,0,0,0
pb2205,20220218,20220218,112754000,11:27:54,15520,10334,15226,803760800,0,0,0
pb2205,20220218,20220218,112754500,11:27:54,15520,10334,15226,803760800,0,0,0
pb2205,20220218,20220218,112755000,11:27:55,15520,10334,15226,803760800,0,0,0
pb2205,20220218,20220218,112755500,11:27:55,15520,10334,15226,803760800,0,0,0
pb2205,20220218,20220218,112756500,11:27:56,15520,10334,15226,803760800,0,0,0
pb2205,20220218,20220218,112757500,11:27:57,15520,10334,15226,803760800,0,0,0
pb2205,20220218,20220218,112758000,11:27:58,15515,10567,15284,821832700,233,58,18071900
pb2205,20220218,20220218,112758500,11:27:59,15515,10567,15284,821832700,0,0,0
pb2205,20220218,20220218,112759000,11:27:59,15515,10567,15284,821832700,0,0,0
pb2205,20220218,20220218,112800500,11:28:01,15520,10568,15284,821910300,1,0,77600
pb2205,20220218,20220218,112801000,11:28:01,15520,10568,15284,821910300,0,0,0
pb2205,20220218,20220218,112801500,11:28:02,15520,10570,15283,822065500,2,-1,155200
pb2205,20220218,20220218,112802000,11:28:03,15520,10570,15283,822065500,0,0,0
pb2205,20220218,20220218,112802500,11:28:03,15515,10571,15282,822143075,1,-1,77575
pb2205,20220218,20220218,112803000,11:28:04,15515,10571,15282,822143075,0,0,0
pb2205,20220218,20220218,112803500,11:28:04,15515,10571,15282,822143075,0,0,0
pb2205,20220218,20220218,112804000,11:28:04,15520,10572,15281,822220675,1,-1,77600
pb2205,20220218,20220218,112804500,11:28:05,15520,10572,15281,822220675,0,0,0
pb2205,20220218,20220218,112805000,11:28:06,15520,10572,15281,822220675,0,0,0
pb2205,20220218,20220218,112805500,11:28:06,15520,10574,15279,822375875,2,-2,155200
pb2205,20220218,20220218,112806000,11:28:10,15520,10577,15276,822608675,3,-3,232800
pb2205,20220218,20220218,112806500,11:28:10,15515,10578,15275,822686250,1,-1,77575
pb2205,20220218,20220218,112809500,11:28:11,15515,10578,15275,822686250,0,0,0
pb2205,20220218,20220218,112810500,11:28:11,15515,10578,15275,822686250,0,0,0
pb2205,20220218,20220218,112811500,11:28:12,15515,10578,15275,822686250,0,0,0
pb2205,20220218,20220218,112812000,11:28:13,15515,10579,15275,822763825,1,0,77575
pb2205,20220218,20220218,112816500,11:28:16,15515,10579,15275,822763825,0,0,0
pb2205,20220218,20220218,112817500,11:28:17,15520,10580,15274,822841425,1,-1,77600
pb2205,20220218,20220218,112818000,11:28:18,15520,10599,15255,824315825,19,-19,1474400
pb2205,20220218,20220218,112818500,11:28:18,15520,10599,15255,824315825,0,0,0
pb2205,20220218,20220218,112819500,11:28:19,15520,10599,15255,824315825,0,0,0
pb2205,20220218,20220218,112823000,11:28:23,15520,10599,15255,824315825,0,0,0
pb2205,20220218,20220218,112823500,11:28:23,15520,10599,15255,824315825,0,0,0
pb2205,20220218,20220218,112824000,11:28:24,15520,10599,15255,824315825,0,0,0
pb2205,20220218,20220218,112827000,11:28:27,15520,10599,15255,824315825,0,0,0
pb2205,20220218,20220218,112827500,11:28:27,15520,10599,15255,824315825,0,0,0
pb2205,20220218,20220218,112829000,11:28:29,15520,10599,15255,824315825,0,0,0
pb2205,20220218,20220218,112829500,11:28:29,15520,10599,15255,824315825,0,0,0
pb2205,20220218,20220218,112830000,11:28:30,15520,10599,15255,824315825,0,0,0
pb2205,20220218,20220218,112830500,11:28:31,15520,10599,15255,824315825,0,0,0
pb2205,20220218,20220218,112831000,11:28:31,15520,10599,15255,824315825,0,0,0
pb2205,20220218,20220218,112831500,11:28:31,15520,10599,15255,824315825,0,0,0
pb2205,20220218,20220218,112832000,11:28:32,15520,10602,15258,824548625,3,3,232800
pb2205,20220218,20220218,112832500,11:28:33,15520,10602,15258,824548625,0,0,0
pb2205,20220218,20220218,112833000,11:28:33,15520,10602,15258,824548625,0,0,0
pb2205,20220218,20220218,112833500,11:28:33,15520,10602,15258,824548625,0,0,0
pb2205,20220218,20220218,112834000,11:28:34,15520,10605,15255,824781425,3,-3,232800
pb2205,20220218,20220218,112834500,11:28:34,15520,10607,15253,824936625,2,-2,155200
pb2205,20220218,20220218,112835000,11:28:35,15525,10611,15254,825247125,4,1,310500
pb2205,20220218,20220218,112835500,11:28:35,15525,10612,15254,825324750,1,0,77625
pb2205,20220218,20220218,112836000,11:28:37,15525,10612,15254,825324750,0,0,0
pb2205,20220218,20220218,112836500,11:28:37,15525,10613,15255,825402375,1,1,77625
pb2205,20220218,20220218,112837000,11:28:37,15525,10614,15255,825480000,1,0,77625
pb2205,20220218,20220218,112837500,11:28:37,15525,10614,15255,825480000,0,0,0
pb2205,20220218,20220218,112840000,11:28:40,15525,10614,15255,825480000,0,0,0
pb2205,20220218,20220218,112840500,11:28:40,15525,10616,15253,825635250,2,-2,155250
pb2205,20220218,20220218,112841000,11:28:41,15525,10616,15253,825635250,0,0,0
pb2205,20220218,20220218,112841500,11:28:41,15525,10616,15253,825635250,0,0,0
pb2205,20220218,20220218,112844500,11:28:44,15525,10616,15253,825635250,0,0,0
pb2205,20220218,20220218,112847500,11:28:48,15525,10616,15253,825635250,0,0,0
pb2205,20220218,20220218,112850000,11:28:50,15525,10616,15253,825635250,0,0,0
pb2205,20220218,20220218,112850500,11:28:50,15525,10616,15253,825635250,0,0,0
pb2205,20220218,20220218,112851000,11:28:51,15525,10616,15253,825635250,0,0,0
pb2205,20220218,20220218,112851500,11:28:51,15525,10616,15253,825635250,0,0,0
pb2205,20220218,20220218,112852000,11:28:52,15525,10616,15253,825635250,0,0,0
pb2205,20220218,20220218,112852500,11:28:53,15525,10616,15253,825635250,0,0,0
pb2205,20220218,20220218,112853000,11:28:54,15525,10616,15253,825635250,0,0,0
pb2205,20220218,20220218,112853500,11:28:54,15525,10616,15253,825635250,0,0,0
pb2205,20220218,20220218,112855500,11:28:55,15525,10616,15253,825635250,0,0,0
pb2205,20220218,20220218,112858500,11:28:59,15530,10617,15252,825712900,1,-1,77650
pb2205,20220218,20220218,112859000,11:28:59,15530,10617,15252,825712900,0,0,0
pb2205,20220218,20220218,112859500,11:29:00,15530,10617,15252,825712900,0,0,0
pb2205,20220218,20220218,112901000,11:29:01,15530,10617,15252,825712900,0,0,0
pb2205,20220218,20220218,112901500,11:29:01,15530,10617,15252,825712900,0,0,0
pb2205,20220218,20220218,112902500,11:29:03,15530,10617,15252,825712900,0,0,0
pb2205,20220218,20220218,112903000,11:29:03,15530,10617,15252,825712900,0,0,0
pb2205,20220218,20220218,112904000,11:29:04,15530,10617,15252,825712900,0,0,0
pb2205,20220218,20220218,112904500,11:29:04,15530,10617,15252,825712900,0,0,0
pb2205,20220218,20220218,112907000,11:29:07,15530,10617,15252,825712900,0,0,0
pb2205,20220218,20220218,112909000,11:29:09,15530,10617,15252,825712900,0,0,0
pb2205,20220218,20220218,112909500,11:29:09,15530,10617,15252,825712900,0,0,0
pb2205,20220218,20220218,112910000,11:29:10,15530,10617,15252,825712900,0,0,0
pb2205,20220218,20220218,112911000,11:29:11,15530,10617,15252,825712900,0,0,0
pb2205,20220218,20220218,112912500,11:29:12,15525,10620,15249,825945775,3,-3,232875
pb2205,20220218,20220218,112913000,11:29:13,15525,10620,15249,825945775,0,0,0
pb2205,20220218,20220218,112913500,11:29:14,15525,10620,15249,825945775,0,0,0
pb2205,20220218,20220218,112914000,11:29:14,15525,10620,15249,825945775,0,0,0
pb2205,20220218,20220218,112915000,11:29:15,15525,10620,15249,825945775,0,0,0
pb2205,20220218,20220218,112915500,11:29:16,15525,10620,15249,825945775,0,0,0
pb2205,20220218,20220218,112918000,11:29:21,15525,10620,15249,825945775,0,0,0
pb2205,20220218,20220218,112919500,11:29:22,15525,10620,15249,825945775,0,0,0
pb2205,20220218,20220218,112921000,11:29:22,15525,10620,15249,825945775,0,0,0
pb2205,20220218,20220218,112921500,11:29:23,15525,10620,15249,825945775,0,0,0
pb2205,20220218,20220218,112923500,11:29:24,15525,10620,15249,825945775,0,0,0
pb2205,20220218,20220218,112927500,11:29:27,15525,10621,15250,826023400,1,1,77625
pb2205,20220218,20220218,112928000,11:29:28,15525,10626,15248,826411525,5,-2,388125
pb2205,20220218,20220218,112928500,11:29:28,15525,10626,15248,826411525,0,0,0
pb2205,20220218,20220218,112929000,11:29:29,15525,10626,15248,826411525,0,0,0
pb2205,20220218,20220218,112929500,11:29:29,15525,10626,15248,826411525,0,0,0
pb2205,20220218,20220218,112930000,11:29:30,15525,10626,15248,826411525,0,0,0
pb2205,20220218,20220218,112931000,11:29:32,15525,10626,15248,826411525,0,0,0
pb2205,20220218,20220218,112932000,11:29:32,15525,10626,15248,826411525,0,0,0
pb2205,20220218,20220218,112933500,11:29:37,15525,10626,15248,826411525,0,0,0
pb2205,20220218,20220218,112936500,11:29:38,15525,10626,15248,826411525,0,0,0
pb2205,20220218,20220218,112937000,11:29:38,15525,10626,15248,826411525,0,0,0
pb2205,20220218,20220218,112937500,11:29:38,15525,10626,15248,826411525,0,0,0
pb2205,20220218,20220218,112938000,11:29:38,15525,10626,15248,826411525,0,0,0
pb2205,20220218,20220218,112938500,11:29:39,15525,10626,15248,826411525,0,0,0
pb2205,20220218,20220218,112939000,11:29:39,15525,10626,15248,826411525,0,0,0
pb2205,20220218,20220218,112940500,11:29:40,15525,10626,15248,826411525,0,0,0
pb2205,20220218,20220218,112945500,11:29:46,15525,10626,15248,826411525,0,0,0
pb2205,20220218,20220218,112947000,11:29:47,15525,10626,15248,826411525,0,0,0
pb2205,20220218,20220218,112947500,11:29:48,15525,10626,15248,826411525,0,0,0
pb2205,20220218,20220218,112948000,11:29:48,15525,10626,15248,826411525,0,0,0
pb2205,20220218,20220218,112948500,11:29:49,15525,10626,15248,826411525,0,0,0
pb2205,20220218,20220218,112949000,11:29:50,15525,10626,15248,826411525,0,0,0
pb2205,20220218,20220218,112950000,11:29:51,15525,10626,15248,826411525,0,0,0
pb2205,20220218,20220218,112950500,11:29:51,15525,10626,15248,826411525,0,0,0
pb2205,20220218,20220218,112951500,11:29:52,15525,10626,15248,826411525,0,0,0
pb2205,20220218,20220218,112952000,11:29:52,15525,10626,15248,826411525,0,0,0
pb2205,20220218,20220218,112955500,11:29:55,15525,10626,15248,826411525,0,0,0
pb2205,20220218,20220218,112956000,11:29:56,15525,10626,15248,826411525,0,0,0
pb2205,20220218,20220218,112956500,11:30:00,15525,10626,15248,826411525,0,0,0
pb2205,20220218,20220218,112957000,11:30:00,15525,10626,15248,826411525,0,0,0
pb2205,20220218,20220218,112957500,11:30:02,15525,10626,15248,826411525,0,0,0
pb2205,20220218,20220218,112959500,11:30:02,15525,10626,15248,826411525,0,0,0
pb2205,20220218,20220218,113000000,11:30:03,15525,10626,15248,826411525,0,0,0
pb2205,20220218,20220218,113001000,11:30:03,15525,10626,15248,826411525,0,0,0
pb2205,20220218,20220218,113001500,11:30:03,15525,10626,15248,826411525,0,0,0
pb2205,20220218,20220218,133002000,13:30:08,15525,10626,15248,826411525,0,0,0
pb2205,20220218,20220218,133002500,13:30:09,15525,10626,15248,826411525,0,0,0
pb2205,20220218,20220218,133008500,13:30:10,15525,10626,15248,826411525,0,0,0
pb2205,20220218,20220218,133009500,13:30:10,15525,10626,15248,826411525,0,0,0
pb2205,20220218,20220218,133010000,13:30:11,15525,10626,15248,826411525,0,0,0
pb2205,20220218,20220218,133010500,13:30:11,15525,10626,15248,826411525,0,0,0
pb2205,20220218,20220218,133011000,13:30:12,15525,10626,15248,826411525,0,0,0
pb2205,20220218,20220218,133011500,13:30:13,15525,10626,15248,826411525,0,0,0
pb2205,20220218,20220218,133012500,13:30:13,15525,10626,15248,826411525,0,0,0
pb2205,20220218,20220218,133013000,13:30:13,15525,10626,15248,826411525,0,0,0
pb2205,20220218,20220218,133013500,13:30:14,15525,10626,15248,826411525,0,0,0
pb2205,20220218,20220218,133014000,13:30:15,15525,10626,15248,826411525,0,0,0
pb2205,20220218,20220218,133014500,13:30:16,15525,10626,15248,826411525,0,0,0
pb2205,20220218,20220218,133015000,13:30:17,15525,10626,15248,826411525,0,0,0
pb2205,20220218,20220218,133015500,13:30:18,15525,10626,15248,826411525,0,0,0
pb2205,20220218,20220218,133018000,13:30:19,15525,10626,15248,826411525,0,0,0
pb2205,20220218,20220218,133037500,13:30:40,15525,10626,15248,826411525,0,0,0
pb2205,20220218,20220218,133040500,13:30:43,15540,10634,15245,827032775,8,-3,621250
pb2205,20220218,20220218,133041000,13:30:43,15540,10634,15245,827032775,0,0,0
pb2205,20220218,20220218,133041500,13:30:43,15540,10634,15245,827032775,0,0,0
pb2205,20220218,20220218,133042500,13:30:44,15540,10634,15245,827032775,0,0,0
pb2205,20220218,20220218,133043000,13:30:44,15540,10634,15245,827032775,0,0,0
pb2205,20220218,20220218,133050000,13:30:50,15545,10635,15245,827110500,1,0,77725
pb2205,20220218,20220218,133050500,13:30:51,15545,10635,15245,827110500,0,0,0
pb2205,20220218,20220218,133051000,13:30:52,15545,10635,15245,827110500,0,0,0
pb2205,20220218,20220218,133052500,13:30:53,15545,10635,15245,827110500,0,0,0
pb2205,20220218,20220218,133053000,13:30:54,15545,10635,15245,827110500,0,0,0
pb2205,20220218,20220218,133100000,13:31:00,15545,10635,15245,827110500,0,0,0
pb2205,20220218,20220218,133100500,13:31:00,15545,10635,15245,827110500,0,0,0
pb2205,20220218,20220218,133101500,13:31:01,15545,10638,15243,827343675,3,-2,233175
pb2205,20220218,20220218,133102000,13:31:02,15545,10638,15243,827343675,0,0,0
pb2205,20220218,20220218,133102500,13:31:02,15550,10639,15244,827421425,1,1,77750
pb2205,20220218,20220218,133103000,13:31:03,15550,10639,15244,827421425,0,0,0
pb2205,20220218,20220218,133105500,13:31:08,15550,10639,15244,827421425,0,0,0
pb2205,20220218,20220218,133107500,13:31:09,15550,10639,15244,827421425,0,0,0
pb2205,20220218,20220218,133108000,13:31:09,15545,10641,15243,827576875,2,-1,155450
pb2205,20220218,20220218,133111000,13:31:11,15545,10641,15243,827576875,0,0,0
pb2205,20220218,20220218,133119000,13:31:19,15545,10641,15243,827576875,0,0,0
pb2205,20220218,20220218,133119500,13:31:20,15545,10641,15243,827576875,0,0,0
pb2205,20220218,20220218,133120000,13:31:20,15545,10641,15243,827576875,0,0,0
pb2205,20220218,20220218,133120500,13:31:21,15550,10655,15252,828665375,14,9,1088500
pb2205,20220218,20220218,133121000,13:31:21,15550,10660,15257,829054125,5,5,388750
pb2205,20220218,20220218,133121500,13:31:22,15550,10660,15257,829054125,0,0,0
pb2205,20220218,20220218,133122000,13:31:22,15550,10660,15257,829054125,0,0,0
pb2205,20220218,20220218,133122500,13:31:23,15550,10660,15257,829054125,0,0,0
pb2205,20220218,20220218,133123000,13:31:25,15550,10661,15257,829131875,1,0,77750
pb2205,20220218,20220218,133123500,13:31:25,15550,10661,15257,829131875,0,0,0
pb2205,20220218,20220218,133124000,13:31:25,15550,10661,15257,829131875,0,0,0
pb2205,20220218,20220218,133124500,13:31:25,15550,10661,15257,829131875,0,0,0
pb2205,20220218,20220218,133156000,13:31:56,15550,10661,15257,829131875,0,0,0
pb2205,20220218,20220218,133158000,13:31:58,15550,10661,15257,829131875,0,0,0
pb2205,20220218,20220218,133159500,13:32:00,15550,10661,15257,829131875,0,0,0
pb2205,20220218,20220218,133200500,13:32:01,15550,10661,15257,829131875,0,0,0
pb2205,20220218,20220218,133201000,13:32:01,15550,10661,15257,829131875,0,0,0
pb2205,20220218,20220218,133202500,13:32:03,15550,10661,15257,829131875,0,0,0
pb2205,20220218,20220218,133203000,13:32:04,15550,10661,15257,829131875,0,0,0
pb2205,20220218,20220218,133205000,13:32:06,15550,10661,15257,829131875,0,0,0
pb2205,20220218,20220218,133205500,13:32:06,15550,10661,15257,829131875,0,0,0
pb2205,20220218,20220218,133206000,13:32:06,15545,10677,15257,830375525,16,0,1243650
pb2205,20220218,20220218,133207000,13:32:07,15545,10677,15257,830375525,0,0,0
pb2205,20220218,20220218,133207500,13:32:07,15545,10677,15257,830375525,0,0,0
pb2205,20220218,20220218,133208000,13:32:09,15545,10677,15257,830375525,0,0,0
pb2205,20220218,20220218,133209500,13:32:10,15545,10677,15257,830375525,0,0,0
pb2205,20220218,20220218,133211000,13:32:14,15545,10677,15257,830375525,0,0,0
pb2205,20220218,20220218,133211500,13:32:15,15545,10677,15257,830375525,0,0,0
pb2205,20220218,20220218,133225000,13:32:25,15545,10677,15257,830375525,0,0,0
pb2205,20220218,20220218,133225500,13:32:25,15545,10677,15257,830375525,0,0,0
pb2205,20220218,20220218,133235000,13:32:36,15545,10677,15257,830375525,0,0,0
pb2205,20220218,20220218,133235500,13:32:36,15545,10679,15256,830530975,2,-1,155450
pb2205,20220218,20220218,133236000,13:32:36,15545,10679,15256,830530975,0,0,0
pb2205,20220218,20220218,133237000,13:32:37,15545,10679,15256,830530975,0,0,0
pb2205,20220218,20220218,133237500,13:32:37,15545,10679,15256,830530975,0,0,0
pb2205,20220218,20220218,133244000,13:32:44,15545,10679,15256,830530975,0,0,0
pb2205,20220218,20220218,133244500,13:32:45,15545,10679,15256,830530975,0,0,0
pb2205,20220218,20220218,133245000,13:32:45,15545,10680,15256,830608700,1,0,77725
pb2205,20220218,20220218,133246500,13:32:47,15545,10680,15256,830608700,0,0,0
pb2205,20220218,20220218,133248500,13:32:49,15545,10680,15256,830608700,0,0,0
pb2205,20220218,20220218,133303500,13:33:04,15545,10680,15256,830608700,0,0,0
pb2205,20220218,20220218,133305000,13:33:05,15545,10680,15256,830608700,0,0,0
pb2205,20220218,20220218,133305500,13:33:05,15545,10680,15256,830608700,0,0,0
pb2205,20220218,20220218,133306500,13:33:06,15545,10680,15256,830608700,0,0,0
pb2205,20220218,20220218,133307000,13:33:07,15545,10680,15256,830608700,0,0,0
pb2205,20220218,20220218,133307500,13:33:08,15545,10680,15256,830608700,0,0,0
pb2205,20220218,20220218,133308000,13:33:08,15545,10680,15256,830608700,0,0,0
pb2205,20220218,20220218,133308500,13:33:09,15545,10680,15256,830608700,0,0,0
pb2205,20220218,20220218,133309000,13:33:09,15545,10680,15256,830608700,0,0,0
pb2205,20220218,20220218,133315500,13:33:18,15545,10680,15256,830608700,0,0,0
pb2205,20220218,20220218,133317000,13:33:19,15540,10681,15255,830686400,1,-1,77700
pb2205,20220218,20220218,133317500,13:33:19,15540,10681,15255,830686400,0,0,0
pb2205,20220218,20220218,133318000,13:33:19,15540,10681,15255,830686400,0,0,0
pb2205,20220218,20220218,133318500,13:33:19,15540,10681,15255,830686400,0,0,0
pb2205,20220218,20220218,133319000,13:33:20,15540,10681,15255,830686400,0,0,0
pb2205,20220218,20220218,133319500,13:33:20,15540,10681,15255,830686400,0,0,0
pb2205,20220218,20220218,133322500,13:33:22,15535,10682,15256,830764075,1,1,77675
pb2205,20220218,20220218,133323000,13:33:23,15535,10682,15256,830764075,0,0,0
pb2205,20220218,20220218,133323500,13:33:24,15535,10682,15256,830764075,0,0,0
pb2205,20220218,20220218,133324000,13:33:24,15535,10682,15256,830764075,0,0,0
pb2205,20220218,20220218,133325000,13:33:26,15535,10682,15256,830764075,0,0,0
pb2205,20220218,20220218,133325500,13:33:26,15535,10682,15256,830764075,0,0,0
pb2205,20220218,20220218,133326000,13:33:27,15535,10682,15256,830764075,0,0,0
pb2205,20220218,20220218,133326500,13:33:29,15535,10682,15256,830764075,0,0,0
pb2205,20220218,20220218,133327000,13:33:29,15535,10682,15256,830764075,0,0,0
pb2205,20220218,20220218,133327500,13:33:29,15535,10682,15256,830764075,0,0,0
pb2205,20220218,20220218,133328500,13:33:30,15530,10702,15236,832317075,20,-20,1553000
pb2205,20220218,20220218,133329000,13:33:30,15530,10702,15236,832317075,0,0,0
pb2205,20220218,20220218,133330000,13:33:30,15530,10702,15236,832317075,0,0,0
pb2205,20220218,20220218,133330500,13:33:31,15530,10702,15236,832317075,0,0,0
pb2205,20220218,20220218,133331500,13:33:32,15530,10702,15236,832317075,0,0,0
pb2205,20220218,20220218,133332500,13:33:33,15530,10702,15236,832317075,0,0,0
pb2205,20220218,20220218,133333000,13:33:33,15530,10702,15236,832317075,0,0,0
pb2205,20220218,20220218,133333500,13:33:33,15530,10702,15236,832317075,0,0,0
pb2205,20220218,20220218,133334000,13:33:34,15530,10702,15236,832317075,0,0,0
pb2205,20220218,20220218,133334500,13:33:34,15530,10702,15236,832317075,0,0,0
pb2205,20220218,20220218,133336000,13:33:36,15530,10702,15236,832317075,0,0,0
pb2205,20220218,20220218,133337000,13:33:37,15530,10702,15236,832317075,0,0,0
pb2205,20220218,20220218,133337500,13:33:37,15530,10702,15236,832317075,0,0,0
pb2205,20220218,20220218,133338000,13:33:38,15530,10702,15236,832317075,0,0,0
pb2205,20220218,20220218,133338500,13:33:39,15530,10702,15236,832317075,0,0,0
pb2205,20220218,20220218,133339000,13:33:39,15530,10702,15236,832317075,0,0,0
pb2205,20220218,20220218,133340000,13:33:40,15535,10703,15235,832394750,1,-1,77675
pb2205,20220218,20220218,133340500,13:33:41,15535,10704,15235,832472425,1,0,77675
pb2205,20220218,20220218,133341000,13:33:41,15535,10704,15235,832472425,0,0,0
pb2205,20220218,20220218,133341500,13:33:42,15530,10720,15220,833714875,16,-15,1242450
pb2205,20220218,20220218,133342000,13:33:42,15530,10744,15219,835578475,24,-1,1863600
pb2205,20220218,20220218,133342500,13:33:42,15535,10745,15218,835656150,1,-1,77675
pb2205,20220218,20220218,133343000,13:33:43,15540,10746,15218,835733850,1,0,77700
pb2205,20220218,20220218,133343500,13:33:44,15540,10746,15218,835733850,0,0,0
pb2205,20220218,20220218,133344000,13:33:44,15540,10747,15219,835811550,1,1,77700
pb2205,20220218,20220218,133347500,13:33:49,15530,10749,15220,835966850,2,1,155300
pb2205,20220218,20220218,133350500,13:33:50,15530,10749,15220,835966850,0,0,0
pb2205,20220218,20220218,133356000,13:33:56,15530,10749,15220,835966850,0,0,0
pb2205,20220218,20220218,133402000,13:34:02,15530,10749,15220,835966850,0,0,0
pb2205,20220218,20220218,133405000,13:34:12,15530,10749,15220,835966850,0,0,0
pb2205,20220218,20220218,133414000,13:34:14,15530,10749,15220,835966850,0,0,0
pb2205,20220218,20220218,133414500,13:34:15,15530,10749,15220,835966850,0,0,0
pb2205,20220218,20220218,133420500,13:34:21,15530,10749,15220,835966850,0,0,0
pb2205,20220218,20220218,133423500,13:34:24,15530,10749,15220,835966850,0,0,0
pb2205,20220218,20220218,133424000,13:34:24,15530,10749,15220,835966850,0,0,0
pb2205,20220218,20220218,133424500,13:34:24,15530,10749,15220,835966850,0,0,0
pb2205,20220218,20220218,133427000,13:34:27,15530,10749,15220,835966850,0,0,0
pb2205,20220218,20220218,133428500,13:34:28,15530,10749,15220,835966850,0,0,0
pb2205,20220218,20220218,133429000,13:34:29,15530,10749,15220,835966850,0,0,0
pb2205,20220218,20220218,133436000,13:34:36,15530,10749,15220,835966850,0,0,0
pb2205,20220218,20220218,133436500,13:34:36,15530,10749,15220,835966850,0,0,0
pb2205,20220218,20220218,133437000,13:34:37,15530,10749,15220,835966850,0,0,0
pb2205,20220218,20220218,133437500,13:34:38,15530,10749,15220,835966850,0,0,0
pb2205,20220218,20220218,133445000,13:34:46,15530,10749,15220,835966850,0,0,0
pb2205,20220218,20220218,133447000,13:34:47,15530,10749,15220,835966850,0,0,0
pb2205,20220218,20220218,133454000,13:34:56,15530,10749,15220,835966850,0,0,0
pb2205,20220218,20220218,133504500,13:35:10,15530,10749,15220,835966850,0,0,0
pb2205,20220218,20220218,133524000,13:35:25,15530,10749,15220,835966850,0,0,0
pb2205,20220218,20220218,133537000,13:35:43,15530,10749,15220,835966850,0,0,0
pb2205,20220218,20220218,133547000,13:35:47,15530,10749,15220,835966850,0,0,0
pb2205,20220218,20220218,133553000,13:35:53,15530,10749,15220,835966850,0,0,0
pb2205,20220218,20220218,133554500,13:35:55,15530,10749,15220,835966850,0,0,0
pb2205,20220218,20220218,133613500,13:36:14,15530,10749,15220,835966850,0,0,0
pb2205,20220218,20220218,133614500,13:36:14,15530,10749,15220,835966850,0,0,0
pb2205,20220218,20220218,133615000,13:36:15,15530,10749,15220,835966850,0,0,0
pb2205,20220218,20220218,133615500,13:36:15,15530,10749,15220,835966850,0,0,0
pb2205,20220218,20220218,133616000,13:36:16,15530,10749,15220,835966850,0,0,0
pb2205,20220218,20220218,133626500,13:36:27,15530,10758,15219,836665700,9,-1,698850
pb2205,20220218,20220218,133627000,13:36:27,15530,10758,15219,836665700,0,0,0
pb2205,20220218,20220218,133627500,13:36:28,15530,10758,15219,836665700,0,0,0
pb2205,20220218,20220218,133632500,13:36:32,15530,10758,15219,836665700,0,0,0
pb2205,20220218,20220218,133633000,13:36:33,15530,10758,15219,836665700,0,0,0
pb2205,20220218,20220218,133633500,13:36:33,15530,10758,15219,836665700,0,0,0
pb2205,20220218,20220218,133643500,13:36:44,15530,10758,15219,836665700,0,0,0
pb2205,20220218,20220218,133648000,13:36:48,15530,10758,15219,836665700,0,0,0
pb2205,20220218,20220218,133657500,13:36:58,15530,10758,15219,836665700,0,0,0
pb2205,20220218,20220218,133704000,13:37:04,15530,10758,15219,836665700,0,0,0
pb2205,20220218,20220218,133705000,13:37:05,15530,10758,15219,836665700,0,0,0
pb2205,20220218,20220218,133714500,13:37:15,15530,10758,15219,836665700,0,0,0
pb2205,20220218,20220218,133716000,13:37:16,15530,10758,15219,836665700,0,0,0
pb2205,20220218,20220218,133719500,13:37:19,15525,10760,15218,836820950,2,-1,155250
pb2205,20220218,20220218,133720000,13:37:20,15525,10760,15218,836820950,0,0,0
pb2205,20220218,20220218,133720500,13:37:21,15525,10760,15218,836820950,0,0,0
pb2205,20220218,20220218,133721000,13:37:21,15525,10760,15218,836820950,0,0,0
pb2205,20220218,20220218,133722500,13:37:22,15525,10760,15218,836820950,0,0,0
pb2205,20220218,20220218,133723000,13:37:23,15525,10760,15218,836820950,0,0,0
pb2205,20220218,20220218,133724500,13:37:25,15525,10760,15218,836820950,0,0,0
pb2205,20220218,20220218,133732500,13:37:33,15525,10760,15218,836820950,0,0,0
pb2205,20220218,20220218,133733000,13:37:33,15525,10761,15217,836898575,1,-1,77625
pb2205,20220218,20220218,133743000,13:37:43,15525,10761,15217,836898575,0,0,0
pb2205,20220218,20220218,133743500,13:37:44,15525,10761,15217,836898575,0,0,0
pb2205,20220218,20220218,133749500,13:37:49,15525,10761,15217,836898575,0,0,0
pb2205,20220218,20220218,133754500,13:37:55,15525,10761,15217,836898575,0,0,0
pb2205,20220218,20220218,133755000,13:37:55,15525,10761,15217,836898575,0,0,0
pb2205,20220218,20220218,133755500,13:37:55,15525,10761,15217,836898575,0,0,0
pb2205,20220218,20220218,133759000,13:37:59,15525,10761,15217,836898575,0,0,0
pb2205,20220218,20220218,133801000,13:38:02,15525,10761,15217,836898575,0,0,0
pb2205,20220218,20220218,133801500,13:38:03,15525,10761,15217,836898575,0,0,0
pb2205,20220218,20220218,133803500,13:38:06,15525,10776,15221,838062950,15,4,1164375
pb2205,20220218,20220218,133805000,13:38:06,15525,10776,15221,838062950,0,0,0
pb2205,20220218,20220218,133809000,13:38:09,15525,10776,15221,838062950,0,0,0
pb2205,20220218,20220218,133809500,13:38:10,15525,10776,15221,838062950,0,0,0
pb2205,20220218,20220218,133813000,13:38:14,15520,10794,15229,839459975,18,8,1397025
pb2205,20220218,20220218,133813500,13:38:15,15520,10794,15229,839459975,0,0,0
pb2205,20220218,20220218,133814500,13:38:17,15520,10794,15229,839459975,0,0,0
pb2205,20220218,20220218,133815000,13:38:17,15520,10794,15229,839459975,0,0,0
pb2205,20220218,20220218,133815500,13:38:17,15520,10794,15229,839459975,0,0,0
pb2205,20220218,20220218,133817000,13:38:18,15520,10794,15229,839459975,0,0,0
pb2205,20220218,20220218,133818500,13:38:19,15520,10794,15229,839459975,0,0,0
pb2205,20220218,20220218,133819500,13:38:19,15525,10795,15228,839537600,1,-1,77625
pb2205,20220218,20220218,133820000,13:38:20,15525,10795,15228,839537600,0,0,0
pb2205,20220218,20220218,133820500,13:38:22,15525,10795,15228,839537600,0,0,0
pb2205,20220218,20220218,133821000,13:38:22,15525,10795,15228,839537600,0,0,0
pb2205,20220218,20220218,133823000,13:38:23,15525,10795,15228,839537600,0,0,0
pb2205,20220218,20220218,133823500,13:38:24,15525,10796,15227,839615225,1,-1,77625
pb2205,20220218,20220218,133824000,13:38:24,15525,10796,15227,839615225,0,0,0
pb2205,20220218,20220218,133840500,13:38:43,15525,10796,15227,839615225,0,0,0
pb2205,20220218,20220218,133842000,13:38:43,15525,10796,15227,839615225,0,0,0
pb2205,20220218,20220218,133845000,13:38:45,15530,10808,15238,840546750,12,11,931525
pb2205,20220218,20220218,133852000,13:38:52,15530,10808,15238,840546750,0,0,0
pb2205,20220218,20220218,133906500,13:39:06,15530,10808,15238,840546750,0,0,0
pb2205,20220218,20220218,133908000,13:39:08,15530,10808,15238,840546750,0,0,0
pb2205,20220218,20220218,133908500,13:39:08,15530,10808,15238,840546750,0,0,0
pb2205,20220218,20220218,133914500,13:39:15,15530,10808,15238,840546750,0,0,0
pb2205,20220218,20220218,133915000,13:39:18,15530,10808,15238,840546750,0,0,0
pb2205,20220218,20220218,133924500,13:39:24,15525,10809,15239,840624375,1,1,77625
pb2205,20220218,20220218,133928500,13:39:28,15525,10809,15239,840624375,0,0,0
pb2205,20220218,20220218,133929500,13:39:29,15525,10809,15239,840624375,0,0,0
pb2205,20220218,20220218,133931500,13:39:31,15525,10809,15239,840624375,0,0,0
pb2205,20220218,20220218,133936500,13:39:36,15525,10809,15239,840624375,0,0,0
pb2205,20220218,20220218,133937500,13:39:37,15525,10809,15239,840624375,0,0,0
pb2205,20220218,20220218,133938000,13:39:38,15525,10809,15239,840624375,0,0,0
pb2205,20220218,20220218,133945000,13:39:45,15525,10809,15239,840624375,0,0,0
pb2205,20220218,20220218,133946000,13:39:47,15525,10814,15238,841012500,5,-1,388125
pb2205,20220218,20220218,133947000,13:39:47,15525,10819,15242,841400625,5,4,388125
pb2205,20220218,20220218,133947500,13:39:47,15525,10819,15242,841400625,0,0,0
pb2205,20220218,20220218,133949000,13:39:49,15525,10819,15242,841400625,0,0,0
pb2205,20220218,20220218,133952500,13:39:53,15525,10819,15242,841400625,0,0,0
pb2205,20220218,20220218,133956500,13:39:57,15530,10821,15242,841555925,2,0,155300
pb2205,20220218,20220218,133957000,13:39:57,15530,10822,15241,841633575,1,-1,77650
pb2205,20220218,20220218,133957500,13:40:12,15530,10823,15242,841711225,1,1,77650
pb2205,20220218,20220218,133958000,13:40:13,15530,10823,15242,841711225,0,0,0
pb2205,20220218,20220218,133958500,13:40:13,15530,10823,15242,841711225,0,0,0
pb2205,20220218,20220218,134012500,13:40:13,15530,10823,15242,841711225,0,0,0
pb2205,20220218,20220218,134013000,13:40:13,15530,10823,15242,841711225,0,0,0
pb2205,20220218,20220218,134013500,13:40:13,15530,10825,15240,841866525,2,-2,155300
pb2205,20220218,20220218,134014000,13:40:14,15530,10825,15240,841866525,0,0,0
pb2205,20220218,20220218,134026000,13:40:26,15530,10825,15240,841866525,0,0,0
pb2205,20220218,20220218,134026500,13:40:27,15530,10826,15239,841944175,1,-1,77650
pb2205,20220218,20220218,134027000,13:40:27,15530,10826,15239,841944175,0,0,0
pb2205,20220218,20220218,134027500,13:40:27,15530,10826,15239,841944175,0,0,0
pb2205,20220218,20220218,134028000,13:40:28,15535,10827,15239,842021850,1,0,77675
pb2205,20220218,20220218,134028500,13:40:29,15535,10827,15239,842021850,0,0,0
pb2205,20220218,20220218,134029000,13:40:30,15535,10827,15239,842021850,0,0,0
pb2205,20220218,20220218,134031000,13:40:31,15535,10827,15239,842021850,0,0,0
pb2205,20220218,20220218,134032000,13:40:32,15535,10827,15239,842021850,0,0,0
pb2205,20220218,20220218,134032500,13:40:32,15535,10827,15239,842021850,0,0,0
pb2205,20220218,20220218,134033000,13:40:33,15535,10827,15239,842021850,0,0,0
pb2205,20220218,20220218,134033500,13:40:34,15535,10827,15239,842021850,0,0,0
pb2205,20220218,20220218,134034500,13:40:35,15535,10827,15239,842021850,0,0,0
pb2205,20220218,20220218,134035000,13:40:35,15535,10827,15239,842021850,0,0,0
pb2205,20220218,20220218,134037000,13:40:37,15535,10827,15239,842021850,0,0,0
pb2205,20220218,20220218,134044000,13:40:44,15535,10827,15239,842021850,0,0,0
pb2205,20220218,20220218,134050000,13:40:50,15535,10827,15239,842021850,0,0,0
pb2205,20220218,20220218,134050500,13:40:50,15535,10827,15239,842021850,0,0,0
pb2205,20220218,20220218,134054500,13:40:55,15535,10827,15239,842021850,0,0,0
pb2205,20220218,20220218,134059000,13:40:59,15535,10827,15239,842021850,0,0,0
pb2205,20220218,20220218,134059500,13:41:00,15535,10827,15239,842021850,0,0,0
pb2205,20220218,20220218,134100000,13:41:00,15535,10827,15239,842021850,0,0,0
pb2205,20220218,20220218,134102000,13:41:02,15535,10827,15239,842021850,0,0,0
pb2205,20220218,20220218,134102500,13:41:02,15535,10827,15239,842021850,0,0,0
pb2205,20220218,20220218,134103000,13:41:04,15535,10827,15239,842021850,0,0,0
pb2205,20220218,20220218,134103500,13:41:05,15535,10827,15239,842021850,0,0,0
pb2205,20220218,20220218,134107500,13:41:09,15535,10827,15239,842021850,0,0,0
pb2205,20220218,20220218,134108000,13:41:09,15535,10827,15239,842021850,0,0,0
pb2205,20220218,20220218,134108500,13:41:10,15535,10827,15239,842021850,0,0,0
pb2205,20220218,20220218,134109000,13:41:10,15535,10827,15239,842021850,0,0,0
pb2205,20220218,20220218,134109500,13:41:10,15535,10827,15239,842021850,0,0,0
pb2205,20220218,20220218,134110000,13:41:10,15535,10827,15239,842021850,0,0,0
pb2205,20220218,20220218,134112500,13:41:12,15535,10827,15239,842021850,0,0,0
pb2205,20220218,20220218,134117500,13:41:18,15535,10828,15238,842099525,1,-1,77675
pb2205,20220218,20220218,134118000,13:41:19,15535,10828,15238,842099525,0,0,0
pb2205,20220218,20220218,134121000,13:41:23,15535,10828,15238,842099525,0,0,0
pb2205,20220218,20220218,134121500,13:41:23,15535,10828,15238,842099525,0,0,0
pb2205,20220218,20220218,134124500,13:41:26,15535,10828,15238,842099525,0,0,0
pb2205,20220218,20220218,134125000,13:41:26,15540,10829,15237,842177225,1,-1,77700
pb2205,20220218,20220218,134125500,13:41:27,15540,10829,15237,842177225,0,0,0
pb2205,20220218,20220218,134126000,13:41:27,15540,10829,15237,842177225,0,0,0
pb2205,20220218,20220218,134131500,13:41:31,15540,10831,15235,842332625,2,-2,155400
pb2205,20220218,20220218,134132000,13:41:32,15540,10831,15235,842332625,0,0,0
pb2205,20220218,20220218,134132500,13:41:33,15540,10831,15235,842332625,0,0,0
pb2205,20220218,20220218,134133000,13:41:33,15540,10837,15229,842798825,6,-6,466200
pb2205,20220218,20220218,134133500,13:41:34,15540,10837,15229,842798825,0,0,0
pb2205,20220218,20220218,134134000,13:41:34,15540,10837,15229,842798825,0,0,0
pb2205,20220218,20220218,134139500,13:41:42,15540,10837,15229,842798825,0,0,0
pb2205,20220218,20220218,134140500,13:41:42,15540,10837,15229,842798825,0,0,0
pb2205,20220218,20220218,134141000,13:41:42,15540,10837,15229,842798825,0,0,0
pb2205,20220218,20220218,134142000,13:41:42,15540,10837,15229,842798825,0,0,0
pb2205,20220218,20220218,134145000,13:41:45,15540,10839,15228,842954225,2,-1,155400
pb2205,20220218,20220218,134154500,13:42:02,15540,10841,15227,843109625,2,-1,155400
pb2205,20220218,20220218,134155000,13:42:06,15540,10841,15227,843109625,0,0,0
pb2205,20220218,20220218,134202000,13:42:11,15540,10841,15227,843109625,0,0,0
pb2205,20220218,20220218,134202500,13:42:11,15540,10841,15227,843109625,0,0,0
pb2205,20220218,20220218,134203000,13:42:11,15540,10841,15227,843109625,0,0,0
pb2205,20220218,20220218,134209500,13:42:12,15540,10841,15227,843109625,0,0,0
pb2205,20220218,20220218,134212500,13:42:13,15545,10844,15225,843342825,3,-2,233200
pb2205,20220218,20220218,134214500,13:42:15,15545,10844,15225,843342825,0,0,0
pb2205,20220218,20220218,134215500,13:42:16,15545,10844,15225,843342825,0,0,0
pb2205,20220218,20220218,134216000,13:42:16,15545,10844,15225,843342825,0,0,0
pb2205,20220218,20220218,134216500,13:42:17,15545,10844,15225,843342825,0,0,0
pb2205,20220218,20220218,134217000,13:42:18,15550,10845,15225,843420575,1,0,77750
pb2205,20220218,20220218,134217500,13:42:19,15550,10845,15225,843420575,0,0,0
pb2205,20220218,20220218,134224000,13:42:24,15550,10845,15225,843420575,0,0,0
pb2205,20220218,20220218,134225000,13:42:25,15550,10845,15225,843420575,0,0,0
pb2205,20220218,20220218,134226000,13:42:26,15550,10846,15225,843498325,1,0,77750
pb2205,20220218,20220218,134239500,13:42:39,15550,10846,15225,843498325,0,0,0
pb2205,20220218,20220218,134243000,13:42:43,15550,10846,15225,843498325,0,0,0
pb2205,20220218,20220218,134255500,13:42:55,15550,10846,15225,843498325,0,0,0
pb2205,20220218,20220218,134257000,13:42:59,15545,10848,15224,843653775,2,-1,155450
pb2205,20220218,20220218,134257500,13:42:59,15545,10848,15224,843653775,0,0,0
pb2205,20220218,20220218,134301000,13:43:02,15545,10848,15224,843653775,0,0,0
pb2205,20220218,20220218,134303500,13:43:11,15545,10848,15224,843653775,0,0,0
pb2205,20220218,20220218,134305000,13:43:12,15545,10848,15224,843653775,0,0,0
pb2205,20220218,20220218,134309000,13:43:12,15545,10848,15224,843653775,0,0,0
pb2205,20220218,20220218,134315500,13:43:15,15545,10848,15224,843653775,0,0,0
pb2205,20220218,20220218,134316000,13:43:16,15545,10848,15224,843653775,0,0,0
pb2205,20220218,20220218,134316500,13:43:16,15545,10848,15224,843653775,0,0,0
pb2205,20220218,20220218,134317000,13:43:17,15545,10848,15224,843653775,0,0,0
pb2205,20220218,20220218,134317500,13:43:17,15545,10848,15224,843653775,0,0,0
pb2205,20220218,20220218,134318000,13:43:18,15545,10848,15224,843653775,0,0,0
pb2205,20220218,20220218,134318500,13:43:18,15545,10848,15224,843653775,0,0,0
pb2205,20220218,20220218,134319000,13:43:19,15545,10848,15224,843653775,0,0,0
pb2205,20220218,20220218,134319500,13:43:19,15545,10848,15224,843653775,0,0,0
pb2205,20220218,20220218,134320000,13:43:20,15545,10848,15224,843653775,0,0,0
pb2205,20220218,20220218,134354000,13:44:04,15545,10848,15224,843653775,0,0,0
pb2205,20220218,20220218,134402500,13:44:04,15545,10848,15224,843653775,0,0,0
pb2205,20220218,20220218,134417000,13:44:18,15545,10848,15224,843653775,0,0,0
pb2205,20220218,20220218,134417500,13:44:18,15545,10848,15224,843653775,0,0,0
pb2205,20220218,20220218,134419000,13:44:19,15545,10848,15224,843653775,0,0,0
pb2205,20220218,20220218,134419500,13:44:23,15545,10848,15224,843653775,0,0,0
pb2205,20220218,20220218,134420000,13:44:23,15545,10848,15224,843653775,0,0,0
pb2205,20220218,20220218,134420500,13:44:23,15545,10848,15224,843653775,0,0,0
pb2205,20220218,20220218,134430000,13:44:37,15545,10848,15224,843653775,0,0,0
pb2205,20220218,20220218,134430500,13:44:37,15545,10848,15224,843653775,0,0,0
pb2205,20220218,20220218,134431000,13:44:37,15545,10848,15224,843653775,0,0,0
pb2205,20220218,20220218,134503000,13:45:03,15545,10848,15224,843653775,0,0,0
pb2205,20220218,20220218,134514000,13:45:15,15545,10848,15224,843653775,0,0,0
pb2205,20220218,20220218,134517000,13:45:17,15540,10852,15222,843964650,4,-2,310875
pb2205,20220218,20220218,134529500,13:45:30,15540,10852,15222,843964650,0,0,0
pb2205,20220218,20220218,134530000,13:45:30,15540,10852,15222,843964650,0,0,0
pb2205,20220218,20220218,134532000,13:45:32,15540,10852,15222,843964650,0,0,0
pb2205,20220218,20220218,134548000,13:45:48,15540,10852,15222,843964650,0,0,0
pb2205,20220218,20220218,134548500,13:45:48,15540,10852,15222,843964650,0,0,0
pb2205,20220218,20220218,134555000,13:45:55,15540,10854,15222,844120050,2,0,155400
pb2205,20220218,20220218,134555500,13:45:56,15540,10854,15222,844120050,0,0,0
pb2205,20220218,20220218,134604500,13:46:05,15540,10854,15222,844120050,0,0,0
pb2205,20220218,20220218,134605000,13:46:05,15540,10854,15222,844120050,0,0,0
pb2205,20220218,20220218,134605500,13:46:05,15540,10854,15222,844120050,0,0,0
pb2205,20220218,20220218,134610500,13:46:11,15540,10854,15222,844120050,0,0,0
pb2205,20220218,20220218,134617500,13:46:18,15540,10854,15222,844120050,0,0,0
pb2205,20220218,20220218,134618000,13:46:18,15540,10854,15222,844120050,0,0,0
pb2205,20220218,20220218,134629500,13:46:31,15540,10854,15222,844120050,0,0,0
pb2205,20220218,20220218,134648500,13:46:48,15540,10854,15222,844120050,0,0,0
pb2205,20220218,20220218,134652000,13:46:52,15540,10854,15222,844120050,0,0,0
pb2205,20220218,20220218,134715000,13:47:17,15540,10854,15222,844120050,0,0,0
pb2205,20220218,20220218,134743000,13:47:43,15540,10854,15222,844120050,0,0,0
pb2205,20220218,20220218,134747500,13:47:47,15545,10861,15222,844664125,7,0,544075
pb2205,20220218,20220218,134748000,13:47:48,15545,10861,15222,844664125,0,0,0
pb2205,20220218,20220218,134759500,13:48:00,15545,10861,15222,844664125,0,0,0
pb2205,20220218,20220218,134818000,13:48:19,15545,10871,15220,845441375,10,-2,777250
pb2205,20220218,20220218,134818500,13:48:20,15545,10871,15220,845441375,0,0,0
pb2205,20220218,20220218,134821500,13:48:22,15545,10871,15220,845441375,0,0,0
pb2205,20220218,20220218,134832000,13:48:32,15545,10871,15220,845441375,0,0,0
pb2205,20220218,20220218,134837500,13:48:37,15545,10871,15220,845441375,0,0,0
pb2205,20220218,20220218,134838000,13:48:38,15545,10871,15220,845441375,0,0,0
pb2205,20220218,20220218,134855000,13:48:56,15545,10871,15220,845441375,0,0,0
pb2205,20220218,20220218,134858000,13:48:58,15545,10871,15220,845441375,0,0,0
pb2205,20220218,20220218,134858500,13:48:59,15550,10877,15219,845907875,6,-1,466500
pb2205,20220218,20220218,134859000,13:48:59,15550,10877,15219,845907875,0,0,0
pb2205,20220218,20220218,134902500,13:49:03,15550,10885,15219,846529875,8,0,622000
pb2205,20220218,20220218,134903000,13:49:03,15550,10887,15219,846685375,2,0,155500
pb2205,20220218,20220218,134903500,13:49:04,15550,10887,15219,846685375,0,0,0
pb2205,20220218,20220218,134904000,13:49:04,15550,10887,15219,846685375,0,0,0
pb2205,20220218,20220218,134907000,13:49:07,15550,10888,15219,846763125,1,0,77750
pb2205,20220218,20220218,134907500,13:49:07,15550,10888,15219,846763125,0,0,0
pb2205,20220218,20220218,134908000,13:49:08,15550,10888,15219,846763125,0,0,0
pb2205,20220218,20220218,134908500,13:49:08,15550,10888,15219,846763125,0,0,0
pb2205,20220218,20220218,134914000,13:49:14,15550,10888,15219,846763125,0,0,0
pb2205,20220218,20220218,134914500,13:49:14,15550,10888,15219,846763125,0,0,0
pb2205,20220218,20220218,134923000,13:49:23,15550,10888,15219,846763125,0,0,0
pb2205,20220218,20220218,134924500,13:49:25,15550,10888,15219,846763125,0,0,0
pb2205,20220218,20220218,134944500,13:49:44,15550,10888,15219,846763125,0,0,0
pb2205,20220218,20220218,135001500,13:50:02,15550,10888,15219,846763125,0,0,0
pb2205,20220218,20220218,135002500,13:50:03,15550,10888,15219,846763125,0,0,0
pb2205,20220218,20220218,135004500,13:50:04,15550,10890,15219,846918625,2,0,155500
pb2205,20220218,20220218,135005000,13:50:05,15550,10891,15218,846996375,1,-1,77750
pb2205,20220218,20220218,135005500,13:50:06,15550,10891,15218,846996375,0,0,0
pb2205,20220218,20220218,135006500,13:50:07,15550,10891,15218,846996375,0,0,0
pb2205,20220218,20220218,135007000,13:50:07,15550,10891,15218,846996375,0,0,0
pb2205,20220218,20220218,135007500,13:50:09,15550,10891,15218,846996375,0,0,0
pb2205,20220218,20220218,135009500,13:50:26,15550,10891,15218,846996375,0,0,0
pb2205,20220218,20220218,135018500,13:50:27,15550,10891,15218,846996375,0,0,0
pb2205,20220218,20220218,135029000,13:50:37,15550,10891,15218,846996375,0,0,0
pb2205,20220218,20220218,135034000,13:50:37,15550,10891,15218,846996375,0,0,0
pb2205,20220218,20220218,135036000,13:50:38,15550,10891,15218,846996375,0,0,0
pb2205,20220218,20220218,135042000,13:50:42,15550,10891,15218,846996375,0,0,0
pb2205,20220218,20220218,135044000,13:50:45,15555,10902,15219,847851875,11,1,855500
pb2205,20220218,20220218,135044500,13:50:45,15555,10902,15219,847851875,0,0,0
pb2205,20220218,20220218,135050000,13:50:50,15555,10902,15219,847851875,0,0,0
pb2205,20220218,20220218,135051500,13:50:52,15555,10902,15219,847851875,0,0,0
pb2205,20220218,20220218,135054000,13:50:54,15555,10902,15219,847851875,0,0,0
pb2205,20220218,20220218,135104500,13:51:04,15550,10907,15219,848240625,5,0,388750
pb2205,20220218,20220218,135113500,13:51:21,15550,10907,15219,848240625,0,0,0
pb2205,20220218,20220218,135203500,13:52:04,15550,10907,15219,848240625,0,0,0
pb2205,20220218,20220218,135205500,13:52:06,15550,10907,15219,848240625,0,0,0
pb2205,20220218,20220218,135211500,13:52:12,15550,10907,15219,848240625,0,0,0
pb2205,20220218,20220218,135212000,13:52:12,15550,10907,15219,848240625,0,0,0
pb2205,20220218,20220218,135214000,13:52:14,15550,10907,15219,848240625,0,0,0
pb2205,20220218,20220218,135216000,13:52:16,15550,10907,15219,848240625,0,0,0
pb2205,20220218,20220218,135229000,13:52:29,15550,10907,15219,848240625,0,0,0
pb2205,20220218,20220218,135229500,13:52:31,15550,10912,15221,848629375,5,2,388750
pb2205,20220218,20220218,135234000,13:52:34,15545,10913,15222,848707100,1,1,77725
pb2205,20220218,20220218,135237500,13:52:44,15545,10913,15222,848707100,0,0,0
pb2205,20220218,20220218,135244500,13:52:46,15545,10913,15222,848707100,0,0,0
pb2205,20220218,20220218,135258000,13:52:58,15545,10913,15222,848707100,0,0,0
pb2205,20220218,20220218,135315000,13:53:15,15540,10922,15223,849406550,9,1,699450
pb2205,20220218,20220218,135315500,13:53:15,15540,10922,15223,849406550,0,0,0
pb2205,20220218,20220218,135316000,13:53:16,15540,10922,15223,849406550,0,0,0
pb2205,20220218,20220218,135316500,13:53:17,15540,10922,15223,849406550,0,0,0
pb2205,20220218,20220218,135317000,13:53:20,15540,10922,15223,849406550,0,0,0
pb2205,20220218,20220218,135317500,13:53:20,15540,10922,15223,849406550,0,0,0
pb2205,20220218,20220218,135320000,13:53:20,15540,10922,15223,849406550,0,0,0
pb2205,20220218,20220218,135320500,13:53:20,15540,10922,15223,849406550,0,0,0
pb2205,20220218,20220218,135321500,13:53:21,15540,10922,15223,849406550,0,0,0
pb2205,20220218,20220218,135328500,13:53:29,15540,10925,15221,849639650,3,-2,233100
pb2205,20220218,20220218,135329000,13:53:29,15540,10925,15221,849639650,0,0,0
pb2205,20220218,20220218,135329500,13:53:29,15540,10925,15221,849639650,0,0,0
pb2205,20220218,20220218,135330000,13:53:30,15540,10925,15221,849639650,0,0,0
pb2205,20220218,20220218,135330500,13:53:31,15540,10925,15221,849639650,0,0,0
pb2205,20220218,20220218,135331000,13:53:31,15540,10925,15221,849639650,0,0,0
pb2205,20220218,20220218,135334500,13:53:35,15540,10925,15221,849639650,0,0,0
pb2205,20220218,20220218,135343000,13:53:45,15540,10925,15221,849639650,0,0,0
pb2205,20220218,20220218,135346500,13:53:47,15540,10925,15221,849639650,0,0,0
pb2205,20220218,20220218,135349000,13:53:49,15540,10925,15221,849639650,0,0,0
pb2205,20220218,20220218,135352500,13:53:53,15540,10925,15221,849639650,0,0,0
pb2205,20220218,20220218,135353000,13:53:53,15540,10925,15221,849639650,0,0,0
pb2205,20220218,20220218,135356000,13:53:56,15540,10925,15221,849639650,0,0,0
pb2205,20220218,20220218,135356500,13:53:57,15540,10925,15221,849639650,0,0,0
pb2205,20220218,20220218,135357000,13:53:57,15540,10925,15221,849639650,0,0,0
pb2205,20220218,20220218,135357500,13:53:58,15540,10925,15221,849639650,0,0,0
pb2205,20220218,20220218,135358000,13:53:59,15540,10925,15221,849639650,0,0,0
pb2205,20220218,20220218,135359500,13:54:08,15540,10925,15221,849639650,0,0,0
pb2205,20220218,20220218,135405000,13:54:09,15540,10925,15221,849639650,0,0,0
pb2205,20220218,20220218,135408500,13:54:09,15540,10925,15221,849639650,0,0,0
pb2205,20220218,20220218,135409000,13:54:09,15540,10925,15221,849639650,0,0,0
pb2205,20220218,20220218,135409500,13:54:10,15540,10925,15221,849639650,0,0,0
pb2205,20220218,20220218,135415000,13:54:15,15540,10925,15221,849639650,0,0,0
pb2205,20220218,20220218,135425500,13:54:26,15540,10925,15221,849639650,0,0,0
pb2205,20220218,20220218,135437000,13:54:37,15540,10933,15228,850261250,8,7,621600
pb2205,20220218,20220218,135437500,13:54:37,15540,10933,15228,850261250,0,0,0
pb2205,20220218,20220218,135438000,13:54:38,15540,10933,15228,850261250,0,0,0
pb2205,20220218,20220218,135438500,13:54:39,15540,10933,15228,850261250,0,0,0
pb2205,20220218,20220218,135439000,13:54:39,15540,10933,15228,850261250,0,0,0
pb2205,20220218,20220218,135439500,13:54:40,15540,10934,15227,850338950,1,-1,77700
pb2205,20220218,20220218,135440000,13:54:40,15540,10934,15227,850338950,0,0,0
pb2205,20220218,20220218,135442000,13:54:42,15540,10934,15227,850338950,0,0,0
pb2205,20220218,20220218,135448500,13:54:48,15540,10934,15227,850338950,0,0,0
pb2205,20220218,20220218,135501000,13:55:01,15540,10934,15227,850338950,0,0,0
pb2205,20220218,20220218,135507500,13:55:11,15540,10934,15227,850338950,0,0,0
pb2205,20220218,20220218,135508000,13:55:12,15540,10934,15227,850338950,0,0,0
pb2205,20220218,20220218,135512500,13:55:13,15540,10934,15227,850338950,0,0,0
pb2205,20220218,20220218,135514500,13:55:15,15540,10936,15227,850494350,2,0,155400
pb2205,20220218,20220218,135614500,13:56:23,15540,10936,15227,850494350,0,0,0
pb2205,20220218,20220218,135635500,13:56:35,15540,10936,15227,850494350,0,0,0
pb2205,20220218,20220218,135636000,13:56:36,15540,10936,15227,850494350,0,0,0
pb2205,20220218,20220218,135638500,13:56:39,15540,10936,15227,850494350,0,0,0
pb2205,20220218,20220218,135642000,13:56:43,15540,10936,15227,850494350,0,0,0
pb2205,20220218,20220218,135642500,13:56:43,15540,10936,15227,850494350,0,0,0
pb2205,20220218,20220218,135646500,13:56:47,15540,10936,15227,850494350,0,0,0
pb2205,20220218,20220218,135656500,13:56:56,15540,10936,15227,850494350,0,0,0
pb2205,20220218,20220218,135657000,13:56:57,15540,10936,15227,850494350,0,0,0
pb2205,20220218,20220218,135701000,13:57:02,15540,10936,15227,850494350,0,0,0
