pb2204,20220218,20220218,112003000,11:20:05,15520,31554,44308,2450847725,31554,5350,2450847725
pb2204,20220218,20220218,112004500,11:20:10,15520,31562,44314,2451468600,8,6,620875
pb2204,20220218,20220218,112005000,11:20:10,15520,31564,44316,2451623800,2,2,155200
pb2204,20220218,20220218,112005500,11:20:10,15520,31565,44317,2451701400,1,1,77600
pb2204,20220218,20220218,112006500,11:20:10,15520,31566,44318,2451779000,1,1,77600
pb2204,20220218,20220218,112007000,11:20:10,15520,31575,44316,2452477400,9,-2,698400
pb2204,20220218,20220218,112007500,11:20:10,15515,31580,44317,2452865375,5,1,387975
pb2204,20220218,20220218,112008000,11:20:10,15520,31583,44315,2453098175,3,-2,232800
pb2204,20220218,20220218,112008500,11:20:10,15520,31584,44316,2453175775,1,1,77600
pb2204,20220218,20220218,112009000,11:20:10,15520,31584,44316,2453175775,0,0,0
pb2204,20220218,20220218,112009500,11:20:10,15520,31584,44316,2453175775,0,0,0
pb2204,20220218,20220218,112010000,11:20:10,15520,31584,44316,2453175775,0,0,0
pb2204,20220218,20220218,112010500,11:20:10,15520,31584,44316,2453175775,0,0,0
pb2204,20220218,20220218,112011000,11:20:11,15520,31584,44316,2453175775,0,0,0
pb2204,20220218,20220218,112011500,11:20:12,15520,31584,44316,2453175775,0,0,0
pb2204,20220218,20220218,112012000,11:20:12,15520,31584,44316,2453175775,0,0,0
pb2204,20220218,20220218,112013000,11:20:13,15520,31584,44316,2453175775,0,0,0
pb2204,20220218,20220218,112013500,11:20:13,15520,31584,44316,2453175775,0,0,0
pb2204,20220218,20220218,112014000,11:20:14,15520,31584,44316,2453175775,0,0,0
pb2204,20220218,20220218,112015500,11:20:16,15520,31584,44316,2453175775,0,0,0
pb2204,20220218,20220218,112016000,11:20:16,15520,31604,44322,2454727775,20,6,1552000
pb2204,20220218,20220218,112016500,11:20:16,15520,31604,44322,2454727775,0,0,0
pb2204,20220218,20220218,112018500,11:20:18,15520,31604,44322,2454727775,0,0,0
pb2204,20220218,20220218,112019500,11:20:20,15520,31604,44322,2454727775,0,0,0
pb2204,20220218,20220218,112020000,11:20:20,15520,31604,44322,2454727775,0,0,0
pb2204,20220218,20220218,112020500,11:20:21,15520,31604,44322,2454727775,0,0,0
pb2204,20220218,20220218,112021000,11:20:21,15520,31604,44322,2454727775,0,0,0
pb2204,20220218,20220218,112021500,11:20:21,15520,31604,44322,2454727775,0,0,0
pb2204,20220218,20220218,112022000,11:20:22,15520,31604,44322,2454727775,0,0,0
pb2204,20220218,20220218,112022500,11:20:23,15520,31604,44322,2454727775,0,0,0
pb2204,20220218,20220218,112023000,11:20:23,15520,31604,44322,2454727775,0,0,0
pb2204,20220218,20220218,112023500,11:20:23,15515,31623,44308,2456201700,19,-14,1473925
pb2204,20220218,20220218,112024000,11:20:24,15515,31628,44306,2456589575,5,-2,387875
pb2204,20220218,20220218,112024500,11:20:24,15515,31636,44300,2457210175,8,-6,620600
pb2204,20220218,20220218,112025000,11:20:25,15515,31640,44299,2457520475,4,-1,310300
pb2204,20220218,20220218,112025500,11:20:25,15515,31640,44299,2457520475,0,0,0
pb2204,20220218,20220218,112026000,11:20:26,15515,31640,44299,2457520475,0,0,0
pb2204,20220218,20220218,112026500,11:20:26,15515,31640,44299,2457520475,0,0,0
pb2204,20220218,20220218,112027000,11:20:27,15515,31640,44299,2457520475,0,0,0
pb2204,20220218,20220218,112027500,11:20:28,15515,31648,44301,2458141075,8,2,620600
pb2204,20220218,20220218,112028000,11:20:28,15515,31648,44301,2458141075,0,0,0
pb2204,20220218,20220218,112031000,11:20:32,15515,31648,44301,2458141075,0,0,0
pb2204,20220218,20220218,112031500,11:20:32,15515,31650,44299,2458296225,2,-2,155150
pb2204,20220218,20220218,112033000,11:20:33,15510,31651,44298,2458373775,1,-1,77550
pb2204,20220218,20220218,112033500,11:20:33,15520,31665,44302,2459460075,14,4,1086300
pb2204,20220218,20220218,112034000,11:20:34,15520,31665,44302,2459460075,0,0,0
pb2204,20220218,20220218,112034500,11:20:35,15515,31666,44302,2459537650,1,0,77575
pb2204,20220218,20220218,112035000,11:20:35,15515,31667,44302,2459615225,1,0,77575
pb2204,20220218,20220218,112035500,11:20:35,15515,31667,44302,2459615225,0,0,0
pb2204,20220218,20220218,112036000,11:20:36,15515,31667,44302,2459615225,0,0,0
pb2204,20220218,20220218,112036500,11:20:37,15515,31669,44300,2459770375,2,-2,155150
pb2204,20220218,20220218,112037500,11:20:38,15515,31671,44299,2459925525,2,-1,155150
pb2204,20220218,20220218,112038500,11:20:38,15515,31673,44298,2460080675,2,-1,155150
pb2204,20220218,20220218,112039000,11:20:39,15515,31675,44296,2460235825,2,-2,155150
pb2204,20220218,20220218,112039500,11:20:40,15515,31679,44296,2460546125,4,0,310300
pb2204,20220218,20220218,112040000,11:20:40,15515,31681,44298,2460701275,2,2,155150
pb2204,20220218,20220218,112040500,11:20:41,15515,31681,44298,2460701275,0,0,0
pb2204,20220218,20220218,112041000,11:20:41,15515,31681,44298,2460701275,0,0,0
pb2204,20220218,20220218,112042500,11:20:42,15520,31690,44298,2461399675,9,0,698400
pb2204,20220218,20220218,112043000,11:20:43,15520,31690,44298,2461399675,0,0,0
pb2204,20220218,20220218,112043500,11:20:44,15520,31700,44307,2462175675,10,9,776000
pb2204,20220218,20220218,112044000,11:20:44,15520,31702,44308,2462330875,2,1,155200
pb2204,20220218,20220218,112044500,11:20:45,15520,31703,44308,2462408475,1,0,77600
pb2204,20220218,20220218,112045000,11:20:45,15520,31703,44308,2462408475,0,0,0
pb2204,20220218,20220218,112045500,11:20:46,15520,31703,44308,2462408475,0,0,0
pb2204,20220218,20220218,112046500,11:20:46,15520,31703,44308,2462408475,0,0,0
pb2204,20220218,20220218,112047000,11:20:47,15520,31703,44308,2462408475,0,0,0
pb2204,20220218,20220218,112047500,11:20:48,15520,31703,44308,2462408475,0,0,0
pb2204,20220218,20220218,112048000,11:20:48,15520,31703,44308,2462408475,0,0,0
pb2204,20220218,20220218,112049500,11:20:50,15515,31706,44311,2462641200,3,3,232725
pb2204,20220218,20220218,112050500,11:20:51,15515,31706,44311,2462641200,0,0,0
pb2204,20220218,20220218,112051000,11:20:51,15515,31706,44311,2462641200,0,0,0
pb2204,20220218,20220218,112051500,11:20:52,15515,31706,44311,2462641200,0,0,0
pb2204,20220218,20220218,112052500,11:20:53,15520,31712,44313,2463106800,6,2,465600
pb2204,20220218,20220218,112053000,11:20:53,15520,31712,44313,2463106800,0,0,0
pb2204,20220218,20220218,112053500,11:20:53,15520,31713,44313,2463184400,1,0,77600
pb2204,20220218,20220218,112054000,11:20:54,15525,31732,44308,2464659275,19,-5,1474875
pb2204,20220218,20220218,112054500,11:20:55,15525,31733,44307,2464736900,1,-1,77625
pb2204,20220218,20220218,112055000,11:20:55,15525,31747,44311,2465823650,14,4,1086750
pb2204,20220218,20220218,112055500,11:20:56,15525,31752,44311,2466211775,5,0,388125
pb2204,20220218,20220218,112056000,11:20:56,15525,31752,44311,2466211775,0,0,0
pb2204,20220218,20220218,112056500,11:20:56,15525,31752,44311,2466211775,0,0,0
pb2204,20220218,20220218,112057000,11:20:58,15525,31755,44312,2466444650,3,1,232875
pb2204,20220218,20220218,112057500,11:20:58,15525,31758,44315,2466677525,3,3,232875
pb2204,20220218,20220218,112058000,11:20:58,15525,31758,44315,2466677525,0,0,0
pb2204,20220218,20220218,112058500,11:20:59,15525,31758,44315,2466677525,0,0,0
pb2204,20220218,20220218,112100000,11:21:00,15525,31758,44315,2466677525,0,0,0
pb2204,20220218,20220218,112101000,11:21:01,15525,31758,44315,2466677525,0,0,0
pb2204,20220218,20220218,112101500,11:21:02,15525,31765,44319,2467220900,7,4,543375
pb2204,20220218,20220218,112102000,11:21:03,15530,31767,44320,2467376200,2,1,155300
pb2204,20220218,20220218,112102500,11:21:03,15530,31767,44320,2467376200,0,0,0
pb2204,20220218,20220218,112103000,11:21:03,15525,31768,44320,2467453825,1,0,77625
pb2204,20220218,20220218,112103500,11:21:04,15525,31768,44320,2467453825,0,0,0
pb2204,20220218,20220218,112104000,11:21:04,15525,31768,44320,2467453825,0,0,0
pb2204,20220218,20220218,112104500,11:21:05,15525,31768,44320,2467453825,0,0,0
pb2204,20220218,20220218,112105000,11:21:06,15525,31775,44313,2467997200,7,-7,543375
pb2204,20220218,20220218,112105500,11:21:07,15525,31775,44313,2467997200,0,0,0
pb2204,20220218,20220218,112106000,11:21:07,15530,31795,44309,2469550200,20,-4,1553000
pb2204,20220218,20220218,112106500,11:21:08,15530,31795,44309,2469550200,0,0,0
pb2204,20220218,20220218,112107000,11:21:09,15530,31795,44309,2469550200,0,0,0
pb2204,20220218,20220218,112107500,11:21:10,15530,31795,44309,2469550200,0,0,0
pb2204,20220218,20220218,112108000,11:21:10,15530,31795,44309,2469550200,0,0,0
pb2204,20220218,20220218,112109000,11:21:10,15530,31795,44309,2469550200,0,0,0
pb2204,20220218,20220218,112110500,11:21:11,15530,31795,44309,2469550200,0,0,0
pb2204,20220218,20220218,112112500,11:21:13,15530,31810,44306,2470714950,15,-3,1164750
pb2204,20220218,20220218,112113000,11:21:13,15530,31815,44306,2471103200,5,0,388250
pb2204,20220218,20220218,112113500,11:21:13,15530,31815,44306,2471103200,0,0,0
pb2204,20220218,20220218,112114000,11:21:14,15530,31815,44306,2471103200,0,0,0
pb2204,20220218,20220218,112114500,11:21:14,15530,31816,44306,2471180850,1,0,77650
pb2204,20220218,20220218,112115000,11:21:15,15530,31816,44306,2471180850,0,0,0
pb2204,20220218,20220218,112115500,11:21:15,15530,31816,44306,2471180850,0,0,0
pb2204,20220218,20220218,112116000,11:21:16,15530,31816,44306,2471180850,0,0,0
pb2204,20220218,20220218,112116500,11:21:17,15530,31817,44307,2471258500,1,1,77650
pb2204,20220218,20220218,112117000,11:21:17,15530,31817,44307,2471258500,0,0,0
pb2204,20220218,20220218,112118000,11:21:18,15530,31817,44307,2471258500,0,0,0
pb2204,20220218,20220218,112119500,11:21:19,15530,31817,44307,2471258500,0,0,0
pb2204,20220218,20220218,112122500,11:21:22,15530,31818,44307,2471336150,1,0,77650
pb2204,20220218,20220218,112125500,11:23:32,15530,31819,44308,2471413800,1,1,77650
pb2204,20220218,20220218,112126000,11:23:33,15530,31819,44308,2471413800,0,0,0
pb2204,20220218,20220218,112332000,11:23:33,15530,31819,44308,2471413800,0,0,0
pb2204,20220218,20220218,112333000,11:23:33,15530,31819,44308,2471413800,0,0,0
pb2204,20220218,20220218,112333500,11:23:33,15530,31964,44357,2482673725,145,49,11259925
pb2204,20220218,20220218,112334000,11:23:34,15530,31965,44358,2482751375,1,1,77650
pb2204,20220218,20220218,112336000,11:23:36,15530,31965,44358,2482751375,0,0,0
pb2204,20220218,20220218,112337000,11:23:38,15530,31965,44358,2482751375,0,0,0
pb2204,20220218,20220218,112337500,11:23:38,15530,31965,44358,2482751375,0,0,0
pb2204,20220218,20220218,112344000,11:23:45,15530,31965,44358,2482751375,0,0,0
pb2204,20220218,20220218,112344500,11:23:48,15530,31965,44358,2482751375,0,0,0
pb2204,20220218,20220218,112347500,11:23:48,15530,31965,44358,2482751375,0,0,0
pb2204,20220218,20220218,112349000,11:23:49,15530,31972,44355,2483294925,7,-3,543550
pb2204,20220218,20220218,112349500,11:23:50,15530,31973,44355,2483372575,1,0,77650
pb2204,20220218,20220218,112350000,11:23:50,15530,31974,44355,2483450225,1,0,77650
pb2204,20220218,20220218,112350500,11:23:50,15530,31975,44355,2483527875,1,0,77650
pb2204,20220218,20220218,112351000,11:23:51,15530,31976,44355,2483605525,1,0,77650
pb2204,20220218,20220218,112351500,11:23:51,15530,31977,44355,2483683175,1,0,77650
pb2204,20220218,20220218,112352000,11:23:52,15530,31978,44355,2483760825,1,0,77650
pb2204,20220218,20220218,112352500,11:23:52,15530,31979,44355,2483838475,1,0,77650
pb2204,20220218,20220218,112353000,11:23:53,15530,31980,44355,2483916125,1,0,77650
pb2204,20220218,20220218,112353500,11:23:53,15530,31981,44355,2483993775,1,0,77650
pb2204,20220218,20220218,112354000,11:23:54,15530,31982,44355,2484071425,1,0,77650
pb2204,20220218,20220218,112354500,11:23:55,15530,31983,44355,2484149075,1,0,77650
pb2204,20220218,20220218,112355000,11:23:55,15530,31984,44355,2484226725,1,0,77650
pb2204,20220218,20220218,112355500,11:23:55,15530,31985,44355,2484304375,1,0,77650
pb2204,20220218,20220218,112356000,11:23:56,15530,31986,44355,2484382025,1,0,77650
pb2204,20220218,20220218,112356500,11:23:56,15530,31987,44355,2484459675,1,0,77650
pb2204,20220218,20220218,112357000,11:23:57,15530,31988,44355,2484537325,1,0,77650
pb2204,20220218,20220218,112357500,11:23:57,15530,31989,44355,2484614975,1,0,77650
pb2204,20220218,20220218,112358000,11:23:58,15530,31990,44355,2484692625,1,0,77650
pb2204,20220218,20220218,112358500,11:23:58,15530,31991,44355,2484770275,1,0,77650
pb2204,20220218,20220218,112359000,11:23:59,15530,31992,44355,2484847925,1,0,77650
pb2204,20220218,20220218,112359500,11:23:59,15530,31993,44355,2484925575,1,0,77650
pb2204,20220218,20220218,112400000,11:24:00,15530,31994,44355,2485003225,1,0,77650
pb2204,20220218,20220218,112400500,11:24:00,15530,31995,44355,2485080875,1,0,77650
pb2204,20220218,20220218,112401000,11:24:01,15530,31996,44355,2485158525,1,0,77650
pb2204,20220218,20220218,112401500,11:24:01,15530,32000,44355,2485469125,4,0,310600
pb2204,20220218,20220218,112402000,11:24:02,15530,32000,44355,2485469125,0,0,0
pb2204,20220218,20220218,112402500,11:24:02,15530,32000,44355,2485469125,0,0,0
pb2204,20220218,20220218,112404000,11:24:04,15530,32000,44355,2485469125,0,0,0
pb2204,20220218,20220218,112405000,11:24:05,15530,32000,44355,2485469125,0,0,0
pb2204,20220218,20220218,112411000,11:24:12,15535,32002,44357,2485624475,2,2,155350
pb2204,20220218,20220218,112412500,11:24:13,15535,32002,44357,2485624475,0,0,0
pb2204,20220218,20220218,112413000,11:24:13,15535,32002,44357,2485624475,0,0,0
pb2204,20220218,20220218,112419000,11:24:19,15525,32019,44362,2486944425,17,5,1319950
pb2204,20220218,20220218,112419500,11:24:20,15525,32019,44362,2486944425,0,0,0
pb2204,20220218,20220218,112420500,11:24:20,15530,32020,44363,2487022075,1,1,77650
pb2204,20220218,20220218,112421000,11:24:21,15525,32024,44359,2487332575,4,-4,310500
pb2204,20220218,20220218,112423500,11:24:23,15525,32024,44359,2487332575,0,0,0
pb2204,20220218,20220218,112424500,11:24:24,15525,32024,44359,2487332575,0,0,0
pb2204,20220218,20220218,112426500,11:24:26,15525,32024,44359,2487332575,0,0,0
pb2204,20220218,20220218,112433000,11:24:33,15525,32024,44359,2487332575,0,0,0
pb2204,20220218,20220218,112433500,11:24:33,15525,32024,44359,2487332575,0,0,0
pb2204,20220218,20220218,112434000,11:24:34,15525,32024,44359,2487332575,0,0,0
pb2204,20220218,20220218,112441500,11:24:41,15525,32026,44359,2487487825,2,0,155250
pb2204,20220218,20220218,112443500,11:24:43,15525,32026,44359,2487487825,0,0,0
pb2204,20220218,20220218,112445500,11:24:45,15525,32036,44358,2488264075,10,-1,776250
pb2204,20220218,20220218,112447500,11:24:47,15525,32036,44358,2488264075,0,0,0
pb2204,20220218,20220218,112452000,11:24:52,15525,32036,44358,2488264075,0,0,0
pb2204,20220218,20220218,112452500,11:24:52,15525,32036,44358,2488264075,0,0,0
pb2204,20220218,20220218,112453500,11:24:53,15530,32040,44358,2488574675,4,0,310600
pb2204,20220218,20220218,112454000,11:24:54,15525,32042,44358,2488729925,2,0,155250
pb2204,20220218,20220218,112500000,11:25:00,15525,32043,44357,2488807550,1,-1,77625
pb2204,20220218,20220218,112500500,11:25:01,15525,32044,44357,2488885175,1,0,77625
pb2204,20220218,20220218,112501500,11:25:04,15525,32044,44357,2488885175,0,0,0
pb2204,20220218,20220218,112502000,11:25:05,15525,32044,44357,2488885175,0,0,0
pb2204,20220218,20220218,112502500,11:25:06,15525,32044,44357,2488885175,0,0,0
pb2204,20220218,20220218,112504500,11:25:06,15525,32046,44355,2489040425,2,-2,155250
pb2204,20220218,20220218,112506000,11:25:06,15525,32046,44355,2489040425,0,0,0
pb2204,20220218,20220218,112507000,11:25:07,15525,32046,44355,2489040425,0,0,0
pb2204,20220218,20220218,112507500,11:25:07,15525,32047,44354,2489118050,1,-1,77625
pb2204,20220218,20220218,112508000,11:25:08,15525,32047,44354,2489118050,0,0,0
pb2204,20220218,20220218,112508500,11:25:08,15525,32049,44352,2489273300,2,-2,155250
pb2204,20220218,20220218,112509000,11:25:09,15525,32052,44351,2489506175,3,-1,232875
pb2204,20220218,20220218,112509500,11:25:09,15525,32052,44351,2489506175,0,0,0
pb2204,20220218,20220218,112510000,11:25:10,15525,32054,44349,2489661425,2,-2,155250
pb2204,20220218,20220218,112510500,11:25:10,15525,32060,44343,2490127175,6,-6,465750
pb2204,20220218,20220218,112511000,11:25:11,15525,32062,44343,2490282425,2,0,155250
pb2204,20220218,20220218,112511500,11:25:11,15525,32065,44346,2490515300,3,3,232875
pb2204,20220218,20220218,112512000,11:25:12,15520,32067,44344,2490670500,2,-2,155200
pb2204,20220218,20220218,112512500,11:25:12,15520,32067,44344,2490670500,0,0,0
pb2204,20220218,20220218,112514500,11:25:15,15520,32069,44343,2490825700,2,-1,155200
pb2204,20220218,20220218,112515000,11:25:16,15520,32069,44343,2490825700,0,0,0
pb2204,20220218,20220218,112515500,11:25:16,15520,32072,44343,2491058500,3,0,232800
pb2204,20220218,20220218,112516500,11:25:16,15520,32072,44343,2491058500,0,0,0
pb2204,20220218,20220218,112517000,11:25:18,15520,32072,44343,2491058500,0,0,0
pb2204,20220218,20220218,112518000,11:25:18,15520,32072,44343,2491058500,0,0,0
pb2204,20220218,20220218,112519000,11:25:19,15520,32089,44331,2492377700,17,-12,1319200
pb2204,20220218,20220218,112519500,11:25:19,15520,32089,44331,2492377700,0,0,0
pb2204,20220218,20220218,112520000,11:25:21,15520,32089,44331,2492377700,0,0,0
pb2204,20220218,20220218,112520500,11:25:21,15520,32089,44331,2492377700,0,0,0
pb2204,20220218,20220218,112521000,11:25:21,15520,32089,44331,2492377700,0,0,0
pb2204,20220218,20220218,112522000,11:25:22,15520,32089,44331,2492377700,0,0,0
pb2204,20220218,20220218,112523000,11:25:23,15520,32089,44331,2492377700,0,0,0
pb2204,20220218,20220218,112529500,11:25:30,15520,32091,44333,2492532900,2,2,155200
pb2204,20220218,20220218,112530500,11:25:31,15520,32098,44333,2493076100,7,0,543200
pb2204,20220218,20220218,112531000,11:25:31,15520,32098,44333,2493076100,0,0,0
pb2204,20220218,20220218,112531500,11:25:32,15520,32105,44329,2493619300,7,-4,543200
pb2204,20220218,20220218,112532000,11:25:32,15520,32105,44329,2493619300,0,0,0
pb2204,20220218,20220218,112532500,11:25:33,15520,32105,44329,2493619300,0,0,0
pb2204,20220218,20220218,112533000,11:25:33,15520,32105,44329,2493619300,0,0,0
pb2204,20220218,20220218,112536500,11:25:37,15520,32105,44329,2493619300,0,0,0
pb2204,20220218,20220218,112537000,11:25:38,15520,32105,44329,2493619300,0,0,0
pb2204,20220218,20220218,112538000,11:25:38,15515,32106,44328,2493696875,1,-1,77575
pb2204,20220218,20220218,112538500,11:25:39,15515,32107,44327,2493774450,1,-1,77575
pb2204,20220218,20220218,112539000,11:25:39,15515,32108,44327,2493852025,1,0,77575
pb2204,20220218,20220218,112539500,11:25:40,15515,32108,44327,2493852025,0,0,0
pb2204,20220218,20220218,112540000,11:25:40,15515,32139,44307,2496256875,31,-20,2404850
pb2204,20220218,20220218,112540500,11:25:40,15510,32146,44308,2496799725,7,1,542850
pb2204,20220218,20220218,112541000,11:25:41,15510,32148,44308,2496954825,2,0,155100
pb2204,20220218,20220218,112541500,11:25:41,15510,32150,44310,2497109925,2,2,155100
pb2204,20220218,20220218,112542000,11:25:42,15510,32153,44310,2497342575,3,0,232650
pb2204,20220218,20220218,112542500,11:25:42,15510,32154,44311,2497420125,1,1,77550
pb2204,20220218,20220218,112543000,11:25:43,15510,32155,44312,2497497675,1,1,77550
pb2204,20220218,20220218,112543500,11:25:43,15510,32156,44312,2497575225,1,0,77550
pb2204,20220218,20220218,112544000,11:25:44,15515,32158,44312,2497730350,2,0,155125
pb2204,20220218,20220218,112544500,11:25:44,15510,32159,44312,2497807900,1,0,77550
pb2204,20220218,20220218,112545000,11:25:45,15510,32160,44312,2497885450,1,0,77550
pb2204,20220218,20220218,112545500,11:25:46,15510,32162,44311,2498040550,2,-1,155100
pb2204,20220218,20220218,112546000,11:25:47,15510,32163,44311,2498118100,1,0,77550
pb2204,20220218,20220218,112546500,11:25:48,15510,32163,44311,2498118100,0,0,0
pb2204,20220218,20220218,112547000,11:25:48,15510,32163,44311,2498118100,0,0,0
pb2204,20220218,20220218,112547500,11:25:48,15510,32163,44311,2498118100,0,0,0
pb2204,20220218,20220218,112548000,11:25:48,15510,32163,44311,2498118100,0,0,0
pb2204,20220218,20220218,112551000,11:25:51,15510,32163,44311,2498118100,0,0,0
pb2204,20220218,20220218,112552000,11:25:52,15510,32163,44311,2498118100,0,0,0
pb2204,20220218,20220218,112556000,11:25:57,15510,32164,44310,2498195650,1,-1,77550
pb2204,20220218,20220218,112556500,11:25:57,15510,32165,44310,2498273200,1,0,77550
pb2204,20220218,20220218,112557000,11:25:57,15510,32165,44310,2498273200,0,0,0
pb2204,20220218,20220218,112557500,11:25:57,15510,32165,44310,2498273200,0,0,0
pb2204,20220218,20220218,112558000,11:25:59,15510,32165,44310,2498273200,0,0,0
pb2204,20220218,20220218,112558500,11:25:59,15510,32165,44310,2498273200,0,0,0
pb2204,20220218,20220218,112559000,11:26:00,15510,32166,44309,2498350750,1,-1,77550
pb2204,20220218,20220218,112559500,11:26:00,15510,32168,44307,2498505850,2,-2,155100
pb2204,20220218,20220218,112600000,11:26:00,15510,32168,44307,2498505850,0,0,0
pb2204,20220218,20220218,112602000,11:26:03,15510,32168,44307,2498505850,0,0,0
pb2204,20220218,20220218,112602500,11:26:03,15510,32168,44307,2498505850,0,0,0
pb2204,20220218,20220218,112603500,11:26:04,15510,32168,44307,2498505850,0,0,0
pb2204,20220218,20220218,112604500,11:26:05,15515,32169,44306,2498583425,1,-1,77575
pb2204,20220218,20220218,112606500,11:26:07,15515,32170,44306,2498661000,1,0,77575
pb2204,20220218,20220218,112607000,11:26:09,15515,32170,44306,2498661000,0,0,0
pb2204,20220218,20220218,112609000,11:26:10,15515,32190,44287,2500212500,20,-19,1551500
pb2204,20220218,20220218,112609500,11:26:10,15515,32190,44287,2500212500,0,0,0
pb2204,20220218,20220218,112612000,11:26:14,15515,32190,44287,2500212500,0,0,0
pb2204,20220218,20220218,112614500,11:26:15,15515,32191,44287,2500290075,1,0,77575
pb2204,20220218,20220218,112615000,11:26:16,15515,32192,44286,2500367650,1,-1,77575
pb2204,20220218,20220218,112617000,11:26:17,15515,32192,44286,2500367650,0,0,0
pb2204,20220218,20220218,112618500,11:26:19,15515,32192,44286,2500367650,0,0,0
pb2204,20220218,20220218,112620500,11:26:20,15515,32192,44286,2500367650,0,0,0
pb2204,20220218,20220218,112621000,11:26:21,15515,32192,44286,2500367650,0,0,0
pb2204,20220218,20220218,112621500,11:26:21,15515,32192,44286,2500367650,0,0,0
pb2204,20220218,20220218,112626000,11:26:26,15515,32192,44286,2500367650,0,0,0
pb2204,20220218,20220218,112627000,11:26:27,15510,32195,44287,2500600300,3,1,232650
pb2204,20220218,20220218,112628000,11:26:28,15510,32195,44287,2500600300,0,0,0
pb2204,20220218,20220218,112653500,11:27:11,15510,32277,44254,2506958325,82,-33,6358025
pb2204,20220218,20220218,112710000,11:27:12,15510,32277,44254,2506958325,0,0,0
pb2204,20220218,20220218,112712000,11:27:13,15510,32277,44254,2506958325,0,0,0
pb2204,20220218,20220218,112712500,11:27:13,15510,32347,44234,2512386675,70,-20,5428350
pb2204,20220218,20220218,112713500,11:27:14,15510,32348,44234,2512464225,1,0,77550
pb2204,20220218,20220218,112714000,11:27:15,15510,32349,44234,2512541775,1,0,77550
pb2204,20220218,20220218,112714500,11:27:15,15510,32349,44234,2512541775,0,0,0
pb2204,20220218,20220218,112715000,11:27:16,15510,32349,44234,2512541775,0,0,0
pb2204,20220218,20220218,112715500,11:27:16,15505,32350,44234,2512619300,1,0,77525
pb2204,20220218,20220218,112716000,11:27:17,15505,32351,44235,2512696825,1,1,77525
pb2204,20220218,20220218,112716500,11:27:17,15505,32351,44235,2512696825,0,0,0
pb2204,20220218,20220218,112717000,11:27:17,15505,32352,44235,2512774350,1,0,77525
pb2204,20220218,20220218,112719500,11:27:20,15505,32352,44235,2512774350,0,0,0
pb2204,20220218,20220218,112720000,11:27:20,15505,32352,44235,2512774350,0,0,0
pb2204,20220218,20220218,112723000,11:27:26,15505,32352,44235,2512774350,0,0,0
pb2204,20220218,20220218,112723500,11:27:27,15505,32352,44235,2512774350,0,0,0
pb2204,20220218,20220218,112724000,11:27:27,15510,32353,44235,2512851900,1,0,77550
pb2204,20220218,20220218,112726500,11:27:27,15505,32356,44235,2513084475,3,0,232575
pb2204,20220218,20220218,112727000,11:27:27,15505,32357,44235,2513162000,1,0,77525
pb2204,20220218,20220218,112727500,11:27:27,15505,32358,44235,2513239525,1,0,77525
pb2204,20220218,20220218,112728000,11:27:28,15505,32359,44235,2513317050,1,0,77525
pb2204,20220218,20220218,112728500,11:27:28,15505,32360,44235,2513394575,1,0,77525
pb2204,20220218,20220218,112729000,11:27:29,15505,32361,44235,2513472100,1,0,77525
pb2204,20220218,20220218,112729500,11:27:29,15505,32362,44235,2513549625,1,0,77525
pb2204,20220218,20220218,112730000,11:27:30,15505,32363,44236,2513627150,1,1,77525
pb2204,20220218,20220218,112730500,11:27:31,15505,32365,44238,2513782200,2,2,155050
pb2204,20220218,20220218,112731000,11:27:32,15505,32366,44239,2513859725,1,1,77525
pb2204,20220218,20220218,112731500,11:27:35,15505,32367,44240,2513937250,1,1,77525
pb2204,20220218,20220218,112732000,11:27:36,15505,32368,44240,2514014775,1,0,77525
pb2204,20220218,20220218,112732500,11:27:36,15510,32370,44239,2514169850,2,-1,155075
pb2204,20220218,20220218,112734500,11:27:36,15510,32370,44239,2514169850,0,0,0
pb2204,20220218,20220218,112737000,11:27:38,15510,32370,44239,2514169850,0,0,0
pb2204,20220218,20220218,112737500,11:27:38,15510,32370,44239,2514169850,0,0,0
pb2204,20220218,20220218,112740500,11:27:40,15510,32370,44239,2514169850,0,0,0
pb2204,20220218,20220218,112741000,11:27:41,15510,32394,44232,2516030900,24,-7,1861050
pb2204,20220218,20220218,112741500,11:27:42,15510,32394,44232,2516030900,0,0,0
pb2204,20220218,20220218,112742000,11:27:42,15505,32400,44229,2516496050,6,-3,465150
pb2204,20220218,20220218,112742500,11:27:43,15505,32400,44229,2516496050,0,0,0
pb2204,20220218,20220218,112743000,11:27:43,15510,32409,44225,2517194000,9,-4,697950
pb2204,20220218,20220218,112743500,11:27:43,15505,32411,44223,2517349050,2,-2,155050
pb2204,20220218,20220218,112744000,11:27:44,15505,32411,44223,2517349050,0,0,0
pb2204,20220218,20220218,112748500,11:27:54,15505,32411,44223,2517349050,0,0,0
pb2204,20220218,20220218,112749000,11:27:54,15510,32420,44220,2518047000,9,-3,697950
pb2204,20220218,20220218,112749500,11:27:54,15510,32420,44220,2518047000,0,0,0
pb2204,20220218,20220218,112754000,11:27:54,15500,32489,44183,2523395675,69,-37,5348675
pb2204,20220218,20220218,112754500,11:27:54,15500,32489,44183,2523395675,0,0,0
pb2204,20220218,20220218,112755000,11:27:55,15500,32489,44183,2523395675,0,0,0
pb2204,20220218,20220218,112755500,11:27:55,15500,32489,44183,2523395675,0,0,0
pb2204,20220218,20220218,112756000,11:27:56,15500,32489,44183,2523395675,0,0,0
pb2204,20220218,20220218,112756500,11:27:56,15500,32489,44183,2523395675,0,0,0
pb2204,20220218,20220218,112757000,11:27:57,15500,32490,44183,2523473175,1,0,77500
pb2204,20220218,20220218,112758000,11:27:58,15500,32490,44183,2523473175,0,0,0
pb2204,20220218,20220218,112758500,11:27:59,15500,32490,44183,2523473175,0,0,0
pb2204,20220218,20220218,112759000,11:27:59,15500,32490,44183,2523473175,0,0,0
pb2204,20220218,20220218,112759500,11:27:59,15500,32490,44183,2523473175,0,0,0
pb2204,20220218,20220218,112800000,11:28:00,15500,32491,44182,2523550675,1,-1,77500
pb2204,20220218,20220218,112800500,11:28:01,15500,32493,44182,2523705700,2,0,155025
pb2204,20220218,20220218,112801000,11:28:01,15505,32506,44189,2524713525,13,7,1007825
pb2204,20220218,20220218,112801500,11:28:02,15505,32511,44184,2525101150,5,-5,387625
pb2204,20220218,20220218,112802000,11:28:03,15505,32539,44169,2527272225,28,-15,2171075
pb2204,20220218,20220218,112802500,11:28:03,15505,32550,44167,2528125000,11,-2,852775
pb2204,20220218,20220218,112803000,11:28:04,15505,32550,44167,2528125000,0,0,0
pb2204,20220218,20220218,112803500,11:28:04,15510,32552,44168,2528280100,2,1,155100
pb2204,20220218,20220218,112804000,11:28:05,15510,32552,44168,2528280100,0,0,0
pb2204,20220218,20220218,112804500,11:28:05,15510,32558,44166,2528745400,6,-2,465300
pb2204,20220218,20220218,112805000,11:28:06,15510,32558,44166,2528745400,0,0,0
pb2204,20220218,20220218,112805500,11:28:06,15510,32558,44166,2528745400,0,0,0
pb2204,20220218,20220218,112806000,11:28:10,15510,32558,44166,2528745400,0,0,0
pb2204,20220218,20220218,112806500,11:28:10,15505,32563,44166,2529133025,5,0,387625
pb2204,20220218,20220218,112807000,11:28:10,15505,32568,44166,2529520650,5,0,387625
pb2204,20220218,20220218,112810000,11:28:11,15510,32569,44166,2529598200,1,0,77550
pb2204,20220218,20220218,112811500,11:28:12,15505,32579,44166,2530373450,10,0,775250
pb2204,20220218,20220218,112812000,11:28:13,15505,32579,44166,2530373450,0,0,0
pb2204,20220218,20220218,112813500,11:28:14,15505,32579,44166,2530373450,0,0,0
pb2204,20220218,20220218,112814500,11:28:14,15505,32579,44166,2530373450,0,0,0
pb2204,20220218,20220218,112815500,11:28:15,15505,32579,44166,2530373450,0,0,0
pb2204,20220218,20220218,112817000,11:28:17,15505,32579,44166,2530373450,0,0,0
pb2204,20220218,20220218,112817500,11:28:17,15505,32589,44164,2531148700,10,-2,775250
pb2204,20220218,20220218,112818000,11:28:18,15505,32589,44164,2531148700,0,0,0
pb2204,20220218,20220218,112819500,11:28:19,15505,32589,44164,2531148700,0,0,0
pb2204,20220218,20220218,112821000,11:28:21,15505,32589,44164,2531148700,0,0,0
pb2204,20220218,20220218,112822500,11:28:22,15505,32589,44164,2531148700,0,0,0
pb2204,20220218,20220218,112823000,11:28:23,15505,32597,44156,2531768900,8,-8,620200
pb2204,20220218,20220218,112823500,11:28:23,15505,32601,44157,2532079000,4,1,310100
pb2204,20220218,20220218,112824000,11:28:24,15505,32601,44157,2532079000,0,0,0
pb2204,20220218,20220218,112824500,11:28:24,15505,32601,44157,2532079000,0,0,0
pb2204,20220218,20220218,112825000,11:28:25,15505,32601,44157,2532079000,0,0,0
pb2204,20220218,20220218,112825500,11:28:25,15505,32601,44157,2532079000,0,0,0
pb2204,20220218,20220218,112826000,11:28:26,15505,32601,44157,2532079000,0,0,0
pb2204,20220218,20220218,112827500,11:28:27,15505,32601,44157,2532079000,0,0,0
pb2204,20220218,20220218,112828000,11:28:28,15505,32601,44157,2532079000,0,0,0
pb2204,20220218,20220218,112828500,11:28:28,15505,32608,44151,2532621675,7,-6,542675
pb2204,20220218,20220218,112829000,11:28:29,15505,32613,44151,2533009300,5,0,387625
pb2204,20220218,20220218,112829500,11:28:30,15505,32613,44151,2533009300,0,0,0
pb2204,20220218,20220218,112830000,11:28:30,15505,32616,44150,2533241875,3,-1,232575
pb2204,20220218,20220218,112830500,11:28:31,15505,32616,44150,2533241875,0,0,0
pb2204,20220218,20220218,112831000,11:28:31,15505,32616,44150,2533241875,0,0,0
pb2204,20220218,20220218,112831500,11:28:31,15505,32616,44150,2533241875,0,0,0
pb2204,20220218,20220218,112832000,11:28:32,15505,32616,44150,2533241875,0,0,0
pb2204,20220218,20220218,112832500,11:28:33,15505,32616,44150,2533241875,0,0,0
pb2204,20220218,20220218,112833000,11:28:33,15505,32616,44150,2533241875,0,0,0
pb2204,20220218,20220218,112833500,11:28:34,15505,32616,44150,2533241875,0,0,0
pb2204,20220218,20220218,112834000,11:28:34,15505,32616,44150,2533241875,0,0,0
pb2204,20220218,20220218,112834500,11:28:34,15505,32616,44150,2533241875,0,0,0
pb2204,20220218,20220218,112837500,11:28:37,15505,32616,44150,2533241875,0,0,0
pb2204,20220218,20220218,112839500,11:28:40,15510,32625,44143,2533939825,9,-7,697950
pb2204,20220218,20220218,112840000,11:28:40,15510,32633,44150,2534560225,8,7,620400
pb2204,20220218,20220218,112840500,11:28:40,15510,32633,44150,2534560225,0,0,0
pb2204,20220218,20220218,112841000,11:28:41,15515,32634,44149,2534637800,1,-1,77575
pb2204,20220218,20220218,112841500,11:28:41,15515,32634,44149,2534637800,0,0,0
pb2204,20220218,20220218,112842000,11:28:42,15515,32634,44149,2534637800,0,0,0
pb2204,20220218,20220218,112842500,11:28:42,15515,32634,44149,2534637800,0,0,0
pb2204,20220218,20220218,112843000,11:28:43,15515,32635,44148,2534715375,1,-1,77575
pb2204,20220218,20220218,112845000,11:28:45,15515,32635,44148,2534715375,0,0,0
pb2204,20220218,20220218,112848000,11:28:48,15510,32637,44148,2534870475,2,0,155100
pb2204,20220218,20220218,112850000,11:28:50,15510,32637,44148,2534870475,0,0,0
pb2204,20220218,20220218,112850500,11:28:50,15515,32638,44148,2534948050,1,0,77575
pb2204,20220218,20220218,112851000,11:28:51,15515,32647,44145,2535646225,9,-3,698175
pb2204,20220218,20220218,112851500,11:28:51,15515,32647,44145,2535646225,0,0,0
pb2204,20220218,20220218,112852000,11:28:53,15515,32649,44145,2535801375,2,0,155150
pb2204,20220218,20220218,112852500,11:28:53,15515,32650,44146,2535878950,1,1,77575
pb2204,20220218,20220218,112853000,11:28:54,15510,32654,44145,2536189225,4,-1,310275
pb2204,20220218,20220218,112853500,11:28:54,15510,32654,44145,2536189225,0,0,0
pb2204,20220218,20220218,112856000,11:28:56,15510,32654,44145,2536189225,0,0,0
pb2204,20220218,20220218,112856500,11:28:56,15520,32655,44145,2536266825,1,0,77600
pb2204,20220218,20220218,112857500,11:28:58,15520,32655,44145,2536266825,0,0,0
pb2204,20220218,20220218,112858000,11:28:59,15520,32655,44145,2536266825,0,0,0
pb2204,20220218,20220218,112859000,11:28:59,15520,32655,44145,2536266825,0,0,0
pb2204,20220218,20220218,112859500,11:29:00,15520,32655,44145,2536266825,0,0,0
pb2204,20220218,20220218,112900000,11:29:00,15520,32655,44145,2536266825,0,0,0
pb2204,20220218,20220218,112900500,11:29:01,15520,32655,44145,2536266825,0,0,0
pb2204,20220218,20220218,112902500,11:29:03,15520,32655,44145,2536266825,0,0,0
pb2204,20220218,20220218,112903000,11:29:03,15520,32655,44145,2536266825,0,0,0
pb2204,20220218,20220218,112903500,11:29:04,15515,32659,44141,2536577125,4,-4,310300
pb2204,20220218,20220218,112904000,11:29:04,15515,32659,44141,2536577125,0,0,0
pb2204,20220218,20220218,112904500,11:29:04,15515,32659,44141,2536577125,0,0,0
pb2204,20220218,20220218,112908500,11:29:08,15515,32659,44141,2536577125,0,0,0
pb2204,20220218,20220218,112909500,11:29:09,15515,32659,44141,2536577125,0,0,0
pb2204,20220218,20220218,112910000,11:29:10,15515,32659,44141,2536577125,0,0,0
pb2204,20220218,20220218,112910500,11:29:10,15515,32659,44141,2536577125,0,0,0
pb2204,20220218,20220218,112911500,11:29:12,15515,32659,44141,2536577125,0,0,0
pb2204,20220218,20220218,112914500,11:29:15,15515,32659,44141,2536577125,0,0,0
pb2204,20220218,20220218,112915000,11:29:15,15515,32659,44141,2536577125,0,0,0
pb2204,20220218,20220218,112915500,11:29:16,15510,32660,44141,2536654675,1,0,77550
pb2204,20220218,20220218,112920500,11:29:22,15510,32660,44141,2536654675,0,0,0
pb2204,20220218,20220218,112921000,11:29:22,15510,32660,44141,2536654675,0,0,0
pb2204,20220218,20220218,112921500,11:29:24,15510,32660,44141,2536654675,0,0,0
pb2204,20220218,20220218,112922500,11:29:24,15510,32660,44141,2536654675,0,0,0
pb2204,20220218,20220218,112923000,11:29:24,15515,32661,44141,2536732250,1,0,77575
pb2204,20220218,20220218,112923500,11:29:24,15515,32661,44141,2536732250,0,0,0
pb2204,20220218,20220218,112927000,11:29:27,15515,32661,44141,2536732250,0,0,0
pb2204,20220218,20220218,112927500,11:29:27,15515,32664,44142,2536964950,3,1,232700
pb2204,20220218,20220218,112928000,11:29:28,15510,32666,44144,2537120075,2,2,155125
pb2204,20220218,20220218,112928500,11:29:28,15510,32667,44145,2537197625,1,1,77550
pb2204,20220218,20220218,112929000,11:29:29,15510,32676,44150,2537895575,9,5,697950
pb2204,20220218,20220218,112929500,11:29:29,15510,32676,44150,2537895575,0,0,0
pb2204,20220218,20220218,112930000,11:29:30,15505,32680,44146,2538205675,4,-4,310100
pb2204,20220218,20220218,112931000,11:29:32,15515,32682,44144,2538360825,2,-2,155150
pb2204,20220218,20220218,112932000,11:29:32,15515,32682,44144,2538360825,0,0,0
pb2204,20220218,20220218,112933500,11:29:38,15515,32682,44144,2538360825,0,0,0
pb2204,20220218,20220218,112935000,11:29:38,15515,32682,44144,2538360825,0,0,0
pb2204,20220218,20220218,112937500,11:29:38,15515,32682,44144,2538360825,0,0,0
pb2204,20220218,20220218,112938000,11:29:38,15515,32682,44144,2538360825,0,0,0
pb2204,20220218,20220218,112938500,11:29:39,15515,32682,44144,2538360825,0,0,0
pb2204,20220218,20220218,112939500,11:29:40,15510,32683,44144,2538438375,1,0,77550
pb2204,20220218,20220218,112940000,11:29:40,15515,32691,44144,2539058975,8,0,620600
pb2204,20220218,20220218,112942000,11:29:44,15515,32691,44144,2539058975,0,0,0
pb2204,20220218,20220218,112942500,11:29:44,15515,32691,44144,2539058975,0,0,0
pb2204,20220218,20220218,112943500,11:29:45,15515,32691,44144,2539058975,0,0,0
pb2204,20220218,20220218,112945500,11:29:46,15510,32693,44142,2539214075,2,-2,155100
pb2204,20220218,20220218,112946000,11:29:46,15510,32694,44142,2539291625,1,0,77550
pb2204,20220218,20220218,112946500,11:29:47,15510,32694,44142,2539291625,0,0,0
pb2204,20220218,20220218,112947000,11:29:47,15510,32694,44142,2539291625,0,0,0
pb2204,20220218,20220218,112947500,11:29:48,15510,32694,44142,2539291625,0,0,0
pb2204,20220218,20220218,112948000,11:29:49,15510,32694,44142,2539291625,0,0,0
pb2204,20220218,20220218,112948500,11:29:50,15510,32694,44142,2539291625,0,0,0
pb2204,20220218,20220218,112949500,11:29:50,15510,32695,44141,2539369175,1,-1,77550
pb2204,20220218,20220218,112950000,11:29:51,15510,32695,44141,2539369175,0,0,0
pb2204,20220218,20220218,112950500,11:29:51,15505,32699,44137,2539679275,4,-4,310100
pb2204,20220218,20220218,112951500,11:29:52,15505,32700,44137,2539756800,1,0,77525
pb2204,20220218,20220218,112952000,11:29:53,15505,32700,44137,2539756800,0,0,0
pb2204,20220218,20220218,112953000,11:29:53,15505,32700,44137,2539756800,0,0,0
pb2204,20220218,20220218,112953500,11:29:54,15510,32701,44137,2539834350,1,0,77550
pb2204,20220218,20220218,112955500,11:29:56,15510,32704,44137,2540067000,3,0,232650
pb2204,20220218,20220218,112956000,11:29:56,15510,32705,44138,2540144550,1,1,77550
pb2204,20220218,20220218,112956500,11:30:00,15510,32705,44138,2540144550,0,0,0
pb2204,20220218,20220218,112957000,11:30:01,15510,32705,44138,2540144550,0,0,0
pb2204,20220218,20220218,112957500,11:30:02,15510,32705,44138,2540144550,0,0,0
pb2204,20220218,20220218,112959500,11:30:02,15505,32706,44137,2540222075,1,-1,77525
pb2204,20220218,20220218,113000000,11:30:03,15510,32707,44138,2540299625,1,1,77550
pb2204,20220218,20220218,113001000,11:30:03,15510,32707,44138,2540299625,0,0,0
pb2204,20220218,20220218,113001500,11:30:03,15510,32707,44138,2540299625,0,0,0
pb2204,20220218,20220218,133002000,13:30:08,15505,32712,44141,2540687275,5,3,387650
pb2204,20220218,20220218,133002500,13:30:10,15505,32717,44144,2541074900,5,3,387625
pb2204,20220218,20220218,133008000,13:30:10,15515,32762,44150,2544564925,45,6,3490025
pb2204,20220218,20220218,133009000,13:30:10,15515,32762,44150,2544564925,0,0,0
pb2204,20220218,20220218,133010000,13:30:11,15515,32762,44150,2544564925,0,0,0
pb2204,20220218,20220218,133010500,13:30:12,15515,32762,44150,2544564925,0,0,0
pb2204,20220218,20220218,133011000,13:30:13,15515,32762,44150,2544564925,0,0,0
pb2204,20220218,20220218,133011500,13:30:13,15515,32762,44150,2544564925,0,0,0
pb2204,20220218,20220218,133012500,13:30:13,15520,32778,44152,2545806250,16,2,1241325
pb2204,20220218,20220218,133013000,13:30:14,15520,32778,44152,2545806250,0,0,0
pb2204,20220218,20220218,133013500,13:30:14,15520,32780,44152,2545961450,2,0,155200
pb2204,20220218,20220218,133014000,13:30:15,15520,32780,44152,2545961450,0,0,0
pb2204,20220218,20220218,133014500,13:30:16,15520,32780,44152,2545961450,0,0,0
pb2204,20220218,20220218,133015000,13:30:17,15520,32780,44152,2545961450,0,0,0
pb2204,20220218,20220218,133016500,13:30:18,15520,32780,44152,2545961450,0,0,0
pb2204,20220218,20220218,133017000,13:30:18,15520,32780,44152,2545961450,0,0,0
pb2204,20220218,20220218,133018000,13:30:19,15520,32780,44152,2545961450,0,0,0
pb2204,20220218,20220218,133018500,13:30:20,15520,32780,44152,2545961450,0,0,0
pb2204,20220218,20220218,133019000,13:30:20,15520,32780,44152,2545961450,0,0,0
pb2204,20220218,20220218,133019500,13:30:20,15520,32780,44152,2545961450,0,0,0
pb2204,20220218,20220218,133020000,13:30:21,15520,32780,44152,2545961450,0,0,0
pb2204,20220218,20220218,133020500,13:30:21,15520,32780,44152,2545961450,0,0,0
pb2204,20220218,20220218,133021500,13:30:22,15520,32780,44152,2545961450,0,0,0
pb2204,20220218,20220218,133022000,13:30:38,15520,32780,44152,2545961450,0,0,0
pb2204,20220218,20220218,133022500,13:30:38,15520,32780,44152,2545961450,0,0,0
pb2204,20220218,20220218,133023000,13:30:38,15520,32784,44154,2546271850,4,2,310400
pb2204,20220218,20220218,133037500,13:30:40,15520,32784,44154,2546271850,0,0,0
pb2204,20220218,20220218,133038500,13:30:41,15520,32784,44154,2546271850,0,0,0
pb2204,20220218,20220218,133040500,13:30:43,15520,32784,44154,2546271850,0,0,0
pb2204,20220218,20220218,133041000,13:30:43,15520,32784,44154,2546271850,0,0,0
pb2204,20220218,20220218,133041500,13:30:43,15520,32784,44154,2546271850,0,0,0
pb2204,20220218,20220218,133042500,13:30:44,15520,32784,44154,2546271850,0,0,0
pb2204,20220218,20220218,133043000,13:30:44,15520,32784,44154,2546271850,0,0,0
pb2204,20220218,20220218,133044500,13:30:46,15520,32784,44154,2546271850,0,0,0
pb2204,20220218,20220218,133045500,13:30:46,15520,32784,44154,2546271850,0,0,0
pb2204,20220218,20220218,133046000,13:30:47,15520,32784,44154,2546271850,0,0,0
pb2204,20220218,20220218,133046500,13:30:47,15520,32784,44154,2546271850,0,0,0
pb2204,20220218,20220218,133048000,13:30:48,15520,32784,44154,2546271850,0,0,0
pb2204,20220218,20220218,133048500,13:30:49,15520,32784,44154,2546271850,0,0,0
pb2204,20220218,20220218,133051000,13:30:52,15520,32784,44154,2546271850,0,0,0
pb2204,20220218,20220218,133051500,13:30:52,15520,32784,44154,2546271850,0,0,0
pb2204,20220218,20220218,133052000,13:30:53,15520,32784,44154,2546271850,0,0,0
pb2204,20220218,20220218,133052500,13:30:54,15520,32784,44154,2546271850,0,0,0
pb2204,20220218,20220218,133053000,13:30:54,15520,32784,44154,2546271850,0,0,0
pb2204,20220218,20220218,133053500,13:30:54,15530,32816,44145,2548755500,32,-9,2483650
pb2204,20220218,20220218,133054000,13:30:55,15530,32817,44145,2548833150,1,0,77650
pb2204,20220218,20220218,133054500,13:30:55,15530,32817,44145,2548833150,0,0,0
pb2204,20220218,20220218,133055000,13:30:56,15530,32817,44145,2548833150,0,0,0
pb2204,20220218,20220218,133055500,13:30:56,15530,32817,44145,2548833150,0,0,0
pb2204,20220218,20220218,133056000,13:30:57,15530,32817,44145,2548833150,0,0,0
pb2204,20220218,20220218,133056500,13:30:57,15530,32817,44145,2548833150,0,0,0
pb2204,20220218,20220218,133057000,13:30:58,15530,32817,44145,2548833150,0,0,0
pb2204,20220218,20220218,133057500,13:30:58,15530,32817,44145,2548833150,0,0,0
pb2204,20220218,20220218,133058000,13:30:58,15530,32817,44145,2548833150,0,0,0
pb2204,20220218,20220218,133058500,13:30:59,15530,32817,44145,2548833150,0,0,0
pb2204,20220218,20220218,133059000,13:30:59,15530,32817,44145,2548833150,0,0,0
pb2204,20220218,20220218,133059500,13:31:00,15530,32817,44145,2548833150,0,0,0
pb2204,20220218,20220218,133100000,13:31:00,15530,32817,44145,2548833150,0,0,0
pb2204,20220218,20220218,133101000,13:31:01,15530,32817,44145,2548833150,0,0,0
pb2204,20220218,20220218,133101500,13:31:01,15530,32836,44146,2550308500,19,1,1475350
pb2204,20220218,20220218,133102000,13:31:02,15530,32836,44146,2550308500,0,0,0
pb2204,20220218,20220218,133102500,13:31:03,15530,32836,44146,2550308500,0,0,0
pb2204,20220218,20220218,133103000,13:31:03,15530,32836,44146,2550308500,0,0,0
pb2204,20220218,20220218,133103500,13:31:04,15530,32836,44146,2550308500,0,0,0
pb2204,20220218,20220218,133104000,13:31:06,15530,32836,44146,2550308500,0,0,0
pb2204,20220218,20220218,133105500,13:31:08,15530,32836,44146,2550308500,0,0,0
pb2204,20220218,20220218,133107000,13:31:09,15530,32836,44146,2550308500,0,0,0
pb2204,20220218,20220218,133108500,13:31:09,15530,32836,44146,2550308500,0,0,0
pb2204,20220218,20220218,133110500,13:31:11,15530,32836,44146,2550308500,0,0,0
pb2204,20220218,20220218,133113500,13:31:14,15530,32836,44146,2550308500,0,0,0
pb2204,20220218,20220218,133114000,13:31:15,15530,32836,44146,2550308500,0,0,0
pb2204,20220218,20220218,133115000,13:31:15,15530,32836,44146,2550308500,0,0,0
pb2204,20220218,20220218,133115500,13:31:16,15530,32836,44146,2550308500,0,0,0
pb2204,20220218,20220218,133116000,13:31:16,15535,32844,44139,2550929900,8,-7,621400
pb2204,20220218,20220218,133116500,13:31:17,15535,32844,44139,2550929900,0,0,0
pb2204,20220218,20220218,133117000,13:31:17,15535,32845,44139,2551007575,1,0,77675
pb2204,20220218,20220218,133118000,13:31:19,15535,32847,44137,2551162925,2,-2,155350
pb2204,20220218,20220218,133118500,13:31:19,15535,32848,44136,2551240600,1,-1,77675
pb2204,20220218,20220218,133119000,13:31:19,15540,32849,44136,2551318300,1,0,77700
pb2204,20220218,20220218,133119500,13:31:20,15540,32850,44136,2551396000,1,0,77700
pb2204,20220218,20220218,133120000,13:31:20,15540,32850,44136,2551396000,0,0,0
pb2204,20220218,20220218,133120500,13:31:21,15540,32852,44134,2551551400,2,-2,155400
pb2204,20220218,20220218,133121000,13:31:21,15540,32852,44134,2551551400,0,0,0
pb2204,20220218,20220218,133121500,13:31:22,15540,32852,44134,2551551400,0,0,0
pb2204,20220218,20220218,133122000,13:31:22,15540,32852,44134,2551551400,0,0,0
pb2204,20220218,20220218,133122500,13:31:25,15540,32861,44135,2552250700,9,1,699300
pb2204,20220218,20220218,133123000,13:31:25,15535,32873,44133,2553182800,12,-2,932100
pb2204,20220218,20220218,133123500,13:31:25,15535,32883,44133,2553959550,10,0,776750
pb2204,20220218,20220218,133124000,13:31:25,15535,32890,44131,2554503275,7,-2,543725
pb2204,20220218,20220218,133124500,13:31:25,15535,32890,44131,2554503275,0,0,0
pb2204,20220218,20220218,133156000,13:31:56,15535,32891,44131,2554580950,1,0,77675
pb2204,20220218,20220218,133158000,13:31:58,15535,32891,44131,2554580950,0,0,0
pb2204,20220218,20220218,133158500,13:31:58,15535,32891,44131,2554580950,0,0,0
pb2204,20220218,20220218,133159500,13:32:00,15535,32894,44131,2554813975,3,0,233025
pb2204,20220218,20220218,133200500,13:32:01,15535,32894,44131,2554813975,0,0,0
pb2204,20220218,20220218,133201000,13:32:01,15535,32962,44120,2560095825,68,-11,5281850
pb2204,20220218,20220218,133201500,13:32:01,15535,32962,44120,2560095825,0,0,0
pb2204,20220218,20220218,133202000,13:32:03,15535,32962,44120,2560095825,0,0,0
pb2204,20220218,20220218,133202500,13:32:04,15535,32962,44120,2560095825,0,0,0
pb2204,20220218,20220218,133203000,13:32:05,15535,32962,44120,2560095825,0,0,0
pb2204,20220218,20220218,133203500,13:32:05,15535,32962,44120,2560095825,0,0,0
pb2204,20220218,20220218,133204000,13:32:05,15530,32977,44116,2561260575,15,-4,1164750
pb2204,20220218,20220218,133205000,13:32:06,15530,32977,44116,2561260575,0,0,0
pb2204,20220218,20220218,133205500,13:32:06,15530,32977,44116,2561260575,0,0,0
pb2204,20220218,20220218,133206500,13:32:07,15530,32986,44114,2561959425,9,-2,698850
pb2204,20220218,20220218,133207000,13:32:07,15530,32986,44114,2561959425,0,0,0
pb2204,20220218,20220218,133207500,13:32:07,15530,32986,44114,2561959425,0,0,0
pb2204,20220218,20220218,133208000,13:32:09,15530,32986,44114,2561959425,0,0,0
pb2204,20220218,20220218,133208500,13:32:10,15530,32986,44114,2561959425,0,0,0
pb2204,20220218,20220218,133210000,13:32:11,15530,32986,44114,2561959425,0,0,0
pb2204,20220218,20220218,133210500,13:32:13,15530,33006,44100,2563512425,20,-14,1553000
pb2204,20220218,20220218,133211000,13:32:14,15530,33006,44100,2563512425,0,0,0
pb2204,20220218,20220218,133212500,13:32:15,15530,33006,44100,2563512425,0,0,0
pb2204,20220218,20220218,133216500,13:32:17,15530,33006,44100,2563512425,0,0,0
pb2204,20220218,20220218,133217500,13:32:18,15530,33006,44100,2563512425,0,0,0
pb2204,20220218,20220218,133220500,13:32:21,15530,33006,44100,2563512425,0,0,0
pb2204,20220218,20220218,133221000,13:32:21,15530,33007,44101,2563590075,1,1,77650
pb2204,20220218,20220218,133222000,13:32:22,15530,33008,44100,2563667725,1,-1,77650
pb2204,20220218,20220218,133223000,13:32:24,15530,33008,44100,2563667725,0,0,0
pb2204,20220218,20220218,133223500,13:32:24,15530,33009,44100,2563745375,1,0,77650
pb2204,20220218,20220218,133225000,13:32:25,15530,33009,44100,2563745375,0,0,0
pb2204,20220218,20220218,133225500,13:32:25,15530,33009,44100,2563745375,0,0,0
pb2204,20220218,20220218,133226000,13:32:27,15530,33009,44100,2563745375,0,0,0
pb2204,20220218,20220218,133226500,13:32:27,15530,33009,44100,2563745375,0,0,0
pb2204,20220218,20220218,133227000,13:32:27,15530,33009,44100,2563745375,0,0,0
pb2204,20220218,20220218,133227500,13:32:28,15530,33009,44100,2563745375,0,0,0
pb2204,20220218,20220218,133230000,13:32:35,15530,33009,44100,2563745375,0,0,0
pb2204,20220218,20220218,133235000,13:32:36,15530,33026,44103,2565065425,17,3,1320050
pb2204,20220218,20220218,133235500,13:32:36,15530,33026,44103,2565065425,0,0,0
pb2204,20220218,20220218,133236000,13:32:37,15530,33026,44103,2565065425,0,0,0
pb2204,20220218,20220218,133236500,13:32:37,15530,33026,44103,2565065425,0,0,0
pb2204,20220218,20220218,133237500,13:32:37,15530,33027,44103,2565143075,1,0,77650
pb2204,20220218,20220218,133238500,13:32:39,15530,33027,44103,2565143075,0,0,0
pb2204,20220218,20220218,133239000,13:32:39,15530,33028,44103,2565220725,1,0,77650
pb2204,20220218,20220218,133239500,13:32:40,15530,33028,44103,2565220725,0,0,0
pb2204,20220218,20220218,133244000,13:32:44,15530,33028,44103,2565220725,0,0,0
pb2204,20220218,20220218,133244500,13:32:45,15530,33034,44106,2565686625,6,3,465900
pb2204,20220218,20220218,133245000,13:32:45,15530,33034,44106,2565686625,0,0,0
pb2204,20220218,20220218,133245500,13:32:45,15530,33034,44106,2565686625,0,0,0
pb2204,20220218,20220218,133246000,13:32:47,15530,33034,44106,2565686625,0,0,0
pb2204,20220218,20220218,133246500,13:32:47,15530,33034,44106,2565686625,0,0,0
pb2204,20220218,20220218,133247000,13:32:47,15530,33034,44106,2565686625,0,0,0
pb2204,20220218,20220218,133249000,13:32:49,15530,33039,44106,2566074875,5,0,388250
pb2204,20220218,20220218,133249500,13:32:50,15530,33039,44106,2566074875,0,0,0
pb2204,20220218,20220218,133256000,13:32:56,15530,33039,44106,2566074875,0,0,0
pb2204,20220218,20220218,133259000,13:33:01,15530,33039,44106,2566074875,0,0,0
pb2204,20220218,20220218,133302500,13:33:03,15525,33040,44107,2566152500,1,1,77625
pb2204,20220218,20220218,133303000,13:33:04,15525,33040,44107,2566152500,0,0,0
pb2204,20220218,20220218,133303500,13:33:04,15525,33040,44107,2566152500,0,0,0
pb2204,20220218,20220218,133304000,13:33:04,15525,33040,44107,2566152500,0,0,0
pb2204,20220218,20220218,133304500,13:33:05,15525,33050,44099,2566928750,10,-8,776250
pb2204,20220218,20220218,133305000,13:33:05,15525,33050,44099,2566928750,0,0,0
pb2204,20220218,20220218,133305500,13:33:05,15525,33050,44099,2566928750,0,0,0
pb2204,20220218,20220218,133306000,13:33:06,15525,33053,44098,2567161625,3,-1,232875
pb2204,20220218,20220218,133306500,13:33:06,15525,33060,44094,2567705000,7,-4,543375
pb2204,20220218,20220218,133307000,13:33:07,15525,33064,44093,2568015500,4,-1,310500
pb2204,20220218,20220218,133307500,13:33:08,15525,33064,44093,2568015500,0,0,0
pb2204,20220218,20220218,133308000,13:33:08,15525,33064,44093,2568015500,0,0,0
pb2204,20220218,20220218,133309000,13:33:09,15525,33064,44093,2568015500,0,0,0
pb2204,20220218,20220218,133312000,13:33:14,15525,33064,44093,2568015500,0,0,0
pb2204,20220218,20220218,133313500,13:33:15,15525,33064,44093,2568015500,0,0,0
pb2204,20220218,20220218,133314500,13:33:17,15525,33064,44093,2568015500,0,0,0
pb2204,20220218,20220218,133315000,13:33:18,15525,33076,44091,2568947000,12,-2,931500
pb2204,20220218,20220218,133315500,13:33:18,15525,33076,44091,2568947000,0,0,0
pb2204,20220218,20220218,133317000,13:33:18,15520,33112,44102,2571741075,36,11,2794075
pb2204,20220218,20220218,133318000,13:33:19,15520,33112,44102,2571741075,0,0,0
pb2204,20220218,20220218,133318500,13:33:19,15520,33112,44102,2571741075,0,0,0
pb2204,20220218,20220218,133320000,13:33:21,15520,33112,44102,2571741075,0,0,0
pb2204,20220218,20220218,133321500,13:33:22,15520,33112,44102,2571741075,0,0,0
pb2204,20220218,20220218,133322000,13:33:22,15520,33112,44102,2571741075,0,0,0
pb2204,20220218,20220218,133322500,13:33:22,15520,33112,44102,2571741075,0,0,0
pb2204,20220218,20220218,133323000,13:33:23,15520,33112,44102,2571741075,0,0,0
pb2204,20220218,20220218,133323500,13:33:24,15520,33112,44102,2571741075,0,0,0
pb2204,20220218,20220218,133324500,13:33:25,15520,33129,44097,2573060450,17,-5,1319375
pb2204,20220218,20220218,133325000,13:33:26,15520,33136,44097,2573603650,7,0,543200
pb2204,20220218,20220218,133325500,13:33:27,15520,33137,44097,2573681250,1,0,77600
pb2204,20220218,20220218,133326000,13:33:27,15520,33141,44097,2573991650,4,0,310400
pb2204,20220218,20220218,133326500,13:33:29,15520,33141,44097,2573991650,0,0,0
pb2204,20220218,20220218,133327000,13:33:29,15520,33145,44094,2574302050,4,-3,310400
pb2204,20220218,20220218,133328500,13:33:30,15520,33145,44094,2574302050,0,0,0
pb2204,20220218,20220218,133329500,13:33:30,15520,33145,44094,2574302050,0,0,0
pb2204,20220218,20220218,133330000,13:33:30,15520,33149,44096,2574612450,4,2,310400
pb2204,20220218,20220218,133330500,13:33:31,15520,33149,44096,2574612450,0,0,0
pb2204,20220218,20220218,133331500,13:33:32,15520,33154,44092,2575000450,5,-4,388000
pb2204,20220218,20220218,133332500,13:33:33,15520,33154,44092,2575000450,0,0,0
pb2204,20220218,20220218,133333000,13:33:33,15515,33155,44093,2575078025,1,1,77575
pb2204,20220218,20220218,133333500,13:33:33,15515,33155,44093,2575078025,0,0,0
pb2204,20220218,20220218,133334000,13:33:34,15515,33155,44093,2575078025,0,0,0
pb2204,20220218,20220218,133334500,13:33:34,15515,33155,44093,2575078025,0,0,0
pb2204,20220218,20220218,133335000,13:33:35,15515,33155,44093,2575078025,0,0,0
pb2204,20220218,20220218,133340000,13:33:40,15520,33161,44095,2575543625,6,2,465600
pb2204,20220218,20220218,133340500,13:33:41,15520,33161,44095,2575543625,0,0,0
pb2204,20220218,20220218,133341000,13:33:41,15520,33166,44093,2575931625,5,-2,388000
pb2204,20220218,20220218,133341500,13:33:42,15525,33172,44088,2576397250,6,-5,465625
pb2204,20220218,20220218,133342000,13:33:42,15525,33172,44088,2576397250,0,0,0
pb2204,20220218,20220218,133342500,13:33:42,15525,33172,44088,2576397250,0,0,0
pb2204,20220218,20220218,133343000,13:33:43,15525,33172,44088,2576397250,0,0,0
pb2204,20220218,20220218,133344000,13:33:44,15525,33172,44088,2576397250,0,0,0
pb2204,20220218,20220218,133347500,13:33:49,15520,33173,44087,2576474850,1,-1,77600
pb2204,20220218,20220218,133348000,13:33:49,15520,33173,44087,2576474850,0,0,0
pb2204,20220218,20220218,133350000,13:33:50,15520,33173,44087,2576474850,0,0,0
pb2204,20220218,20220218,133350500,13:33:50,15520,33173,44087,2576474850,0,0,0
pb2204,20220218,20220218,133352000,13:33:52,15520,33173,44087,2576474850,0,0,0
pb2204,20220218,20220218,133355500,13:33:56,15520,33176,44087,2576707650,3,0,232800
pb2204,20220218,20220218,133356000,13:33:57,15520,33176,44087,2576707650,0,0,0
pb2204,20220218,20220218,133356500,13:33:57,15520,33176,44087,2576707650,0,0,0
pb2204,20220218,20220218,133358500,13:33:59,15520,33176,44087,2576707650,0,0,0
pb2204,20220218,20220218,133400500,13:34:01,15520,33176,44087,2576707650,0,0,0
pb2204,20220218,20220218,133401000,13:34:01,15520,33176,44087,2576707650,0,0,0
pb2204,20220218,20220218,133402500,13:34:10,15520,33176,44087,2576707650,0,0,0
pb2204,20220218,20220218,133406500,13:34:12,15515,33188,44082,2577638750,12,-5,931100
pb2204,20220218,20220218,133413500,13:34:14,15515,33189,44082,2577716325,1,0,77575
pb2204,20220218,20220218,133414000,13:34:14,15515,33189,44082,2577716325,0,0,0
pb2204,20220218,20220218,133417000,13:34:17,15515,33190,44082,2577793900,1,0,77575
pb2204,20220218,20220218,133418500,13:34:19,15515,33190,44082,2577793900,0,0,0
pb2204,20220218,20220218,133419000,13:34:19,15515,33191,44082,2577871475,1,0,77575
pb2204,20220218,20220218,133421500,13:34:23,15515,33192,44083,2577949050,1,1,77575
pb2204,20220218,20220218,133423000,13:34:24,15515,33206,44090,2579035100,14,7,1086050
pb2204,20220218,20220218,133423500,13:34:24,15515,33206,44090,2579035100,0,0,0
pb2204,20220218,20220218,133424000,13:34:24,15515,33206,44090,2579035100,0,0,0
pb2204,20220218,20220218,133424500,13:34:24,15515,33206,44090,2579035100,0,0,0
pb2204,20220218,20220218,133425000,13:34:25,15515,33207,44091,2579112675,1,1,77575
pb2204,20220218,20220218,133426500,13:34:26,15515,33222,44083,2580276300,15,-8,1163625
pb2204,20220218,20220218,133427000,13:34:27,15515,33229,44076,2580819325,7,-7,543025
pb2204,20220218,20220218,133428500,13:34:29,15515,33229,44076,2580819325,0,0,0
pb2204,20220218,20220218,133429000,13:34:29,15515,33229,44076,2580819325,0,0,0
pb2204,20220218,20220218,133429500,13:34:29,15515,33229,44076,2580819325,0,0,0
pb2204,20220218,20220218,133432000,13:34:32,15515,33229,44076,2580819325,0,0,0
pb2204,20220218,20220218,133432500,13:34:32,15515,33229,44076,2580819325,0,0,0
pb2204,20220218,20220218,133433000,13:34:33,15515,33229,44076,2580819325,0,0,0
pb2204,20220218,20220218,133436500,13:34:36,15515,33229,44076,2580819325,0,0,0
pb2204,20220218,20220218,133437000,13:34:37,15515,33232,44074,2581052050,3,-2,232725
pb2204,20220218,20220218,133437500,13:34:38,15515,33232,44074,2581052050,0,0,0
pb2204,20220218,20220218,133438000,13:34:38,15515,33232,44074,2581052050,0,0,0
pb2204,20220218,20220218,133441500,13:34:42,15520,33233,44073,2581129650,1,-1,77600
pb2204,20220218,20220218,133444500,13:34:46,15520,33233,44073,2581129650,0,0,0
pb2204,20220218,20220218,133445500,13:34:46,15520,33233,44073,2581129650,0,0,0
pb2204,20220218,20220218,133446000,13:34:46,15520,33233,44073,2581129650,0,0,0
pb2204,20220218,20220218,133446500,13:34:47,15520,33233,44073,2581129650,0,0,0
pb2204,20220218,20220218,133447000,13:34:47,15515,33235,44071,2581284800,2,-2,155150
pb2204,20220218,20220218,133449000,13:34:49,15515,33236,44071,2581362375,1,0,77575
pb2204,20220218,20220218,133449500,13:34:49,15515,33236,44071,2581362375,0,0,0
pb2204,20220218,20220218,133451000,13:34:51,15515,33236,44071,2581362375,0,0,0
pb2204,20220218,20220218,133451500,13:34:52,15515,33236,44071,2581362375,0,0,0
pb2204,20220218,20220218,133452000,13:34:52,15515,33236,44071,2581362375,0,0,0
pb2204,20220218,20220218,133453000,13:34:53,15515,33236,44071,2581362375,0,0,0
pb2204,20220218,20220218,133455500,13:34:56,15515,33236,44071,2581362375,0,0,0
pb2204,20220218,20220218,133456000,13:34:57,15515,33236,44071,2581362375,0,0,0
pb2204,20220218,20220218,133501500,13:35:05,15515,33237,44071,2581439950,1,0,77575
pb2204,20220218,20220218,133502000,13:35:10,15515,33239,44071,2581595100,2,0,155150
pb2204,20220218,20220218,133504500,13:35:10,15515,33239,44071,2581595100,0,0,0
pb2204,20220218,20220218,133505000,13:35:10,15515,33239,44071,2581595100,0,0,0
pb2204,20220218,20220218,133508500,13:35:11,15515,33245,44071,2582060575,6,0,465475
pb2204,20220218,20220218,133511000,13:35:11,15515,33245,44071,2582060575,0,0,0
pb2204,20220218,20220218,133511500,13:35:12,15515,33245,44071,2582060575,0,0,0
pb2204,20220218,20220218,133512000,13:35:13,15515,33247,44071,2582215725,2,0,155150
pb2204,20220218,20220218,133514500,13:35:15,15520,33259,44075,2583146875,12,4,931150
pb2204,20220218,20220218,133515000,13:35:15,15515,33265,44075,2583612325,6,0,465450
pb2204,20220218,20220218,133515500,13:35:16,15515,33267,44077,2583767475,2,2,155150
pb2204,20220218,20220218,133516000,13:35:16,15515,33267,44077,2583767475,0,0,0
pb2204,20220218,20220218,133516500,13:35:16,15515,33267,44077,2583767475,0,0,0
pb2204,20220218,20220218,133517500,13:35:18,15515,33267,44077,2583767475,0,0,0
pb2204,20220218,20220218,133518000,13:35:19,15515,33267,44077,2583767475,0,0,0
pb2204,20220218,20220218,133518500,13:35:19,15515,33267,44077,2583767475,0,0,0
pb2204,20220218,20220218,133519000,13:35:19,15515,33267,44077,2583767475,0,0,0
pb2204,20220218,20220218,133519500,13:35:20,15515,33267,44077,2583767475,0,0,0
pb2204,20220218,20220218,133520000,13:35:20,15515,33267,44077,2583767475,0,0,0
pb2204,20220218,20220218,133520500,13:35:21,15515,33267,44077,2583767475,0,0,0
pb2204,20220218,20220218,133523000,13:35:23,15515,33267,44077,2583767475,0,0,0
pb2204,20220218,20220218,133523500,13:35:23,15515,33267,44077,2583767475,0,0,0
pb2204,20220218,20220218,133524000,13:35:25,15515,33267,44077,2583767475,0,0,0
pb2204,20220218,20220218,133527500,13:35:31,15515,33267,44077,2583767475,0,0,0
pb2204,20220218,20220218,133532000,13:35:42,15520,33268,44077,2583845075,1,0,77600
pb2204,20220218,20220218,133539500,13:35:43,15520,33268,44077,2583845075,0,0,0
pb2204,20220218,20220218,133544000,13:35:44,15520,33268,44077,2583845075,0,0,0
pb2204,20220218,20220218,133546000,13:35:46,15520,33268,44077,2583845075,0,0,0
pb2204,20220218,20220218,133546500,13:35:46,15520,33268,44077,2583845075,0,0,0
pb2204,20220218,20220218,133547000,13:35:47,15520,33268,44077,2583845075,0,0,0
pb2204,20220218,20220218,133547500,13:35:48,15520,33268,44077,2583845075,0,0,0
pb2204,20220218,20220218,133554000,13:35:55,15520,33268,44077,2583845075,0,0,0
pb2204,20220218,20220218,133554500,13:35:55,15520,33268,44077,2583845075,0,0,0
pb2204,20220218,20220218,133555000,13:35:56,15520,33268,44077,2583845075,0,0,0
pb2204,20220218,20220218,133556000,13:35:56,15520,33268,44077,2583845075,0,0,0
pb2204,20220218,20220218,133601500,13:36:03,15515,33274,44078,2584310650,6,1,465575
pb2204,20220218,20220218,133602000,13:36:04,15515,33274,44078,2584310650,0,0,0
pb2204,20220218,20220218,133603500,13:36:05,15515,33274,44078,2584310650,0,0,0
pb2204,20220218,20220218,133605500,13:36:07,15520,33277,44076,2584543450,3,-2,232800
pb2204,20220218,20220218,133606000,13:36:07,15520,33277,44076,2584543450,0,0,0
pb2204,20220218,20220218,133611500,13:36:12,15520,33277,44076,2584543450,0,0,0
pb2204,20220218,20220218,133612000,13:36:12,15520,33278,44076,2584621050,1,0,77600
pb2204,20220218,20220218,133612500,13:36:12,15520,33278,44076,2584621050,0,0,0
pb2204,20220218,20220218,133613000,13:36:13,15520,33278,44076,2584621050,0,0,0
pb2204,20220218,20220218,133613500,13:36:14,15520,33278,44076,2584621050,0,0,0
pb2204,20220218,20220218,133614000,13:36:14,15515,33281,44077,2584853775,3,1,232725
pb2204,20220218,20220218,133614500,13:36:14,15515,33281,44077,2584853775,0,0,0
pb2204,20220218,20220218,133615000,13:36:15,15515,33281,44077,2584853775,0,0,0
pb2204,20220218,20220218,133615500,13:36:15,15520,33283,44077,2585008975,2,0,155200
pb2204,20220218,20220218,133617000,13:36:19,15520,33283,44077,2585008975,0,0,0
pb2204,20220218,20220218,133621000,13:36:21,15520,33283,44077,2585008975,0,0,0
pb2204,20220218,20220218,133621500,13:36:21,15515,33284,44076,2585086550,1,-1,77575
pb2204,20220218,20220218,133624500,13:36:24,15515,33284,44076,2585086550,0,0,0
pb2204,20220218,20220218,133626000,13:36:26,15515,33284,44076,2585086550,0,0,0
pb2204,20220218,20220218,133626500,13:36:27,15515,33284,44076,2585086550,0,0,0
pb2204,20220218,20220218,133627000,13:36:28,15515,33284,44076,2585086550,0,0,0
pb2204,20220218,20220218,133627500,13:36:28,15515,33284,44076,2585086550,0,0,0
pb2204,20220218,20220218,133628000,13:36:28,15515,33284,44076,2585086550,0,0,0
pb2204,20220218,20220218,133632500,13:36:32,15515,33294,44079,2585862300,10,3,775750
pb2204,20220218,20220218,133633000,13:36:33,15515,33294,44079,2585862300,0,0,0
pb2204,20220218,20220218,133633500,13:36:33,15515,33294,44079,2585862300,0,0,0
pb2204,20220218,20220218,133634000,13:36:34,15515,33294,44079,2585862300,0,0,0
pb2204,20220218,20220218,133634500,13:36:35,15515,33294,44079,2585862300,0,0,0
pb2204,20220218,20220218,133635000,13:36:35,15515,33294,44079,2585862300,0,0,0
pb2204,20220218,20220218,133637000,13:36:38,15515,33294,44079,2585862300,0,0,0
pb2204,20220218,20220218,133643000,13:36:43,15515,33294,44079,2585862300,0,0,0
pb2204,20220218,20220218,133657000,13:36:58,15515,33295,44080,2585939875,1,1,77575
pb2204,20220218,20220218,133700500,13:37:00,15515,33296,44080,2586017450,1,0,77575
pb2204,20220218,20220218,133702000,13:37:02,15515,33296,44080,2586017450,0,0,0
pb2204,20220218,20220218,133703500,13:37:03,15515,33296,44080,2586017450,0,0,0
pb2204,20220218,20220218,133711500,13:37:13,15515,33296,44080,2586017450,0,0,0
pb2204,20220218,20220218,133712000,13:37:13,15515,33296,44080,2586017450,0,0,0
pb2204,20220218,20220218,133713500,13:37:14,15515,33297,44080,2586095025,1,0,77575
pb2204,20220218,20220218,133716500,13:37:17,15510,33298,44080,2586172575,1,0,77550
pb2204,20220218,20220218,133718500,13:37:19,15510,33298,44080,2586172575,0,0,0
pb2204,20220218,20220218,133719000,13:37:19,15510,33298,44080,2586172575,0,0,0
pb2204,20220218,20220218,133719500,13:37:20,15510,33298,44080,2586172575,0,0,0
pb2204,20220218,20220218,133720000,13:37:21,15510,33298,44080,2586172575,0,0,0
pb2204,20220218,20220218,133721500,13:37:22,15510,33298,44080,2586172575,0,0,0
pb2204,20220218,20220218,133722500,13:37:22,15510,33298,44080,2586172575,0,0,0
pb2204,20220218,20220218,133723000,13:37:23,15510,33298,44080,2586172575,0,0,0
pb2204,20220218,20220218,133729500,13:37:30,15510,33298,44080,2586172575,0,0,0
pb2204,20220218,20220218,133733000,13:37:33,15510,33298,44080,2586172575,0,0,0
pb2204,20220218,20220218,133733500,13:37:33,15510,33298,44080,2586172575,0,0,0
pb2204,20220218,20220218,133739000,13:37:39,15510,33298,44080,2586172575,0,0,0
pb2204,20220218,20220218,133739500,13:37:39,15510,33298,44080,2586172575,0,0,0
pb2204,20220218,20220218,133741000,13:37:41,15515,33299,44081,2586250150,1,1,77575
pb2204,20220218,20220218,133741500,13:37:41,15515,33300,44082,2586327725,1,1,77575
pb2204,20220218,20220218,133742500,13:37:43,15515,33300,44082,2586327725,0,0,0
pb2204,20220218,20220218,133743000,13:37:44,15515,33300,44082,2586327725,0,0,0
pb2204,20220218,20220218,133743500,13:37:44,15515,33300,44082,2586327725,0,0,0
pb2204,20220218,20220218,133750000,13:37:50,15515,33300,44082,2586327725,0,0,0
pb2204,20220218,20220218,133750500,13:37:51,15515,33303,44079,2586560450,3,-3,232725
pb2204,20220218,20220218,133751000,13:37:51,15510,33308,44082,2586948200,5,3,387750
pb2204,20220218,20220218,133752500,13:37:54,15510,33313,44082,2587335950,5,0,387750
pb2204,20220218,20220218,133753000,13:37:54,15510,33313,44082,2587335950,0,0,0
pb2204,20220218,20220218,133753500,13:37:55,15510,33313,44082,2587335950,0,0,0
pb2204,20220218,20220218,133754000,13:37:55,15510,33313,44082,2587335950,0,0,0
pb2204,20220218,20220218,133754500,13:37:55,15510,33313,44082,2587335950,0,0,0
pb2204,20220218,20220218,133757000,13:37:57,15510,33313,44082,2587335950,0,0,0
pb2204,20220218,20220218,133802500,13:38:05,15510,33315,44084,2587491050,2,2,155100
pb2204,20220218,20220218,133803000,13:38:06,15505,33346,44072,2589894825,31,-12,2403775
pb2204,20220218,20220218,133805000,13:38:06,15505,33346,44072,2589894825,0,0,0
pb2204,20220218,20220218,133805500,13:38:09,15505,33346,44072,2589894825,0,0,0
pb2204,20220218,20220218,133809000,13:38:09,15505,33346,44072,2589894825,0,0,0
pb2204,20220218,20220218,133809500,13:38:10,15505,33346,44072,2589894825,0,0,0
pb2204,20220218,20220218,133810000,13:38:10,15505,33346,44072,2589894825,0,0,0
pb2204,20220218,20220218,133810500,13:38:10,15505,33346,44072,2589894825,0,0,0
pb2204,20220218,20220218,133813500,13:38:15,15510,33350,44071,2590205025,4,-1,310200
pb2204,20220218,20220218,133814000,13:38:17,15510,33354,44069,2590515225,4,-2,310200
pb2204,20220218,20220218,133814500,13:38:17,15510,33354,44069,2590515225,0,0,0
pb2204,20220218,20220218,133815000,13:38:17,15510,33354,44069,2590515225,0,0,0
pb2204,20220218,20220218,133817000,13:38:18,15510,33354,44069,2590515225,0,0,0
pb2204,20220218,20220218,133818000,13:38:18,15510,33354,44069,2590515225,0,0,0
pb2204,20220218,20220218,133820000,13:38:22,15510,33354,44069,2590515225,0,0,0
pb2204,20220218,20220218,133820500,13:38:22,15510,33354,44069,2590515225,0,0,0
pb2204,20220218,20220218,133822500,13:38:23,15510,33354,44069,2590515225,0,0,0
pb2204,20220218,20220218,133823000,13:38:24,15510,33354,44069,2590515225,0,0,0
pb2204,20220218,20220218,133823500,13:38:24,15510,33354,44069,2590515225,0,0,0
pb2204,20220218,20220218,133824000,13:38:25,15510,33354,44069,2590515225,0,0,0
pb2204,20220218,20220218,133824500,13:38:40,15510,33354,44069,2590515225,0,0,0
pb2204,20220218,20220218,133825000,13:38:41,15510,33354,44069,2590515225,0,0,0
pb2204,20220218,20220218,133825500,13:38:41,15515,33359,44068,2590903100,5,-1,387875
pb2204,20220218,20220218,133840500,13:38:43,15515,33359,44068,2590903100,0,0,0
pb2204,20220218,20220218,133843500,13:38:44,15515,33359,44068,2590903100,0,0,0
pb2204,20220218,20220218,133846000,13:38:46,15515,33359,44068,2590903100,0,0,0
pb2204,20220218,20220218,133902000,13:39:02,15515,33374,44064,2592066725,15,-4,1163625
pb2204,20220218,20220218,133903000,13:39:03,15515,33375,44064,2592144300,1,0,77575
pb2204,20220218,20220218,133906500,13:39:06,15515,33375,44064,2592144300,0,0,0
pb2204,20220218,20220218,133908000,13:39:08,15515,33375,44064,2592144300,0,0,0
pb2204,20220218,20220218,133908500,13:39:08,15515,33375,44064,2592144300,0,0,0
pb2204,20220218,20220218,133912000,13:39:12,15515,33380,44068,2592532175,5,4,387875
pb2204,20220218,20220218,133914000,13:39:15,15515,33380,44068,2592532175,0,0,0
pb2204,20220218,20220218,133914500,13:39:16,15505,33394,44069,2593617825,14,1,1085650
pb2204,20220218,20220218,133915000,13:39:18,15505,33394,44069,2593617825,0,0,0
pb2204,20220218,20220218,133917000,13:39:19,15505,33394,44069,2593617825,0,0,0
pb2204,20220218,20220218,133922000,13:39:22,15510,33395,44068,2593695375,1,-1,77550
pb2204,20220218,20220218,133924000,13:39:24,15510,33395,44068,2593695375,0,0,0
pb2204,20220218,20220218,133924500,13:39:24,15510,33395,44068,2593695375,0,0,0
pb2204,20220218,20220218,133927000,13:39:27,15510,33401,44071,2594160675,6,3,465300
pb2204,20220218,20220218,133928500,13:39:28,15510,33401,44071,2594160675,0,0,0
pb2204,20220218,20220218,133929500,13:39:29,15510,33401,44071,2594160675,0,0,0
pb2204,20220218,20220218,133931500,13:39:31,15510,33401,44071,2594160675,0,0,0
pb2204,20220218,20220218,133936500,13:39:36,15510,33401,44071,2594160675,0,0,0
pb2204,20220218,20220218,133937500,13:39:37,15510,33401,44071,2594160675,0,0,0
pb2204,20220218,20220218,133938000,13:39:38,15510,33401,44071,2594160675,0,0,0
pb2204,20220218,20220218,133945500,13:39:46,15510,33403,44071,2594315775,2,0,155100
pb2204,20220218,20220218,133946000,13:39:47,15505,33415,44064,2595246325,12,-7,930550
pb2204,20220218,20220218,133949000,13:39:49,15505,33415,44064,2595246325,0,0,0
pb2204,20220218,20220218,133949500,13:39:50,15505,33415,44064,2595246325,0,0,0
pb2204,20220218,20220218,133950000,13:39:50,15505,33415,44064,2595246325,0,0,0
pb2204,20220218,20220218,133952000,13:39:53,15510,33419,44064,2595556525,4,0,310200
pb2204,20220218,20220218,133952500,13:39:53,15510,33419,44064,2595556525,0,0,0
pb2204,20220218,20220218,133953000,13:39:54,15510,33419,44064,2595556525,0,0,0
pb2204,20220218,20220218,133956000,13:39:56,15510,33419,44064,2595556525,0,0,0
pb2204,20220218,20220218,133956500,13:39:57,15510,33419,44064,2595556525,0,0,0
pb2204,20220218,20220218,133957000,13:39:59,15515,33424,44065,2595944400,5,1,387875
pb2204,20220218,20220218,133957500,13:40:13,15515,33430,44063,2596409850,6,-2,465450
pb2204,20220218,20220218,133958000,13:40:13,15515,33430,44063,2596409850,0,0,0
pb2204,20220218,20220218,133958500,13:40:13,15515,33430,44063,2596409850,0,0,0
pb2204,20220218,20220218,134012500,13:40:13,15515,33430,44063,2596409850,0,0,0
pb2204,20220218,20220218,134013000,13:40:13,15515,33430,44063,2596409850,0,0,0
pb2204,20220218,20220218,134013500,13:40:13,15515,33430,44063,2596409850,0,0,0
pb2204,20220218,20220218,134014000,13:40:14,15515,33430,44063,2596409850,0,0,0
pb2204,20220218,20220218,134014500,13:40:16,15510,33442,44060,2597340700,12,-3,930850
pb2204,20220218,20220218,134015000,13:40:16,15510,33442,44060,2597340700,0,0,0
pb2204,20220218,20220218,134015500,13:40:16,15510,33442,44060,2597340700,0,0,0
pb2204,20220218,20220218,134017500,13:40:18,15510,33442,44060,2597340700,0,0,0
pb2204,20220218,20220218,134018000,13:40:19,15515,33447,44056,2597728575,5,-4,387875
pb2204,20220218,20220218,134019000,13:40:19,15515,33448,44056,2597806150,1,0,77575
pb2204,20220218,20220218,134019500,13:40:20,15515,33448,44056,2597806150,0,0,0
pb2204,20220218,20220218,134020000,13:40:20,15515,33448,44056,2597806150,0,0,0
pb2204,20220218,20220218,134021000,13:40:22,15515,33448,44056,2597806150,0,0,0
pb2204,20220218,20220218,134023500,13:40:24,15510,33449,44056,2597883700,1,0,77550
pb2204,20220218,20220218,134026000,13:40:26,15525,33499,44072,2601763775,50,16,3880075
pb2204,20220218,20220218,134026500,13:40:27,15525,33499,44072,2601763775,0,0,0
pb2204,20220218,20220218,134027000,13:40:27,15525,33499,44072,2601763775,0,0,0
pb2204,20220218,20220218,134027500,13:40:27,15520,33506,44073,2602306975,7,1,543200
pb2204,20220218,20220218,134028000,13:40:28,15520,33506,44073,2602306975,0,0,0
pb2204,20220218,20220218,134028500,13:40:29,15520,33506,44073,2602306975,0,0,0
pb2204,20220218,20220218,134029000,13:40:30,15520,33506,44073,2602306975,0,0,0
pb2204,20220218,20220218,134029500,13:40:30,15520,33506,44073,2602306975,0,0,0
pb2204,20220218,20220218,134030000,13:40:30,15520,33506,44073,2602306975,0,0,0
pb2204,20220218,20220218,134031000,13:40:31,15520,33506,44073,2602306975,0,0,0
pb2204,20220218,20220218,134031500,13:40:32,15520,33511,44069,2602694975,5,-4,388000
pb2204,20220218,20220218,134032000,13:40:32,15520,33511,44069,2602694975,0,0,0
pb2204,20220218,20220218,134032500,13:40:32,15520,33515,44072,2603005375,4,3,310400
pb2204,20220218,20220218,134033000,13:40:34,15520,33517,44073,2603160575,2,1,155200
pb2204,20220218,20220218,134033500,13:40:34,15520,33517,44073,2603160575,0,0,0
pb2204,20220218,20220218,134034000,13:40:34,15520,33517,44073,2603160575,0,0,0
pb2204,20220218,20220218,134034500,13:40:35,15520,33518,44074,2603238175,1,1,77600
pb2204,20220218,20220218,134035000,13:40:35,15520,33518,44074,2603238175,0,0,0
pb2204,20220218,20220218,134035500,13:40:36,15520,33518,44074,2603238175,0,0,0
pb2204,20220218,20220218,134036000,13:40:36,15520,33518,44074,2603238175,0,0,0
pb2204,20220218,20220218,134036500,13:40:36,15520,33518,44074,2603238175,0,0,0
pb2204,20220218,20220218,134037000,13:40:37,15525,33534,44086,2604480175,16,12,1242000
pb2204,20220218,20220218,134037500,13:40:37,15520,33535,44085,2604557775,1,-1,77600
pb2204,20220218,20220218,134038000,13:40:38,15520,33535,44085,2604557775,0,0,0
pb2204,20220218,20220218,134039000,13:40:39,15520,33535,44085,2604557775,0,0,0
pb2204,20220218,20220218,134042500,13:40:42,15520,33535,44085,2604557775,0,0,0
pb2204,20220218,20220218,134044000,13:40:44,15520,33535,44085,2604557775,0,0,0
pb2204,20220218,20220218,134044500,13:40:44,15520,33535,44085,2604557775,0,0,0
pb2204,20220218,20220218,134045000,13:40:45,15520,33535,44085,2604557775,0,0,0
pb2204,20220218,20220218,134045500,13:40:45,15520,33535,44085,2604557775,0,0,0
pb2204,20220218,20220218,134047500,13:40:47,15520,33535,44085,2604557775,0,0,0
pb2204,20220218,20220218,134048000,13:40:48,15525,33539,44089,2604868275,4,4,310500
pb2204,20220218,20220218,134048500,13:40:48,15525,33544,44084,2605256400,5,-5,388125
pb2204,20220218,20220218,134049000,13:40:49,15525,33546,44085,2605411650,2,1,155250
pb2204,20220218,20220218,134049500,13:40:49,15525,33547,44085,2605489275,1,0,77625
pb2204,20220218,20220218,134050000,13:40:50,15525,33551,44081,2605799775,4,-4,310500
pb2204,20220218,20220218,134050500,13:40:50,15525,33551,44081,2605799775,0,0,0
pb2204,20220218,20220218,134055000,13:40:55,15525,33551,44081,2605799775,0,0,0
pb2204,20220218,20220218,134055500,13:40:57,15525,33551,44081,2605799775,0,0,0
pb2204,20220218,20220218,134057000,13:40:58,15525,33551,44081,2605799775,0,0,0
pb2204,20220218,20220218,134057500,13:40:58,15525,33551,44081,2605799775,0,0,0
pb2204,20220218,20220218,134100500,13:41:00,15530,33553,44081,2605955075,2,0,155300
pb2204,20220218,20220218,134101500,13:41:01,15520,33556,44078,2606187875,3,-3,232800
pb2204,20220218,20220218,134102000,13:41:02,15525,33557,44078,2606265500,1,0,77625
pb2204,20220218,20220218,134102500,13:41:02,15525,33561,44078,2606576000,4,0,310500
pb2204,20220218,20220218,134103000,13:41:04,15525,33561,44078,2606576000,0,0,0
pb2204,20220218,20220218,134103500,13:41:05,15525,33561,44078,2606576000,0,0,0
pb2204,20220218,20220218,134104000,13:41:05,15525,33561,44078,2606576000,0,0,0
pb2204,20220218,20220218,134107000,13:41:08,15525,33561,44078,2606576000,0,0,0
pb2204,20220218,20220218,134107500,13:41:09,15525,33561,44078,2606576000,0,0,0
pb2204,20220218,20220218,134108000,13:41:09,15525,33561,44078,2606576000,0,0,0
pb2204,20220218,20220218,134111500,13:41:11,15525,33561,44078,2606576000,0,0,0
pb2204,20220218,20220218,134112000,13:41:12,15525,33561,44078,2606576000,0,0,0
pb2204,20220218,20220218,134112500,13:41:12,15525,33561,44078,2606576000,0,0,0
pb2204,20220218,20220218,134113000,13:41:13,15525,33561,44078,2606576000,0,0,0
pb2204,20220218,20220218,134116000,13:41:17,15525,33561,44078,2606576000,0,0,0
pb2204,20220218,20220218,134117000,13:41:17,15525,33561,44078,2606576000,0,0,0
pb2204,20220218,20220218,134118000,13:41:19,15525,33561,44078,2606576000,0,0,0
pb2204,20220218,20220218,134119500,13:41:20,15525,33561,44078,2606576000,0,0,0
pb2204,20220218,20220218,134120500,13:41:23,15525,33561,44078,2606576000,0,0,0
pb2204,20220218,20220218,134121000,13:41:23,15525,33561,44078,2606576000,0,0,0
pb2204,20220218,20220218,134123500,13:41:24,15525,33566,44076,2606964125,5,-2,388125
pb2204,20220218,20220218,134124000,13:41:25,15525,33568,44076,2607119375,2,0,155250
pb2204,20220218,20220218,134124500,13:41:26,15525,33570,44074,2607274625,2,-2,155250
pb2204,20220218,20220218,134125500,13:41:27,15525,33570,44074,2607274625,0,0,0
pb2204,20220218,20220218,134126500,13:41:27,15525,33570,44074,2607274625,0,0,0
pb2204,20220218,20220218,134129500,13:41:30,15525,33570,44074,2607274625,0,0,0
pb2204,20220218,20220218,134130000,13:41:30,15525,33570,44074,2607274625,0,0,0
pb2204,20220218,20220218,134130500,13:41:31,15525,33570,44074,2607274625,0,0,0
pb2204,20220218,20220218,134132000,13:41:33,15530,33586,44078,2608517025,16,4,1242400
pb2204,20220218,20220218,134132500,13:41:33,15525,33602,44075,2609759025,16,-3,1242000
pb2204,20220218,20220218,134133000,13:41:33,15525,33614,44068,2610690525,12,-7,931500
pb2204,20220218,20220218,134133500,13:41:34,15525,33614,44068,2610690525,0,0,0
pb2204,20220218,20220218,134134000,13:41:34,15525,33614,44068,2610690525,0,0,0
pb2204,20220218,20220218,134135000,13:41:35,15525,33614,44068,2610690525,0,0,0
pb2204,20220218,20220218,134136500,13:41:40,15525,33614,44068,2610690525,0,0,0
pb2204,20220218,20220218,134139500,13:41:42,15530,33615,44068,2610768175,1,0,77650
pb2204,20220218,20220218,134140000,13:41:42,15530,33615,44068,2610768175,0,0,0
pb2204,20220218,20220218,134140500,13:41:42,15530,33615,44068,2610768175,0,0,0
pb2204,20220218,20220218,134142000,13:41:42,15530,33615,44068,2610768175,0,0,0
pb2204,20220218,20220218,134143000,13:41:44,15530,33615,44068,2610768175,0,0,0
pb2204,20220218,20220218,134145000,13:41:45,15530,33631,44083,2612010575,16,15,1242400
pb2204,20220218,20220218,134147000,13:41:47,15530,33631,44083,2612010575,0,0,0
pb2204,20220218,20220218,134152500,13:41:52,15530,33636,44083,2612398825,5,0,388250
pb2204,20220218,20220218,134154500,13:42:02,15530,33636,44083,2612398825,0,0,0
pb2204,20220218,20220218,134202000,13:42:11,15530,33636,44083,2612398825,0,0,0
pb2204,20220218,20220218,134202500,13:42:11,15530,33701,44105,2617446550,65,22,5047725
pb2204,20220218,20220218,134208500,13:42:12,15530,33701,44105,2617446550,0,0,0
pb2204,20220218,20220218,134211000,13:42:12,15530,33709,44107,2618067825,8,2,621275
pb2204,20220218,20220218,134213000,13:42:13,15530,33710,44107,2618145475,1,0,77650
pb2204,20220218,20220218,134213500,13:42:14,15530,33710,44107,2618145475,0,0,0
pb2204,20220218,20220218,134214500,13:42:15,15530,33712,44109,2618300775,2,2,155300
pb2204,20220218,20220218,134215000,13:42:15,15530,33712,44109,2618300775,0,0,0
pb2204,20220218,20220218,134215500,13:42:16,15530,33712,44109,2618300775,0,0,0
pb2204,20220218,20220218,134216000,13:42:16,15530,33712,44109,2618300775,0,0,0
pb2204,20220218,20220218,134216500,13:42:17,15530,33712,44109,2618300775,0,0,0
pb2204,20220218,20220218,134217000,13:42:19,15530,33712,44109,2618300775,0,0,0
pb2204,20220218,20220218,134217500,13:42:19,15535,33717,44104,2618689150,5,-5,388375
pb2204,20220218,20220218,134219500,13:42:20,15535,33717,44104,2618689150,0,0,0
pb2204,20220218,20220218,134221000,13:42:21,15535,33718,44105,2618766825,1,1,77675
pb2204,20220218,20220218,134223500,13:42:24,15535,33718,44105,2618766825,0,0,0
pb2204,20220218,20220218,134227500,13:42:29,15535,33718,44105,2618766825,0,0,0
pb2204,20220218,20220218,134255000,13:42:55,15535,33719,44105,2618844500,1,0,77675
pb2204,20220218,20220218,134255500,13:42:55,15535,33719,44105,2618844500,0,0,0
pb2204,20220218,20220218,134257000,13:42:59,15530,33721,44107,2618999800,2,2,155300
pb2204,20220218,20220218,134303000,13:43:05,15530,33736,44098,2620164675,15,-9,1164875
pb2204,20220218,20220218,134303500,13:43:11,15530,33736,44098,2620164675,0,0,0
pb2204,20220218,20220218,134305000,13:43:12,15530,33751,44096,2621329425,15,-2,1164750
pb2204,20220218,20220218,134309000,13:43:12,15530,33751,44096,2621329425,0,0,0
pb2204,20220218,20220218,134312000,13:43:14,15530,33751,44096,2621329425,0,0,0
pb2204,20220218,20220218,134316000,13:43:16,15525,33774,44093,2623115250,23,-3,1785825
pb2204,20220218,20220218,134316500,13:43:17,15525,33781,44092,2623658625,7,-1,543375
pb2204,20220218,20220218,134317000,13:43:17,15525,33781,44092,2623658625,0,0,0
pb2204,20220218,20220218,134317500,13:43:18,15525,33784,44089,2623891500,3,-3,232875
pb2204,20220218,20220218,134318000,13:43:18,15525,33786,44089,2624046750,2,0,155250
pb2204,20220218,20220218,134318500,13:43:18,15525,33786,44089,2624046750,0,0,0
pb2204,20220218,20220218,134319000,13:43:19,15530,33791,44084,2624435000,5,-5,388250
pb2204,20220218,20220218,134319500,13:43:19,15530,33791,44084,2624435000,0,0,0
pb2204,20220218,20220218,134320000,13:43:20,15530,33791,44084,2624435000,0,0,0
pb2204,20220218,20220218,134328000,13:43:29,15530,33791,44084,2624435000,0,0,0
pb2204,20220218,20220218,134332000,13:43:32,15525,33801,44092,2625211250,10,8,776250
pb2204,20220218,20220218,134332500,13:43:32,15525,33801,44092,2625211250,0,0,0
pb2204,20220218,20220218,134333000,13:43:33,15525,33801,44092,2625211250,0,0,0
pb2204,20220218,20220218,134334000,13:43:34,15525,33801,44092,2625211250,0,0,0
pb2204,20220218,20220218,134339500,13:43:55,15525,33801,44092,2625211250,0,0,0
pb2204,20220218,20220218,134352500,13:44:04,15525,33801,44092,2625211250,0,0,0
pb2204,20220218,20220218,134402500,13:44:04,15525,33801,44092,2625211250,0,0,0
pb2204,20220218,20220218,134417000,13:44:18,15525,33801,44092,2625211250,0,0,0
pb2204,20220218,20220218,134418000,13:44:18,15535,33823,44081,2626919675,22,-11,1708425
pb2204,20220218,20220218,134418500,13:44:19,15535,33823,44081,2626919675,0,0,0
pb2204,20220218,20220218,134419500,13:44:23,15525,33828,44078,2627307900,5,-3,388225
pb2204,20220218,20220218,134420000,13:44:23,15525,33838,44074,2628084150,10,-4,776250
pb2204,20220218,20220218,134420500,13:44:23,15525,33840,44073,2628239400,2,-1,155250
pb2204,20220218,20220218,134421000,13:44:23,15525,33840,44073,2628239400,0,0,0
pb2204,20220218,20220218,134428500,13:44:29,15525,33840,44073,2628239400,0,0,0
pb2204,20220218,20220218,134430000,13:44:37,15525,33840,44073,2628239400,0,0,0
pb2204,20220218,20220218,134430500,13:44:37,15525,33840,44073,2628239400,0,0,0
pb2204,20220218,20220218,134434500,13:44:37,15525,33840,44073,2628239400,0,0,0
pb2204,20220218,20220218,134438500,13:44:38,15525,33840,44073,2628239400,0,0,0
pb2204,20220218,20220218,134439000,13:44:39,15525,33840,44073,2628239400,0,0,0
pb2204,20220218,20220218,134439500,13:44:39,15525,33840,44073,2628239400,0,0,0
pb2204,20220218,20220218,134452500,13:44:53,15530,33845,44070,2628627650,5,-3,388250
pb2204,20220218,20220218,134454500,13:44:55,15530,33846,44069,2628705300,1,-1,77650
pb2204,20220218,20220218,134455000,13:44:55,15530,33846,44069,2628705300,0,0,0
pb2204,20220218,20220218,134456500,13:44:56,15525,33861,44066,2629869675,15,-3,1164375
pb2204,20220218,20220218,134457000,13:44:57,15530,33864,44063,2630102625,3,-3,232950
pb2204,20220218,20220218,134459000,13:44:59,15530,33864,44063,2630102625,0,0,0
pb2204,20220218,20220218,134459500,13:44:59,15530,33864,44063,2630102625,0,0,0
pb2204,20220218,20220218,134501500,13:45:02,15530,33864,44063,2630102625,0,0,0
pb2204,20220218,20220218,134502000,13:45:02,15530,33864,44063,2630102625,0,0,0
pb2204,20220218,20220218,134503000,13:45:03,15530,33864,44063,2630102625,0,0,0
pb2204,20220218,20220218,134504000,13:45:08,15530,33864,44063,2630102625,0,0,0
pb2204,20220218,20220218,134507500,13:45:09,15530,33864,44063,2630102625,0,0,0
pb2204,20220218,20220218,134508500,13:45:09,15525,33865,44062,2630180250,1,-1,77625
pb2204,20220218,20220218,134509500,13:45:10,15525,33865,44062,2630180250,0,0,0
pb2204,20220218,20220218,134510000,13:45:10,15525,33865,44062,2630180250,0,0,0
pb2204,20220218,20220218,134511000,13:45:11,15525,33865,44062,2630180250,0,0,0
pb2204,20220218,20220218,134511500,13:45:11,15525,33865,44062,2630180250,0,0,0
pb2204,20220218,20220218,134512000,13:45:12,15525,33865,44062,2630180250,0,0,0
pb2204,20220218,20220218,134512500,13:45:13,15525,33865,44062,2630180250,0,0,0
pb2204,20220218,20220218,134515000,13:45:16,15525,33865,44062,2630180250,0,0,0
pb2204,20220218,20220218,134516500,13:45:17,15525,33865,44062,2630180250,0,0,0
pb2204,20220218,20220218,134518000,13:45:21,15525,33865,44062,2630180250,0,0,0
pb2204,20220218,20220218,134519500,13:45:23,15530,33870,44058,2630568500,5,-4,388250
pb2204,20220218,20220218,134522000,13:45:24,15530,33870,44058,2630568500,0,0,0
pb2204,20220218,20220218,134529500,13:45:30,15530,33870,44058,2630568500,0,0,0
pb2204,20220218,20220218,134531500,13:45:32,15530,33870,44058,2630568500,0,0,0
pb2204,20220218,20220218,134535000,13:45:35,15530,33870,44058,2630568500,0,0,0
pb2204,20220218,20220218,134540000,13:45:40,15530,33870,44058,2630568500,0,0,0
pb2204,20220218,20220218,134541000,13:45:41,15530,33870,44058,2630568500,0,0,0
pb2204,20220218,20220218,134547500,13:45:47,15530,33875,44055,2630956750,5,-3,388250
pb2204,20220218,20220218,134557000,13:46:01,15530,33876,44055,2631034400,1,0,77650
pb2204,20220218,20220218,134559500,13:46:01,15530,33876,44055,2631034400,0,0,0
pb2204,20220218,20220218,134603500,13:46:04,15530,33876,44055,2631034400,0,0,0
pb2204,20220218,20220218,134607000,13:46:07,15525,33877,44055,2631112025,1,0,77625
pb2204,20220218,20220218,134610500,13:46:11,15525,33877,44055,2631112025,0,0,0
pb2204,20220218,20220218,134611000,13:46:11,15525,33877,44055,2631112025,0,0,0
pb2204,20220218,20220218,134612500,13:46:13,15525,33877,44055,2631112025,0,0,0
pb2204,20220218,20220218,134617500,13:46:18,15525,33877,44055,2631112025,0,0,0
pb2204,20220218,20220218,134619500,13:46:19,15530,33881,44051,2631422625,4,-4,310600
pb2204,20220218,20220218,134620500,13:46:21,15530,33881,44051,2631422625,0,0,0
pb2204,20220218,20220218,134632000,13:46:32,15530,33881,44051,2631422625,0,0,0
pb2204,20220218,20220218,134634500,13:46:35,15530,33881,44051,2631422625,0,0,0
pb2204,20220218,20220218,134636500,13:46:37,15530,33881,44051,2631422625,0,0,0
pb2204,20220218,20220218,134637000,13:46:37,15530,33881,44051,2631422625,0,0,0
pb2204,20220218,20220218,134644000,13:46:46,15530,33882,44050,2631500275,1,-1,77650
pb2204,20220218,20220218,134651500,13:46:51,15530,33882,44050,2631500275,0,0,0
pb2204,20220218,20220218,134700500,13:47:00,15530,33882,44050,2631500275,0,0,0
pb2204,20220218,20220218,134702500,13:47:02,15530,33882,44050,2631500275,0,0,0
pb2204,20220218,20220218,134703000,13:47:03,15530,33882,44050,2631500275,0,0,0
pb2204,20220218,20220218,134709000,13:47:11,15530,33882,44050,2631500275,0,0,0
pb2204,20220218,20220218,134716500,13:47:17,15530,33882,44050,2631500275,0,0,0
pb2204,20220218,20220218,134723000,13:47:26,15530,33887,44045,2631888525,5,-5,388250
pb2204,20220218,20220218,134723500,13:47:27,15530,33887,44045,2631888525,0,0,0
pb2204,20220218,20220218,134726000,13:47:27,15530,33887,44045,2631888525,0,0,0
pb2204,20220218,20220218,134740500,13:47:40,15530,33888,44045,2631966175,1,0,77650
pb2204,20220218,20220218,134742000,13:47:42,15530,33888,44045,2631966175,0,0,0
pb2204,20220218,20220218,134746000,13:47:47,15530,33888,44045,2631966175,0,0,0
pb2204,20220218,20220218,134747000,13:47:47,15530,33894,44042,2632432075,6,-3,465900
pb2204,20220218,20220218,134747500,13:47:47,15530,33895,44042,2632509725,1,0,77650
pb2204,20220218,20220218,134748000,13:47:48,15530,33895,44042,2632509725,0,0,0
pb2204,20220218,20220218,134758000,13:47:58,15535,33900,44037,2632898100,5,-5,388375
pb2204,20220218,20220218,134759500,13:48:00,15530,33903,44034,2633131050,3,-3,232950
pb2204,20220218,20220218,134800500,13:48:00,15530,33903,44034,2633131050,0,0,0
pb2204,20220218,20220218,134817500,13:48:19,15530,33904,44034,2633208700,1,0,77650
pb2204,20220218,20220218,134818500,13:48:20,15535,33909,44032,2633597075,5,-2,388375
pb2204,20220218,20220218,134821000,13:48:22,15535,33909,44032,2633597075,0,0,0
pb2204,20220218,20220218,134821500,13:48:23,15535,33909,44032,2633597075,0,0,0
pb2204,20220218,20220218,134824000,13:48:24,15535,33909,44032,2633597075,0,0,0
pb2204,20220218,20220218,134831500,13:48:32,15530,33910,44033,2633674725,1,1,77650
pb2204,20220218,20220218,134832500,13:48:32,15530,33910,44033,2633674725,0,0,0
pb2204,20220218,20220218,134833000,13:48:33,15530,33910,44033,2633674725,0,0,0
pb2204,20220218,20220218,134836500,13:48:37,15530,33910,44033,2633674725,0,0,0
pb2204,20220218,20220218,134838000,13:48:38,15530,33910,44033,2633674725,0,0,0
pb2204,20220218,20220218,134838500,13:48:38,15530,33910,44033,2633674725,0,0,0
pb2204,20220218,20220218,134839000,13:48:39,15530,33910,44033,2633674725,0,0,0
pb2204,20220218,20220218,134841500,13:48:42,15530,33910,44033,2633674725,0,0,0
pb2204,20220218,20220218,134842500,13:48:42,15530,33910,44033,2633674725,0,0,0
pb2204,20220218,20220218,134843500,13:48:43,15530,33910,44033,2633674725,0,0,0
pb2204,20220218,20220218,134847500,13:48:47,15535,33915,44028,2634063100,5,-5,388375
pb2204,20220218,20220218,134849500,13:48:49,15535,33915,44028,2634063100,0,0,0
pb2204,20220218,20220218,134851500,13:48:51,15535,33915,44028,2634063100,0,0,0
pb2204,20220218,20220218,134856500,13:48:57,15535,33915,44028,2634063100,0,0,0
pb2204,20220218,20220218,134857000,13:48:57,15535,33921,44023,2634529150,6,-5,466050
pb2204,20220218,20220218,134857500,13:48:57,15535,33921,44023,2634529150,0,0,0
pb2204,20220218,20220218,134858000,13:48:58,15535,33921,44023,2634529150,0,0,0
pb2204,20220218,20220218,134858500,13:48:59,15535,33922,44023,2634606825,1,0,77675
pb2204,20220218,20220218,134859000,13:48:59,15535,33922,44023,2634606825,0,0,0
pb2204,20220218,20220218,134859500,13:49:00,15535,33922,44023,2634606825,0,0,0
pb2204,20220218,20220218,134901500,13:49:02,15535,33922,44023,2634606825,0,0,0
pb2204,20220218,20220218,134902000,13:49:02,15535,33922,44023,2634606825,0,0,0
pb2204,20220218,20220218,134903000,13:49:03,15535,33922,44023,2634606825,0,0,0
pb2204,20220218,20220218,134903500,13:49:04,15535,33922,44023,2634606825,0,0,0
pb2204,20220218,20220218,134908000,13:49:08,15535,33922,44023,2634606825,0,0,0
pb2204,20220218,20220218,134910000,13:49:10,15535,33922,44023,2634606825,0,0,0
pb2204,20220218,20220218,134910500,13:49:10,15535,33922,44023,2634606825,0,0,0
pb2204,20220218,20220218,134911000,13:49:11,15535,33922,44023,2634606825,0,0,0
pb2204,20220218,20220218,134911500,13:49:12,15535,33922,44023,2634606825,0,0,0
pb2204,20220218,20220218,134912000,13:49:12,15535,33922,44023,2634606825,0,0,0
pb2204,20220218,20220218,134913500,13:49:13,15530,33927,44022,2634995075,5,-1,388250
pb2204,20220218,20220218,134916000,13:49:16,15530,33927,44022,2634995075,0,0,0
pb2204,20220218,20220218,134919500,13:49:20,15535,33932,44021,2635383450,5,-1,388375
pb2204,20220218,20220218,134920000,13:49:20,15535,33932,44021,2635383450,0,0,0
pb2204,20220218,20220218,134920500,13:49:20,15535,33932,44021,2635383450,0,0,0
pb2204,20220218,20220218,134921500,13:49:21,15535,33932,44021,2635383450,0,0,0
pb2204,20220218,20220218,134922000,13:49:22,15535,33932,44021,2635383450,0,0,0
pb2204,20220218,20220218,134924000,13:49:24,15530,33933,44022,2635461100,1,1,77650
pb2204,20220218,20220218,134927500,13:49:28,15535,33934,44022,2635538775,1,0,77675
pb2204,20220218,20220218,134936500,13:49:36,15535,33934,44022,2635538775,0,0,0
pb2204,20220218,20220218,134938500,13:49:38,15535,33934,44022,2635538775,0,0,0
pb2204,20220218,20220218,134941500,13:49:42,15535,33934,44022,2635538775,0,0,0
pb2204,20220218,20220218,134946500,13:49:46,15535,33934,44022,2635538775,0,0,0
pb2204,20220218,20220218,134948500,13:49:48,15535,33939,44019,2635927150,5,-3,388375
pb2204,20220218,20220218,134955500,13:49:56,15535,33939,44019,2635927150,0,0,0
pb2204,20220218,20220218,134956000,13:49:56,15535,33940,44020,2636004825,1,1,77675
pb2204,20220218,20220218,135002000,13:50:02,15535,33940,44020,2636004825,0,0,0
pb2204,20220218,20220218,135004000,13:50:04,15535,33946,44019,2636470875,6,-1,466050
pb2204,20220218,20220218,135004500,13:50:05,15535,33950,44019,2636781575,4,0,310700
pb2204,20220218,20220218,135005000,13:50:05,15535,33953,44021,2637014600,3,2,233025
pb2204,20220218,20220218,135005500,13:50:06,15535,33953,44021,2637014600,0,0,0
pb2204,20220218,20220218,135006000,13:50:06,15535,33953,44021,2637014600,0,0,0
pb2204,20220218,20220218,135006500,13:50:07,15535,33954,44022,2637092275,1,1,77675
pb2204,20220218,20220218,135007000,13:50:07,15535,33954,44022,2637092275,0,0,0
pb2204,20220218,20220218,135008000,13:50:10,15535,33954,44022,2637092275,0,0,0
pb2204,20220218,20220218,135020500,13:50:27,15535,33964,44017,2637869025,10,-5,776750
pb2204,20220218,20220218,135026000,13:50:28,15535,33964,44017,2637869025,0,0,0
pb2204,20220218,20220218,135029500,13:50:37,15535,33964,44017,2637869025,0,0,0
pb2204,20220218,20220218,135034000,13:50:37,15535,33964,44017,2637869025,0,0,0
pb2204,20220218,20220218,135035500,13:50:38,15535,33964,44017,2637869025,0,0,0
pb2204,20220218,20220218,135041500,13:50:42,15535,33964,44017,2637869025,0,0,0
pb2204,20220218,20220218,135042000,13:50:43,15535,33964,44017,2637869025,0,0,0
pb2204,20220218,20220218,135044000,13:50:45,15535,33965,44016,2637946700,1,-1,77675
pb2204,20220218,20220218,135044500,13:50:45,15535,33965,44016,2637946700,0,0,0
pb2204,20220218,20220218,135045500,13:50:46,15535,33965,44016,2637946700,0,0,0
pb2204,20220218,20220218,135048500,13:50:48,15535,33970,44011,2638335075,5,-5,388375
pb2204,20220218,20220218,135049500,13:50:50,15530,33980,44006,2639111575,10,-5,776500
pb2204,20220218,20220218,135050000,13:50:50,15530,33982,44008,2639266875,2,2,155300
pb2204,20220218,20220218,135050500,13:50:51,15530,33982,44008,2639266875,0,0,0
pb2204,20220218,20220218,135051000,13:50:51,15530,33982,44008,2639266875,0,0,0
pb2204,20220218,20220218,135053000,13:50:53,15535,33983,44007,2639344550,1,-1,77675
pb2204,20220218,20220218,135105000,13:51:05,15535,33983,44007,2639344550,0,0,0
pb2204,20220218,20220218,135106000,13:51:06,15535,33983,44007,2639344550,0,0,0
pb2204,20220218,20220218,135120000,13:51:21,15530,34002,43999,2640819900,19,-8,1475350
pb2204,20220218,20220218,135123000,13:51:23,15530,34004,43997,2640975200,2,-2,155300
pb2204,20220218,20220218,135129000,13:51:29,15530,34004,43997,2640975200,0,0,0
pb2204,20220218,20220218,135150500,13:51:50,15530,34004,43997,2640975200,0,0,0
pb2204,20220218,20220218,135159500,13:51:59,15530,34004,43997,2640975200,0,0,0
pb2204,20220218,20220218,135201500,13:52:03,15530,34004,43997,2640975200,0,0,0
pb2204,20220218,20220218,135203000,13:52:04,15525,34005,43997,2641052825,1,0,77625
pb2204,20220218,20220218,135203500,13:52:04,15525,34005,43997,2641052825,0,0,0
pb2204,20220218,20220218,135205500,13:52:06,15525,34005,43997,2641052825,0,0,0
pb2204,20220218,20220218,135211500,13:52:12,15525,34005,43997,2641052825,0,0,0
pb2204,20220218,20220218,135212000,13:52:12,15525,34005,43997,2641052825,0,0,0
pb2204,20220218,20220218,135212500,13:52:13,15525,34005,43997,2641052825,0,0,0
pb2204,20220218,20220218,135213000,13:52:13,15525,34005,43997,2641052825,0,0,0
pb2204,20220218,20220218,135213500,13:52:13,15525,34005,43997,2641052825,0,0,0
pb2204,20220218,20220218,135214000,13:52:14,15525,34005,43997,2641052825,0,0,0
pb2204,20220218,20220218,135216000,13:52:16,15530,34006,43996,2641130475,1,-1,77650
pb2204,20220218,20220218,135222000,13:52:24,15530,34006,43996,2641130475,0,0,0
pb2204,20220218,20220218,135231500,13:52:32,15530,34006,43996,2641130475,0,0,0
pb2204,20220218,20220218,135232000,13:52:32,15530,34006,43996,2641130475,0,0,0
pb2204,20220218,20220218,135234000,13:52:34,15530,34006,43996,2641130475,0,0,0
pb2204,20220218,20220218,135235000,13:52:36,15530,34006,43996,2641130475,0,0,0
pb2204,20220218,20220218,135243500,13:52:45,15530,34006,43996,2641130475,0,0,0
pb2204,20220218,20220218,135245500,13:52:48,15530,34007,43995,2641208125,1,-1,77650
pb2204,20220218,20220218,135254000,13:52:54,15530,34007,43995,2641208125,0,0,0
pb2204,20220218,20220218,135258500,13:52:59,15530,34007,43995,2641208125,0,0,0
pb2204,20220218,20220218,135259500,13:53:00,15525,34012,44000,2641596250,5,5,388125
pb2204,20220218,20220218,135300000,13:53:00,15525,34012,44000,2641596250,0,0,0
pb2204,20220218,20220218,135302500,13:53:03,15525,34012,44000,2641596250,0,0,0
pb2204,20220218,20220218,135304500,13:53:06,15525,34012,44000,2641596250,0,0,0
pb2204,20220218,20220218,135311500,13:53:12,15525,34013,44000,2641673875,1,0,77625
pb2204,20220218,20220218,135314500,13:53:15,15525,34013,44000,2641673875,0,0,0
pb2204,20220218,20220218,135315000,13:53:15,15525,34041,43997,2643847375,28,-3,2173500
pb2204,20220218,20220218,135315500,13:53:16,15525,34041,43997,2643847375,0,0,0
pb2204,20220218,20220218,135316000,13:53:16,15525,34054,43999,2644856500,13,2,1009125
pb2204,20220218,20220218,135316500,13:53:20,15525,34058,43997,2645167000,4,-2,310500
pb2204,20220218,20220218,135317000,13:53:20,15525,34058,43997,2645167000,0,0,0
pb2204,20220218,20220218,135317500,13:53:20,15525,34058,43997,2645167000,0,0,0
pb2204,20220218,20220218,135319500,13:53:20,15525,34069,43999,2646020875,11,2,853875
pb2204,20220218,20220218,135320000,13:53:20,15525,34069,43999,2646020875,0,0,0
pb2204,20220218,20220218,135320500,13:53:21,15525,34069,43999,2646020875,0,0,0
pb2204,20220218,20220218,135322500,13:53:23,15525,34069,43999,2646020875,0,0,0
pb2204,20220218,20220218,135323000,13:53:23,15525,34071,43999,2646176125,2,0,155250
pb2204,20220218,20220218,135326000,13:53:26,15525,34072,43999,2646253750,1,0,77625
pb2204,20220218,20220218,135328000,13:53:29,15525,34072,43999,2646253750,0,0,0
pb2204,20220218,20220218,135328500,13:53:29,15520,34108,44018,2649047350,36,19,2793600
pb2204,20220218,20220218,135329000,13:53:29,15520,34108,44018,2649047350,0,0,0
pb2204,20220218,20220218,135329500,13:53:29,15520,34108,44018,2649047350,0,0,0
pb2204,20220218,20220218,135330000,13:53:30,15520,34108,44018,2649047350,0,0,0
pb2204,20220218,20220218,135330500,13:53:31,15520,34108,44018,2649047350,0,0,0
pb2204,20220218,20220218,135332000,13:53:32,15520,34108,44018,2649047350,0,0,0
pb2204,20220218,20220218,135335500,13:53:36,15520,34108,44018,2649047350,0,0,0
pb2204,20220218,20220218,135340000,13:53:45,15520,34108,44018,2649047350,0,0,0
pb2204,20220218,20220218,135345000,13:53:46,15525,34110,44016,2649202600,2,-2,155250
pb2204,20220218,20220218,135346000,13:53:47,15520,34111,44016,2649280200,1,0,77600
pb2204,20220218,20220218,135348500,13:53:48,15525,34112,44015,2649357825,1,-1,77625
pb2204,20220218,20220218,135352500,13:53:53,15525,34112,44015,2649357825,0,0,0
pb2204,20220218,20220218,135356000,13:53:56,15525,34122,44018,2650134075,10,3,776250
pb2204,20220218,20220218,135356500,13:53:57,15525,34122,44018,2650134075,0,0,0
pb2204,20220218,20220218,135357000,13:53:57,15525,34123,44018,2650211700,1,0,77625
pb2204,20220218,20220218,135357500,13:53:58,15525,34124,44017,2650289325,1,-1,77625
pb2204,20220218,20220218,135358000,13:53:59,15525,34124,44017,2650289325,0,0,0
pb2204,20220218,20220218,135358500,13:54:00,15525,34124,44017,2650289325,0,0,0
pb2204,20220218,20220218,135405000,13:54:09,15525,34124,44017,2650289325,0,0,0
pb2204,20220218,20220218,135408500,13:54:09,15525,34127,44016,2650522200,3,-1,232875
pb2204,20220218,20220218,135409000,13:54:09,15525,34127,44016,2650522200,0,0,0
pb2204,20220218,20220218,135409500,13:54:10,15525,34128,44017,2650599825,1,1,77625
pb2204,20220218,20220218,135410000,13:54:10,15525,34128,44017,2650599825,0,0,0
pb2204,20220218,20220218,135416500,13:54:16,15525,34128,44017,2650599825,0,0,0
