rb2203,20220218,20220218,112003000,11:20:09,4823,318,2828,15173410,318,23,15173410
rb2203,20220218,20220218,112005000,11:20:10,4823,318,2828,15173410,0,0,0
rb2203,20220218,20220218,112006000,11:20:10,4823,318,2828,15173410,0,0,0
rb2203,20220218,20220218,112006500,11:20:10,4823,318,2828,15173410,0,0,0
rb2203,20220218,20220218,112007000,11:20:10,4823,318,2828,15173410,0,0,0
rb2203,20220218,20220218,112008000,11:20:10,4823,318,2828,15173410,0,0,0
rb2203,20220218,20220218,112016000,11:20:16,4823,318,2828,15173410,0,0,0
rb2203,20220218,20220218,112017000,11:20:17,4823,318,2828,15173410,0,0,0
rb2203,20220218,20220218,112020000,11:20:20,4823,318,2828,15173410,0,0,0
rb2203,20220218,20220218,112020500,11:20:20,4823,318,2828,15173410,0,0,0
rb2203,20220218,20220218,112021000,11:20:21,4823,318,2828,15173410,0,0,0
rb2203,20220218,20220218,112023500,11:20:23,4823,318,2828,15173410,0,0,0
rb2203,20220218,20220218,112029500,11:20:30,4823,318,2828,15173410,0,0,0
rb2203,20220218,20220218,112030000,11:20:31,4823,318,2828,15173410,0,0,0
rb2203,20220218,20220218,112030500,11:20:31,4823,318,2828,15173410,0,0,0
rb2203,20220218,20220218,112031000,11:20:31,4823,318,2828,15173410,0,0,0
rb2203,20220218,20220218,112032500,11:20:32,4823,318,2828,15173410,0,0,0
rb2203,20220218,20220218,112033000,11:20:33,4823,318,2828,15173410,0,0,0
rb2203,20220218,20220218,112033500,11:20:33,4823,318,2828,15173410,0,0,0
rb2203,20220218,20220218,112035000,11:20:35,4823,318,2828,15173410,0,0,0
rb2203,20220218,20220218,112035500,11:20:35,4823,318,2828,15173410,0,0,0
rb2203,20220218,20220218,112036000,11:20:36,4823,318,2828,15173410,0,0,0
rb2203,20220218,20220218,112036500,11:20:37,4823,318,2828,15173410,0,0,0
rb2203,20220218,20220218,112037000,11:20:37,4823,318,2828,15173410,0,0,0
rb2203,20220218,20220218,112040000,11:20:40,4823,318,2828,15173410,0,0,0
rb2203,20220218,20220218,112040500,11:20:41,4823,318,2828,15173410,0,0,0
rb2203,20220218,20220218,112041000,11:20:41,4823,318,2828,15173410,0,0,0
rb2203,20220218,20220218,112042000,11:20:42,4823,318,2828,15173410,0,0,0
rb2203,20220218,20220218,112046000,11:20:46,4823,318,2828,15173410,0,0,0
rb2203,20220218,20220218,112046500,11:20:46,4823,318,2828,15173410,0,0,0
rb2203,20220218,20220218,112048000,11:20:48,4816,319,2828,15221570,1,0,48160
rb2203,20220218,20220218,112048500,11:20:49,4816,319,2828,15221570,0,0,0
rb2203,20220218,20220218,112051000,11:20:51,4816,319,2828,15221570,0,0,0
rb2203,20220218,20220218,112051500,11:20:51,4816,319,2828,15221570,0,0,0
rb2203,20220218,20220218,112052000,11:20:52,4816,319,2828,15221570,0,0,0
rb2203,20220218,20220218,112053500,11:20:53,4816,319,2828,15221570,0,0,0
rb2203,20220218,20220218,112054000,11:20:54,4815,320,2827,15269720,1,-1,48150
rb2203,20220218,20220218,112054500,11:20:55,4815,320,2827,15269720,0,0,0
rb2203,20220218,20220218,112055000,11:20:55,4815,320,2827,15269720,0,0,0
rb2203,20220218,20220218,112055500,11:20:55,4815,320,2827,15269720,0,0,0
rb2203,20220218,20220218,112056000,11:20:56,4815,320,2827,15269720,0,0,0
rb2203,20220218,20220218,112056500,11:20:56,4815,320,2827,15269720,0,0,0
rb2203,20220218,20220218,112057000,11:20:57,4815,320,2827,15269720,0,0,0
rb2203,20220218,20220218,112057500,11:20:58,4815,320,2827,15269720,0,0,0
rb2203,20220218,20220218,112058000,11:20:58,4815,320,2827,15269720,0,0,0
rb2203,20220218,20220218,112058500,11:20:59,4815,320,2827,15269720,0,0,0
rb2203,20220218,20220218,112059000,11:20:59,4815,320,2827,15269720,0,0,0
rb2203,20220218,20220218,112059500,11:21:00,4816,321,2826,15317880,1,-1,48160
rb2203,20220218,20220218,112100000,11:21:00,4816,321,2826,15317880,0,0,0
rb2203,20220218,20220218,112104000,11:21:04,4816,321,2826,15317880,0,0,0
rb2203,20220218,20220218,112105500,11:21:06,4816,321,2826,15317880,0,0,0
rb2203,20220218,20220218,112106000,11:21:07,4820,322,2825,15366080,1,-1,48200
rb2203,20220218,20220218,112106500,11:21:07,4820,322,2825,15366080,0,0,0
rb2203,20220218,20220218,112107000,11:21:09,4820,322,2825,15366080,0,0,0
rb2203,20220218,20220218,112107500,11:21:10,4820,322,2825,15366080,0,0,0
rb2203,20220218,20220218,112108000,11:21:10,4820,322,2825,15366080,0,0,0
rb2203,20220218,20220218,112108500,11:21:10,4820,322,2825,15366080,0,0,0
rb2203,20220218,20220218,112110000,11:21:11,4820,322,2825,15366080,0,0,0
rb2203,20220218,20220218,112110500,11:21:11,4820,322,2825,15366080,0,0,0
rb2203,20220218,20220218,112112000,11:21:12,4820,322,2825,15366080,0,0,0
rb2203,20220218,20220218,112114500,11:21:14,4820,322,2825,15366080,0,0,0
rb2203,20220218,20220218,112116000,11:21:16,4820,322,2825,15366080,0,0,0
rb2203,20220218,20220218,112116500,11:21:16,4820,322,2825,15366080,0,0,0
rb2203,20220218,20220218,112117000,11:21:17,4820,322,2825,15366080,0,0,0
rb2203,20220218,20220218,112118000,11:21:18,4820,322,2825,15366080,0,0,0
rb2203,20220218,20220218,112120000,11:21:20,4820,322,2825,15366080,0,0,0
rb2203,20220218,20220218,112120500,11:21:21,4820,322,2825,15366080,0,0,0
rb2203,20220218,20220218,112331500,11:23:33,4820,322,2825,15366080,0,0,0
rb2203,20220218,20220218,112333500,11:23:33,4820,322,2825,15366080,0,0,0
rb2203,20220218,20220218,112334000,11:23:34,4820,322,2825,15366080,0,0,0
rb2203,20220218,20220218,112334500,11:23:34,4820,322,2825,15366080,0,0,0
rb2203,20220218,20220218,112335000,11:23:35,4820,322,2825,15366080,0,0,0
rb2203,20220218,20220218,112336500,11:23:38,4820,322,2825,15366080,0,0,0
rb2203,20220218,20220218,112337000,11:23:38,4820,322,2825,15366080,0,0,0
rb2203,20220218,20220218,112337500,11:23:38,4820,322,2825,15366080,0,0,0
rb2203,20220218,20220218,112338000,11:23:38,4820,322,2825,15366080,0,0,0
rb2203,20220218,20220218,112338500,11:23:38,4820,322,2825,15366080,0,0,0
rb2203,20220218,20220218,112339000,11:23:39,4820,322,2825,15366080,0,0,0
rb2203,20220218,20220218,112340000,11:23:40,4820,322,2825,15366080,0,0,0
rb2203,20220218,20220218,112340500,11:23:40,4820,322,2825,15366080,0,0,0
rb2203,20220218,20220218,112341000,11:23:41,4820,322,2825,15366080,0,0,0
rb2203,20220218,20220218,112341500,11:23:42,4820,322,2825,15366080,0,0,0
rb2203,20220218,20220218,112342000,11:23:42,4820,322,2825,15366080,0,0,0
rb2203,20220218,20220218,112342500,11:23:42,4820,322,2825,15366080,0,0,0
rb2203,20220218,20220218,112343000,11:23:43,4820,322,2825,15366080,0,0,0
rb2203,20220218,20220218,112343500,11:23:43,4820,322,2825,15366080,0,0,0
rb2203,20220218,20220218,112346000,11:23:48,4820,322,2825,15366080,0,0,0
rb2203,20220218,20220218,112348000,11:23:48,4820,322,2825,15366080,0,0,0
rb2203,20220218,20220218,112349000,11:23:49,4820,322,2825,15366080,0,0,0
rb2203,20220218,20220218,112349500,11:23:50,4820,322,2825,15366080,0,0,0
rb2203,20220218,20220218,112350000,11:23:50,4820,322,2825,15366080,0,0,0
rb2203,20220218,20220218,112350500,11:23:50,4820,322,2825,15366080,0,0,0
rb2203,20220218,20220218,112351000,11:23:51,4820,322,2825,15366080,0,0,0
rb2203,20220218,20220218,112358500,11:23:58,4820,322,2825,15366080,0,0,0
rb2203,20220218,20220218,112359000,11:23:59,4820,322,2825,15366080,0,0,0
rb2203,20220218,20220218,112403000,11:24:03,4820,322,2825,15366080,0,0,0
rb2203,20220218,20220218,112404500,11:24:04,4820,322,2825,15366080,0,0,0
rb2203,20220218,20220218,112405500,11:24:05,4820,322,2825,15366080,0,0,0
rb2203,20220218,20220218,112406000,11:24:06,4820,322,2825,15366080,0,0,0
rb2203,20220218,20220218,112409000,11:24:09,4820,322,2825,15366080,0,0,0
rb2203,20220218,20220218,112426500,11:24:26,4820,322,2825,15366080,0,0,0
rb2203,20220218,20220218,112427000,11:24:27,4820,322,2825,15366080,0,0,0
rb2203,20220218,20220218,112430000,11:24:30,4826,328,2831,15655400,6,6,289320
rb2203,20220218,20220218,112430500,11:24:30,4826,328,2831,15655400,0,0,0
rb2203,20220218,20220218,112437500,11:24:37,4826,328,2831,15655400,0,0,0
rb2203,20220218,20220218,112438000,11:24:39,4828,331,2830,15800240,3,-1,144840
rb2203,20220218,20220218,112438500,11:24:39,4831,335,2830,15993480,4,0,193240
rb2203,20220218,20220218,112439000,11:24:40,4831,335,2830,15993480,0,0,0
rb2203,20220218,20220218,112439500,11:24:40,4831,335,2830,15993480,0,0,0
rb2203,20220218,20220218,112440000,11:24:40,4831,335,2830,15993480,0,0,0
rb2203,20220218,20220218,112447500,11:24:47,4831,335,2830,15993480,0,0,0
rb2203,20220218,20220218,112456000,11:24:56,4831,335,2830,15993480,0,0,0
rb2203,20220218,20220218,112502500,11:25:05,4831,335,2830,15993480,0,0,0
rb2203,20220218,20220218,112503000,11:25:06,4831,335,2830,15993480,0,0,0
rb2203,20220218,20220218,112505000,11:25:06,4836,336,2830,16041840,1,0,48360
rb2203,20220218,20220218,112506500,11:25:07,4836,336,2830,16041840,0,0,0
rb2203,20220218,20220218,112507500,11:25:07,4836,336,2830,16041840,0,0,0
rb2203,20220218,20220218,112509000,11:25:09,4836,336,2830,16041840,0,0,0
rb2203,20220218,20220218,112509500,11:25:09,4838,337,2829,16090220,1,-1,48380
rb2203,20220218,20220218,112510000,11:25:10,4838,337,2829,16090220,0,0,0
rb2203,20220218,20220218,112517500,11:25:18,4838,337,2829,16090220,0,0,0
rb2203,20220218,20220218,112518000,11:25:18,4838,337,2829,16090220,0,0,0
rb2203,20220218,20220218,112519500,11:25:19,4838,337,2829,16090220,0,0,0
rb2203,20220218,20220218,112520500,11:25:21,4838,337,2829,16090220,0,0,0
rb2203,20220218,20220218,112530000,11:25:30,4838,337,2829,16090220,0,0,0
rb2203,20220218,20220218,112530500,11:25:31,4838,337,2829,16090220,0,0,0
rb2203,20220218,20220218,112532500,11:25:32,4838,337,2829,16090220,0,0,0
rb2203,20220218,20220218,112533000,11:25:33,4838,337,2829,16090220,0,0,0
rb2203,20220218,20220218,112534500,11:25:34,4838,337,2829,16090220,0,0,0
rb2203,20220218,20220218,112535000,11:25:36,4838,337,2829,16090220,0,0,0
rb2203,20220218,20220218,112535500,11:25:37,4831,338,2829,16138530,1,0,48310
rb2203,20220218,20220218,112536000,11:25:37,4831,340,2831,16235150,2,2,96620
rb2203,20220218,20220218,112536500,11:25:37,4831,340,2831,16235150,0,0,0
rb2203,20220218,20220218,112540500,11:25:40,4831,340,2831,16235150,0,0,0
rb2203,20220218,20220218,112541500,11:25:41,4831,340,2831,16235150,0,0,0
rb2203,20220218,20220218,112544000,11:25:44,4831,340,2831,16235150,0,0,0
rb2203,20220218,20220218,112544500,11:25:44,4831,340,2831,16235150,0,0,0
rb2203,20220218,20220218,112545500,11:25:46,4831,340,2831,16235150,0,0,0
rb2203,20220218,20220218,112549000,11:25:49,4831,340,2831,16235150,0,0,0
rb2203,20220218,20220218,112549500,11:25:49,4831,340,2831,16235150,0,0,0
rb2203,20220218,20220218,112551500,11:25:51,4831,340,2831,16235150,0,0,0
rb2203,20220218,20220218,112554500,11:25:54,4831,340,2831,16235150,0,0,0
rb2203,20220218,20220218,112556000,11:25:57,4831,340,2831,16235150,0,0,0
rb2203,20220218,20220218,112603500,11:26:03,4831,340,2831,16235150,0,0,0
rb2203,20220218,20220218,112604000,11:26:04,4831,340,2831,16235150,0,0,0
rb2203,20220218,20220218,112605000,11:26:05,4831,340,2831,16235150,0,0,0
rb2203,20220218,20220218,112610500,11:26:10,4831,340,2831,16235150,0,0,0
rb2203,20220218,20220218,112615000,11:26:16,4831,340,2831,16235150,0,0,0
rb2203,20220218,20220218,112618500,11:26:18,4831,340,2831,16235150,0,0,0
rb2203,20220218,20220218,112622000,11:26:22,4831,340,2831,16235150,0,0,0
rb2203,20220218,20220218,112627000,11:26:27,4831,340,2831,16235150,0,0,0
rb2203,20220218,20220218,112627500,11:26:27,4831,340,2831,16235150,0,0,0
rb2203,20220218,20220218,112628000,11:26:28,4831,340,2831,16235150,0,0,0
rb2203,20220218,20220218,112628500,11:26:28,4831,340,2831,16235150,0,0,0
rb2203,20220218,20220218,112631500,11:26:32,4831,340,2831,16235150,0,0,0
rb2203,20220218,20220218,112651500,11:27:11,4831,340,2831,16235150,0,0,0
rb2203,20220218,20220218,112704500,11:27:12,4831,340,2831,16235150,0,0,0
rb2203,20220218,20220218,112712000,11:27:13,4831,340,2831,16235150,0,0,0
rb2203,20220218,20220218,112713500,11:27:14,4831,340,2831,16235150,0,0,0
rb2203,20220218,20220218,112714000,11:27:14,4834,346,2833,16524900,6,2,289750
rb2203,20220218,20220218,112715500,11:27:16,4834,346,2833,16524900,0,0,0
rb2203,20220218,20220218,112716000,11:27:16,4834,346,2833,16524900,0,0,0
rb2203,20220218,20220218,112717500,11:27:17,4834,346,2833,16524900,0,0,0
rb2203,20220218,20220218,112718000,11:27:18,4834,346,2833,16524900,0,0,0
rb2203,20220218,20220218,112718500,11:27:19,4834,346,2833,16524900,0,0,0
rb2203,20220218,20220218,112720000,11:27:20,4834,346,2833,16524900,0,0,0
rb2203,20220218,20220218,112721000,11:27:21,4834,346,2833,16524900,0,0,0
rb2203,20220218,20220218,112722000,11:27:22,4834,347,2832,16573240,1,-1,48340
rb2203,20220218,20220218,112722500,11:27:22,4834,348,2832,16621580,1,0,48340
rb2203,20220218,20220218,112723000,11:27:26,4834,348,2832,16621580,0,0,0
rb2203,20220218,20220218,112723500,11:27:27,4834,348,2832,16621580,0,0,0
rb2203,20220218,20220218,112726000,11:27:27,4834,348,2832,16621580,0,0,0
rb2203,20220218,20220218,112753500,11:27:54,4834,348,2832,16621580,0,0,0
rb2203,20220218,20220218,112800000,11:28:00,4834,348,2832,16621580,0,0,0
rb2203,20220218,20220218,112800500,11:28:01,4834,348,2832,16621580,0,0,0
rb2203,20220218,20220218,112803500,11:28:04,4834,348,2832,16621580,0,0,0
rb2203,20220218,20220218,112806500,11:28:10,4834,348,2832,16621580,0,0,0
rb2203,20220218,20220218,112810000,11:28:11,4834,348,2832,16621580,0,0,0
rb2203,20220218,20220218,112810500,11:28:11,4834,351,2832,16766600,3,0,145020
rb2203,20220218,20220218,112811000,11:28:12,4834,351,2832,16766600,0,0,0
rb2203,20220218,20220218,112811500,11:28:12,4834,351,2832,16766600,0,0,0
rb2203,20220218,20220218,112813000,11:28:13,4834,351,2832,16766600,0,0,0
rb2203,20220218,20220218,112813500,11:28:13,4834,351,2832,16766600,0,0,0
rb2203,20220218,20220218,112814000,11:28:14,4834,351,2832,16766600,0,0,0
rb2203,20220218,20220218,112814500,11:28:14,4834,351,2832,16766600,0,0,0
rb2203,20220218,20220218,112817000,11:28:17,4834,351,2832,16766600,0,0,0
rb2203,20220218,20220218,112821000,11:28:21,4834,351,2832,16766600,0,0,0
rb2203,20220218,20220218,112826500,11:28:26,4834,351,2832,16766600,0,0,0
rb2203,20220218,20220218,112827000,11:28:27,4834,351,2832,16766600,0,0,0
rb2203,20220218,20220218,112829000,11:28:29,4834,351,2832,16766600,0,0,0
rb2203,20220218,20220218,112830000,11:28:30,4834,351,2832,16766600,0,0,0
rb2203,20220218,20220218,112832000,11:28:32,4834,351,2832,16766600,0,0,0
rb2203,20220218,20220218,112832500,11:28:33,4834,351,2832,16766600,0,0,0
rb2203,20220218,20220218,112833000,11:28:33,4834,351,2832,16766600,0,0,0
rb2203,20220218,20220218,112841000,11:28:41,4834,351,2832,16766600,0,0,0
rb2203,20220218,20220218,112845000,11:28:45,4834,351,2832,16766600,0,0,0
rb2203,20220218,20220218,112851000,11:28:51,4834,351,2832,16766600,0,0,0
rb2203,20220218,20220218,112851500,11:28:51,4834,351,2832,16766600,0,0,0
rb2203,20220218,20220218,112852000,11:28:52,4834,351,2832,16766600,0,0,0
rb2203,20220218,20220218,112852500,11:28:53,4834,351,2832,16766600,0,0,0
rb2203,20220218,20220218,112902500,11:29:03,4834,351,2832,16766600,0,0,0
rb2203,20220218,20220218,112906000,11:29:06,4834,351,2832,16766600,0,0,0
rb2203,20220218,20220218,112907000,11:29:07,4834,351,2832,16766600,0,0,0
rb2203,20220218,20220218,112911000,11:29:11,4834,351,2832,16766600,0,0,0
rb2203,20220218,20220218,112912500,11:29:12,4834,351,2832,16766600,0,0,0
rb2203,20220218,20220218,112914000,11:29:14,4834,351,2832,16766600,0,0,0
rb2203,20220218,20220218,112917500,11:29:20,4834,351,2832,16766600,0,0,0
rb2203,20220218,20220218,112920500,11:29:22,4834,351,2832,16766600,0,0,0
rb2203,20220218,20220218,112923000,11:29:24,4834,351,2832,16766600,0,0,0
rb2203,20220218,20220218,112923500,11:29:24,4834,351,2832,16766600,0,0,0
rb2203,20220218,20220218,112924000,11:29:24,4825,352,2832,16814850,1,0,48250
rb2203,20220218,20220218,112924500,11:29:24,4825,352,2832,16814850,0,0,0
rb2203,20220218,20220218,112925000,11:29:25,4825,352,2832,16814850,0,0,0
rb2203,20220218,20220218,112925500,11:29:25,4825,352,2832,16814850,0,0,0
rb2203,20220218,20220218,112926000,11:29:26,4825,352,2832,16814850,0,0,0
rb2203,20220218,20220218,112926500,11:29:26,4825,352,2832,16814850,0,0,0
rb2203,20220218,20220218,112927000,11:29:27,4825,352,2832,16814850,0,0,0
rb2203,20220218,20220218,112927500,11:29:27,4825,352,2832,16814850,0,0,0
rb2203,20220218,20220218,112929000,11:29:29,4825,352,2832,16814850,0,0,0
rb2203,20220218,20220218,112929500,11:29:29,4825,352,2832,16814850,0,0,0
rb2203,20220218,20220218,112930000,11:29:30,4825,352,2832,16814850,0,0,0
rb2203,20220218,20220218,112930500,11:29:30,4825,352,2832,16814850,0,0,0
rb2203,20220218,20220218,112931000,11:29:32,4825,352,2832,16814850,0,0,0
rb2203,20220218,20220218,112931500,11:29:32,4825,352,2832,16814850,0,0,0
rb2203,20220218,20220218,112932000,11:29:32,4825,352,2832,16814850,0,0,0
rb2203,20220218,20220218,112932500,11:29:36,4825,352,2832,16814850,0,0,0
rb2203,20220218,20220218,112936000,11:29:38,4825,352,2832,16814850,0,0,0
rb2203,20220218,20220218,112937000,11:29:38,4825,352,2832,16814850,0,0,0
rb2203,20220218,20220218,112937500,11:29:38,4825,352,2832,16814850,0,0,0
rb2203,20220218,20220218,112938000,11:29:38,4825,352,2832,16814850,0,0,0
rb2203,20220218,20220218,112938500,11:29:38,4825,352,2832,16814850,0,0,0
rb2203,20220218,20220218,112939500,11:29:39,4825,352,2832,16814850,0,0,0
rb2203,20220218,20220218,112944000,11:29:45,4825,352,2832,16814850,0,0,0
rb2203,20220218,20220218,112944500,11:29:45,4825,352,2832,16814850,0,0,0
rb2203,20220218,20220218,112945000,11:29:46,4825,352,2832,16814850,0,0,0
rb2203,20220218,20220218,112945500,11:29:46,4825,352,2832,16814850,0,0,0
rb2203,20220218,20220218,112946000,11:29:46,4825,352,2832,16814850,0,0,0
rb2203,20220218,20220218,112948000,11:29:48,4825,352,2832,16814850,0,0,0
rb2203,20220218,20220218,112948500,11:29:49,4825,352,2832,16814850,0,0,0
rb2203,20220218,20220218,112949000,11:29:50,4825,352,2832,16814850,0,0,0
rb2203,20220218,20220218,112950500,11:29:51,4825,352,2832,16814850,0,0,0
rb2203,20220218,20220218,112951500,11:29:52,4825,352,2832,16814850,0,0,0
rb2203,20220218,20220218,112952000,11:29:52,4825,352,2832,16814850,0,0,0
rb2203,20220218,20220218,112952500,11:29:53,4825,352,2832,16814850,0,0,0
rb2203,20220218,20220218,112953000,11:29:53,4825,352,2832,16814850,0,0,0
rb2203,20220218,20220218,112954500,11:29:54,4825,352,2832,16814850,0,0,0
rb2203,20220218,20220218,112955500,11:29:55,4825,352,2832,16814850,0,0,0
rb2203,20220218,20220218,112956000,11:29:56,4825,352,2832,16814850,0,0,0
rb2203,20220218,20220218,112956500,11:30:00,4825,352,2832,16814850,0,0,0
rb2203,20220218,20220218,112957000,11:30:00,4825,352,2832,16814850,0,0,0
rb2203,20220218,20220218,112957500,11:30:02,4825,352,2832,16814850,0,0,0
rb2203,20220218,20220218,112959500,11:30:02,4825,352,2832,16814850,0,0,0
rb2203,20220218,20220218,113000000,11:30:03,4825,352,2832,16814850,0,0,0
rb2203,20220218,20220218,113000500,11:30:03,4825,352,2832,16814850,0,0,0
rb2203,20220218,20220218,113001500,11:30:03,4825,352,2832,16814850,0,0,0
rb2203,20220218,20220218,133002000,13:30:08,4825,352,2832,16814850,0,0,0
rb2203,20220218,20220218,133002500,13:30:08,4825,352,2832,16814850,0,0,0
rb2203,20220218,20220218,133008000,13:30:10,4825,352,2832,16814850,0,0,0
rb2203,20220218,20220218,133009500,13:30:11,4825,352,2832,16814850,0,0,0
rb2203,20220218,20220218,133010500,13:30:11,4825,352,2832,16814850,0,0,0
rb2203,20220218,20220218,133011000,13:30:12,4825,352,2832,16814850,0,0,0
rb2203,20220218,20220218,133011500,13:30:13,4825,352,2832,16814850,0,0,0
rb2203,20220218,20220218,133012000,13:30:13,4825,352,2832,16814850,0,0,0
rb2203,20220218,20220218,133014000,13:30:15,4825,352,2832,16814850,0,0,0
rb2203,20220218,20220218,133015000,13:30:17,4825,352,2832,16814850,0,0,0
rb2203,20220218,20220218,133016500,13:30:18,4825,352,2832,16814850,0,0,0
rb2203,20220218,20220218,133017000,13:30:18,4825,352,2832,16814850,0,0,0
rb2203,20220218,20220218,133038000,13:30:41,4825,352,2832,16814850,0,0,0
rb2203,20220218,20220218,133038500,13:30:41,4825,352,2832,16814850,0,0,0
rb2203,20220218,20220218,133039000,13:30:43,4825,352,2832,16814850,0,0,0
rb2203,20220218,20220218,133041000,13:30:43,4825,352,2832,16814850,0,0,0
rb2203,20220218,20220218,133041500,13:30:43,4825,352,2832,16814850,0,0,0
rb2203,20220218,20220218,133042500,13:30:44,4825,352,2832,16814850,0,0,0
rb2203,20220218,20220218,133043000,13:30:44,4825,352,2832,16814850,0,0,0
rb2203,20220218,20220218,133043500,13:30:44,4825,352,2832,16814850,0,0,0
rb2203,20220218,20220218,133044500,13:30:46,4825,352,2832,16814850,0,0,0
rb2203,20220218,20220218,133045000,13:30:46,4825,352,2832,16814850,0,0,0
rb2203,20220218,20220218,133045500,13:30:46,4825,352,2832,16814850,0,0,0
rb2203,20220218,20220218,133046000,13:30:47,4825,352,2832,16814850,0,0,0
rb2203,20220218,20220218,133046500,13:30:47,4825,352,2832,16814850,0,0,0
rb2203,20220218,20220218,133047000,13:30:47,4825,352,2832,16814850,0,0,0
rb2203,20220218,20220218,133047500,13:30:48,4825,352,2832,16814850,0,0,0
rb2203,20220218,20220218,133048000,13:30:48,4825,352,2832,16814850,0,0,0
rb2203,20220218,20220218,133049000,13:30:49,4825,352,2832,16814850,0,0,0
rb2203,20220218,20220218,133049500,13:30:50,4825,352,2832,16814850,0,0,0
rb2203,20220218,20220218,133050000,13:30:50,4825,352,2832,16814850,0,0,0
rb2203,20220218,20220218,133050500,13:30:51,4825,352,2832,16814850,0,0,0
rb2203,20220218,20220218,133051000,13:30:52,4825,352,2832,16814850,0,0,0
rb2203,20220218,20220218,133051500,13:30:52,4825,352,2832,16814850,0,0,0
rb2203,20220218,20220218,133052000,13:30:52,4825,352,2832,16814850,0,0,0
rb2203,20220218,20220218,133056500,13:30:57,4825,352,2832,16814850,0,0,0
rb2203,20220218,20220218,133057000,13:30:57,4825,352,2832,16814850,0,0,0
rb2203,20220218,20220218,133057500,13:30:58,4825,352,2832,16814850,0,0,0
rb2203,20220218,20220218,133100500,13:31:00,4825,352,2832,16814850,0,0,0
rb2203,20220218,20220218,133101000,13:31:01,4825,352,2832,16814850,0,0,0
rb2203,20220218,20220218,133101500,13:31:01,4825,352,2832,16814850,0,0,0
rb2203,20220218,20220218,133102000,13:31:02,4825,352,2832,16814850,0,0,0
rb2203,20220218,20220218,133103000,13:31:03,4825,352,2832,16814850,0,0,0
rb2203,20220218,20220218,133103500,13:31:04,4825,352,2832,16814850,0,0,0
rb2203,20220218,20220218,133104000,13:31:06,4825,352,2832,16814850,0,0,0
rb2203,20220218,20220218,133107500,13:31:09,4825,352,2832,16814850,0,0,0
rb2203,20220218,20220218,133108000,13:31:09,4825,352,2832,16814850,0,0,0
rb2203,20220218,20220218,133109500,13:31:10,4825,352,2832,16814850,0,0,0
rb2203,20220218,20220218,133110000,13:31:11,4825,352,2832,16814850,0,0,0
rb2203,20220218,20220218,133110500,13:31:11,4825,352,2832,16814850,0,0,0
rb2203,20220218,20220218,133111000,13:31:11,4825,352,2832,16814850,0,0,0
rb2203,20220218,20220218,133111500,13:31:12,4825,352,2832,16814850,0,0,0
rb2203,20220218,20220218,133112000,13:31:12,4825,352,2832,16814850,0,0,0
rb2203,20220218,20220218,133112500,13:31:13,4825,352,2832,16814850,0,0,0
rb2203,20220218,20220218,133114500,13:31:15,4825,352,2832,16814850,0,0,0
rb2203,20220218,20220218,133115000,13:31:15,4825,352,2832,16814850,0,0,0
rb2203,20220218,20220218,133115500,13:31:15,4825,352,2832,16814850,0,0,0
rb2203,20220218,20220218,133116000,13:31:16,4825,352,2832,16814850,0,0,0
rb2203,20220218,20220218,133119500,13:31:20,4825,352,2832,16814850,0,0,0
rb2203,20220218,20220218,133120500,13:31:21,4825,352,2832,16814850,0,0,0
rb2203,20220218,20220218,133123000,13:31:25,4825,352,2832,16814850,0,0,0
rb2203,20220218,20220218,133123500,13:31:25,4825,352,2832,16814850,0,0,0
rb2203,20220218,20220218,133124000,13:31:25,4825,352,2832,16814850,0,0,0
rb2203,20220218,20220218,133124500,13:31:25,4825,352,2832,16814850,0,0,0
rb2203,20220218,20220218,133200500,13:32:01,4825,352,2832,16814850,0,0,0
rb2203,20220218,20220218,133201000,13:32:01,4825,352,2832,16814850,0,0,0
rb2203,20220218,20220218,133201500,13:32:01,4825,352,2832,16814850,0,0,0
rb2203,20220218,20220218,133208000,13:32:09,4825,352,2832,16814850,0,0,0
rb2203,20220218,20220218,133208500,13:32:10,4825,352,2832,16814850,0,0,0
rb2203,20220218,20220218,133210500,13:32:13,4825,352,2832,16814850,0,0,0
rb2203,20220218,20220218,133213000,13:32:15,4825,352,2832,16814850,0,0,0
rb2203,20220218,20220218,133213500,13:32:15,4825,352,2832,16814850,0,0,0
rb2203,20220218,20220218,133214000,13:32:15,4825,352,2832,16814850,0,0,0
rb2203,20220218,20220218,133214500,13:32:16,4825,352,2832,16814850,0,0,0
rb2203,20220218,20220218,133218000,13:32:18,4825,352,2832,16814850,0,0,0
rb2203,20220218,20220218,133218500,13:32:18,4825,352,2832,16814850,0,0,0
rb2203,20220218,20220218,133219000,13:32:19,4825,352,2832,16814850,0,0,0
rb2203,20220218,20220218,133221000,13:32:21,4825,352,2832,16814850,0,0,0
rb2203,20220218,20220218,133222000,13:32:22,4825,352,2832,16814850,0,0,0
rb2203,20220218,20220218,133222500,13:32:23,4825,352,2832,16814850,0,0,0
rb2203,20220218,20220218,133223000,13:32:24,4825,352,2832,16814850,0,0,0
rb2203,20220218,20220218,133223500,13:32:24,4825,352,2832,16814850,0,0,0
rb2203,20220218,20220218,133227000,13:32:27,4825,352,2832,16814850,0,0,0
rb2203,20220218,20220218,133227500,13:32:27,4825,352,2832,16814850,0,0,0
rb2203,20220218,20220218,133228000,13:32:32,4825,352,2832,16814850,0,0,0
rb2203,20220218,20220218,133228500,13:32:32,4825,352,2832,16814850,0,0,0
rb2203,20220218,20220218,133229500,13:32:33,4825,352,2832,16814850,0,0,0
rb2203,20220218,20220218,133232000,13:32:35,4825,352,2832,16814850,0,0,0
rb2203,20220218,20220218,133233500,13:32:35,4825,352,2832,16814850,0,0,0
rb2203,20220218,20220218,133239000,13:32:39,4807,360,2838,17200000,8,6,385150
rb2203,20220218,20220218,133239500,13:32:39,4807,360,2838,17200000,0,0,0
rb2203,20220218,20220218,133240500,13:32:40,4807,360,2838,17200000,0,0,0
rb2203,20220218,20220218,133241000,13:32:41,4807,360,2838,17200000,0,0,0
rb2203,20220218,20220218,133244000,13:32:44,4807,360,2838,17200000,0,0,0
rb2203,20220218,20220218,133244500,13:32:45,4807,360,2838,17200000,0,0,0
rb2203,20220218,20220218,133245000,13:32:45,4807,360,2838,17200000,0,0,0
rb2203,20220218,20220218,133245500,13:32:45,4807,360,2838,17200000,0,0,0
rb2203,20220218,20220218,133246000,13:32:47,4807,360,2838,17200000,0,0,0
rb2203,20220218,20220218,133246500,13:32:47,4807,360,2838,17200000,0,0,0
rb2203,20220218,20220218,133247000,13:32:47,4807,360,2838,17200000,0,0,0
rb2203,20220218,20220218,133247500,13:32:48,4823,365,2833,17441150,5,-5,241150
rb2203,20220218,20220218,133248000,13:32:48,4823,365,2833,17441150,0,0,0
rb2203,20220218,20220218,133249000,13:32:49,4823,365,2833,17441150,0,0,0
rb2203,20220218,20220218,133249500,13:32:50,4823,365,2833,17441150,0,0,0
rb2203,20220218,20220218,133250000,13:32:50,4823,365,2833,17441150,0,0,0
rb2203,20220218,20220218,133251000,13:32:52,4823,365,2833,17441150,0,0,0
rb2203,20220218,20220218,133251500,13:32:53,4823,365,2833,17441150,0,0,0
rb2203,20220218,20220218,133253500,13:32:54,4823,365,2833,17441150,0,0,0
rb2203,20220218,20220218,133254000,13:32:54,4823,365,2833,17441150,0,0,0
rb2203,20220218,20220218,133258000,13:33:00,4823,365,2833,17441150,0,0,0
rb2203,20220218,20220218,133258500,13:33:00,4823,365,2833,17441150,0,0,0
rb2203,20220218,20220218,133259000,13:33:01,4823,365,2833,17441150,0,0,0
rb2203,20220218,20220218,133300000,13:33:01,4823,365,2833,17441150,0,0,0
rb2203,20220218,20220218,133300500,13:33:01,4823,365,2833,17441150,0,0,0
rb2203,20220218,20220218,133301000,13:33:02,4823,365,2833,17441150,0,0,0
rb2203,20220218,20220218,133302500,13:33:03,4823,365,2833,17441150,0,0,0
rb2203,20220218,20220218,133303500,13:33:04,4823,365,2833,17441150,0,0,0
rb2203,20220218,20220218,133304000,13:33:04,4823,365,2833,17441150,0,0,0
rb2203,20220218,20220218,133304500,13:33:05,4823,365,2833,17441150,0,0,0
rb2203,20220218,20220218,133305500,13:33:05,4823,365,2833,17441150,0,0,0
rb2203,20220218,20220218,133306000,13:33:06,4823,365,2833,17441150,0,0,0
rb2203,20220218,20220218,133311000,13:33:13,4823,365,2833,17441150,0,0,0
rb2203,20220218,20220218,133315000,13:33:18,4823,365,2833,17441150,0,0,0
rb2203,20220218,20220218,133315500,13:33:18,4823,365,2833,17441150,0,0,0
rb2203,20220218,20220218,133318000,13:33:19,4823,365,2833,17441150,0,0,0
rb2203,20220218,20220218,133318500,13:33:19,4823,365,2833,17441150,0,0,0
rb2203,20220218,20220218,133319000,13:33:20,4823,365,2833,17441150,0,0,0
rb2203,20220218,20220218,133320000,13:33:21,4823,365,2833,17441150,0,0,0
rb2203,20220218,20220218,133321000,13:33:22,4823,365,2833,17441150,0,0,0
rb2203,20220218,20220218,133321500,13:33:22,4823,365,2833,17441150,0,0,0
rb2203,20220218,20220218,133324500,13:33:25,4823,365,2833,17441150,0,0,0
rb2203,20220218,20220218,133325000,13:33:26,4823,365,2833,17441150,0,0,0
rb2203,20220218,20220218,133327500,13:33:29,4823,365,2833,17441150,0,0,0
rb2203,20220218,20220218,133333500,13:33:33,4823,365,2833,17441150,0,0,0
rb2203,20220218,20220218,133334000,13:33:34,4823,365,2833,17441150,0,0,0
rb2203,20220218,20220218,133335000,13:33:35,4823,365,2833,17441150,0,0,0
rb2203,20220218,20220218,133338000,13:33:38,4823,365,2833,17441150,0,0,0
rb2203,20220218,20220218,133400000,13:34:00,4823,365,2833,17441150,0,0,0
rb2203,20220218,20220218,133400500,13:34:00,4823,365,2833,17441150,0,0,0
rb2203,20220218,20220218,133409500,13:34:12,4823,365,2833,17441150,0,0,0
rb2203,20220218,20220218,133420500,13:34:21,4823,365,2833,17441150,0,0,0
rb2203,20220218,20220218,133424000,13:34:24,4823,365,2833,17441150,0,0,0
rb2203,20220218,20220218,133424500,13:34:24,4823,365,2833,17441150,0,0,0
rb2203,20220218,20220218,133432500,13:34:32,4823,365,2833,17441150,0,0,0
rb2203,20220218,20220218,133438000,13:34:38,4823,365,2833,17441150,0,0,0
rb2203,20220218,20220218,133445000,13:34:46,4823,365,2833,17441150,0,0,0
rb2203,20220218,20220218,133445500,13:34:46,4823,365,2833,17441150,0,0,0
rb2203,20220218,20220218,133446000,13:34:46,4823,365,2833,17441150,0,0,0
rb2203,20220218,20220218,133458500,13:34:58,4823,365,2833,17441150,0,0,0
rb2203,20220218,20220218,133504500,13:35:10,4823,365,2833,17441150,0,0,0
rb2203,20220218,20220218,133514500,13:35:14,4823,365,2833,17441150,0,0,0
rb2203,20220218,20220218,133518500,13:35:19,4823,365,2833,17441150,0,0,0
rb2203,20220218,20220218,133519000,13:35:19,4817,366,2832,17489320,1,-1,48170
rb2203,20220218,20220218,133519500,13:35:20,4817,366,2832,17489320,0,0,0
rb2203,20220218,20220218,133522000,13:35:22,4817,366,2832,17489320,0,0,0
rb2203,20220218,20220218,133522500,13:35:23,4817,366,2832,17489320,0,0,0
rb2203,20220218,20220218,133523000,13:35:23,4817,366,2832,17489320,0,0,0
rb2203,20220218,20220218,133524500,13:35:25,4817,366,2832,17489320,0,0,0
rb2203,20220218,20220218,133525000,13:35:25,4817,366,2832,17489320,0,0,0
rb2203,20220218,20220218,133525500,13:35:26,4817,366,2832,17489320,0,0,0
rb2203,20220218,20220218,133526000,13:35:26,4818,367,2831,17537500,1,-1,48180
rb2203,20220218,20220218,133526500,13:35:27,4818,367,2831,17537500,0,0,0
rb2203,20220218,20220218,133527000,13:35:27,4818,367,2831,17537500,0,0,0
rb2203,20220218,20220218,133527500,13:35:31,4818,367,2831,17537500,0,0,0
rb2203,20220218,20220218,133532500,13:35:42,4818,367,2831,17537500,0,0,0
rb2203,20220218,20220218,133540500,13:35:43,4818,367,2831,17537500,0,0,0
rb2203,20220218,20220218,133543500,13:35:44,4818,367,2831,17537500,0,0,0
rb2203,20220218,20220218,133544000,13:35:44,4818,367,2831,17537500,0,0,0
rb2203,20220218,20220218,133544500,13:35:45,4818,367,2831,17537500,0,0,0
rb2203,20220218,20220218,133546000,13:35:46,4818,367,2831,17537500,0,0,0
rb2203,20220218,20220218,133547500,13:35:48,4818,367,2831,17537500,0,0,0
rb2203,20220218,20220218,133548000,13:35:48,4818,367,2831,17537500,0,0,0
rb2203,20220218,20220218,133549000,13:35:49,4818,367,2831,17537500,0,0,0
rb2203,20220218,20220218,133549500,13:35:49,4818,367,2831,17537500,0,0,0
rb2203,20220218,20220218,133550000,13:35:50,4818,367,2831,17537500,0,0,0
rb2203,20220218,20220218,133550500,13:35:50,4818,367,2831,17537500,0,0,0
rb2203,20220218,20220218,133555500,13:35:56,4818,367,2831,17537500,0,0,0
rb2203,20220218,20220218,133557500,13:35:59,4818,367,2831,17537500,0,0,0
rb2203,20220218,20220218,133603000,13:36:04,4818,367,2831,17537500,0,0,0
rb2203,20220218,20220218,133603500,13:36:05,4818,367,2831,17537500,0,0,0
rb2203,20220218,20220218,133604000,13:36:05,4818,367,2831,17537500,0,0,0
rb2203,20220218,20220218,133609000,13:36:09,4818,367,2831,17537500,0,0,0
rb2203,20220218,20220218,133613500,13:36:14,4818,367,2831,17537500,0,0,0
rb2203,20220218,20220218,133614000,13:36:14,4818,367,2831,17537500,0,0,0
rb2203,20220218,20220218,133614500,13:36:14,4818,367,2831,17537500,0,0,0
rb2203,20220218,20220218,133616500,13:36:16,4818,367,2831,17537500,0,0,0
rb2203,20220218,20220218,133621000,13:36:21,4818,367,2831,17537500,0,0,0
rb2203,20220218,20220218,133624000,13:36:24,4818,367,2831,17537500,0,0,0
rb2203,20220218,20220218,133624500,13:36:24,4818,367,2831,17537500,0,0,0
rb2203,20220218,20220218,133627000,13:36:27,4818,367,2831,17537500,0,0,0
rb2203,20220218,20220218,133633500,13:36:33,4818,367,2831,17537500,0,0,0
rb2203,20220218,20220218,133634000,13:36:34,4818,367,2831,17537500,0,0,0
rb2203,20220218,20220218,133635500,13:36:36,4818,367,2831,17537500,0,0,0
rb2203,20220218,20220218,133636000,13:36:36,4818,367,2831,17537500,0,0,0
rb2203,20220218,20220218,133637000,13:36:37,4818,367,2831,17537500,0,0,0
rb2203,20220218,20220218,133640000,13:36:40,4818,367,2831,17537500,0,0,0
rb2203,20220218,20220218,133640500,13:36:40,4818,367,2831,17537500,0,0,0
rb2203,20220218,20220218,133644000,13:36:44,4818,367,2831,17537500,0,0,0
rb2203,20220218,20220218,133644500,13:36:44,4818,367,2831,17537500,0,0,0
rb2203,20220218,20220218,133645500,13:36:46,4818,367,2831,17537500,0,0,0
rb2203,20220218,20220218,133659500,13:36:59,4818,367,2831,17537500,0,0,0
rb2203,20220218,20220218,133700500,13:37:00,4818,367,2831,17537500,0,0,0
rb2203,20220218,20220218,133701500,13:37:01,4818,367,2831,17537500,0,0,0
rb2203,20220218,20220218,133703000,13:37:03,4818,367,2831,17537500,0,0,0
rb2203,20220218,20220218,133709000,13:37:09,4818,367,2831,17537500,0,0,0
rb2203,20220218,20220218,133713000,13:37:14,4818,367,2831,17537500,0,0,0
rb2203,20220218,20220218,133713500,13:37:14,4818,367,2831,17537500,0,0,0
rb2203,20220218,20220218,133716000,13:37:16,4818,367,2831,17537500,0,0,0
rb2203,20220218,20220218,133716500,13:37:16,4818,367,2831,17537500,0,0,0
rb2203,20220218,20220218,133717000,13:37:17,4818,367,2831,17537500,0,0,0
rb2203,20220218,20220218,133717500,13:37:18,4818,367,2831,17537500,0,0,0
rb2203,20220218,20220218,133718500,13:37:19,4818,367,2831,17537500,0,0,0
rb2203,20220218,20220218,133725000,13:37:25,4818,367,2831,17537500,0,0,0
rb2203,20220218,20220218,133725500,13:37:26,4824,368,2832,17585740,1,1,48240
rb2203,20220218,20220218,133726000,13:37:26,4824,368,2832,17585740,0,0,0
rb2203,20220218,20220218,133726500,13:37:27,4824,368,2832,17585740,0,0,0
rb2203,20220218,20220218,133727000,13:37:27,4824,368,2832,17585740,0,0,0
rb2203,20220218,20220218,133732000,13:37:32,4824,368,2832,17585740,0,0,0
rb2203,20220218,20220218,133732500,13:37:33,4824,368,2832,17585740,0,0,0
rb2203,20220218,20220218,133734000,13:37:34,4824,368,2832,17585740,0,0,0
rb2203,20220218,20220218,133737500,13:37:37,4824,368,2832,17585740,0,0,0
rb2203,20220218,20220218,133738000,13:37:38,4824,368,2832,17585740,0,0,0
rb2203,20220218,20220218,133739000,13:37:39,4824,368,2832,17585740,0,0,0
rb2203,20220218,20220218,133740000,13:37:40,4824,368,2832,17585740,0,0,0
rb2203,20220218,20220218,133741000,13:37:41,4824,368,2832,17585740,0,0,0
rb2203,20220218,20220218,133743500,13:37:44,4824,368,2832,17585740,0,0,0
rb2203,20220218,20220218,133744000,13:37:44,4824,368,2832,17585740,0,0,0
rb2203,20220218,20220218,133747500,13:37:48,4824,368,2832,17585740,0,0,0
rb2203,20220218,20220218,133748000,13:37:48,4824,368,2832,17585740,0,0,0
rb2203,20220218,20220218,133748500,13:37:48,4824,368,2832,17585740,0,0,0
rb2203,20220218,20220218,133749500,13:37:49,4824,368,2832,17585740,0,0,0
rb2203,20220218,20220218,133751000,13:37:51,4824,368,2832,17585740,0,0,0
rb2203,20220218,20220218,133752000,13:37:53,4824,368,2832,17585740,0,0,0
rb2203,20220218,20220218,133753000,13:37:54,4812,371,2835,17730100,3,3,144360
rb2203,20220218,20220218,133753500,13:37:55,4812,371,2835,17730100,0,0,0
rb2203,20220218,20220218,133754000,13:37:55,4812,371,2835,17730100,0,0,0
rb2203,20220218,20220218,133757500,13:37:58,4812,371,2835,17730100,0,0,0
rb2203,20220218,20220218,133758000,13:37:58,4812,371,2835,17730100,0,0,0
rb2203,20220218,20220218,133758500,13:37:59,4812,371,2835,17730100,0,0,0
rb2203,20220218,20220218,133759000,13:37:59,4812,371,2835,17730100,0,0,0
rb2203,20220218,20220218,133800000,13:38:00,4812,371,2835,17730100,0,0,0
rb2203,20220218,20220218,133800500,13:38:02,4812,371,2835,17730100,0,0,0
rb2203,20220218,20220218,133802500,13:38:05,4812,371,2835,17730100,0,0,0
rb2203,20220218,20220218,133805000,13:38:07,4812,371,2835,17730100,0,0,0
rb2203,20220218,20220218,133806500,13:38:09,4812,371,2835,17730100,0,0,0
rb2203,20220218,20220218,133807000,13:38:09,4812,371,2835,17730100,0,0,0
rb2203,20220218,20220218,133808000,13:38:09,4812,371,2835,17730100,0,0,0
rb2203,20220218,20220218,133810000,13:38:10,4812,371,2835,17730100,0,0,0
rb2203,20220218,20220218,133810500,13:38:10,4812,371,2835,17730100,0,0,0
rb2203,20220218,20220218,133814500,13:38:17,4812,371,2835,17730100,0,0,0
rb2203,20220218,20220218,133816500,13:38:18,4812,371,2835,17730100,0,0,0
rb2203,20220218,20220218,133823500,13:38:24,4812,371,2835,17730100,0,0,0
rb2203,20220218,20220218,133825000,13:38:41,4812,371,2835,17730100,0,0,0
rb2203,20220218,20220218,133837000,13:38:43,4812,371,2835,17730100,0,0,0
rb2203,20220218,20220218,133845000,13:38:45,4812,371,2835,17730100,0,0,0
rb2203,20220218,20220218,133855000,13:38:55,4812,371,2835,17730100,0,0,0
rb2203,20220218,20220218,133856500,13:38:56,4820,372,2835,17778300,1,0,48200
rb2203,20220218,20220218,133858000,13:38:58,4820,375,2835,17922900,3,0,144600
rb2203,20220218,20220218,133900000,13:39:00,4820,375,2835,17922900,0,0,0
rb2203,20220218,20220218,133914000,13:39:14,4820,375,2835,17922900,0,0,0
rb2203,20220218,20220218,133914500,13:39:15,4820,375,2835,17922900,0,0,0
rb2203,20220218,20220218,133932500,13:39:32,4820,375,2835,17922900,0,0,0
rb2203,20220218,20220218,133940500,13:39:41,4820,375,2835,17922900,0,0,0
rb2203,20220218,20220218,133945000,13:39:45,4820,375,2835,17922900,0,0,0
rb2203,20220218,20220218,133945500,13:39:46,4820,375,2835,17922900,0,0,0
rb2203,20220218,20220218,133946000,13:39:46,4820,375,2835,17922900,0,0,0
rb2203,20220218,20220218,133948000,13:39:48,4814,376,2834,17971040,1,-1,48140
rb2203,20220218,20220218,133948500,13:39:48,4814,376,2834,17971040,0,0,0
rb2203,20220218,20220218,133952000,13:39:52,4814,376,2834,17971040,0,0,0
rb2203,20220218,20220218,134008000,13:40:13,4814,376,2834,17971040,0,0,0
rb2203,20220218,20220218,134013500,13:40:13,4820,379,2834,18115640,3,0,144600
rb2203,20220218,20220218,134016000,13:40:16,4820,379,2834,18115640,0,0,0
rb2203,20220218,20220218,134016500,13:40:16,4819,381,2834,18212020,2,0,96380
rb2203,20220218,20220218,134020000,13:40:20,4819,381,2834,18212020,0,0,0
rb2203,20220218,20220218,134020500,13:40:21,4819,381,2834,18212020,0,0,0
rb2203,20220218,20220218,134023000,13:40:23,4819,381,2834,18212020,0,0,0
rb2203,20220218,20220218,134023500,13:40:23,4819,381,2834,18212020,0,0,0
rb2203,20220218,20220218,134024000,13:40:24,4819,381,2834,18212020,0,0,0
rb2203,20220218,20220218,134024500,13:40:25,4819,381,2834,18212020,0,0,0
rb2203,20220218,20220218,134025000,13:40:25,4819,381,2834,18212020,0,0,0
rb2203,20220218,20220218,134026000,13:40:26,4819,381,2834,18212020,0,0,0
rb2203,20220218,20220218,134026500,13:40:27,4819,381,2834,18212020,0,0,0
rb2203,20220218,20220218,134027000,13:40:27,4819,381,2834,18212020,0,0,0
rb2203,20220218,20220218,134028500,13:40:29,4819,381,2834,18212020,0,0,0
rb2203,20220218,20220218,134029000,13:40:30,4820,383,2834,18308420,2,0,96400
rb2203,20220218,20220218,134029500,13:40:30,4820,383,2834,18308420,0,0,0
rb2203,20220218,20220218,134030500,13:40:30,4820,383,2834,18308420,0,0,0
rb2203,20220218,20220218,134038500,13:40:38,4820,383,2834,18308420,0,0,0
rb2203,20220218,20220218,134039000,13:40:39,4820,383,2834,18308420,0,0,0
rb2203,20220218,20220218,134043000,13:40:43,4810,384,2835,18356520,1,1,48100
rb2203,20220218,20220218,134044500,13:40:44,4810,384,2835,18356520,0,0,0
rb2203,20220218,20220218,134045000,13:40:45,4822,385,2836,18404740,1,1,48220
rb2203,20220218,20220218,134047000,13:40:47,4822,385,2836,18404740,0,0,0
rb2203,20220218,20220218,134047500,13:40:47,4821,386,2836,18452950,1,0,48210
rb2203,20220218,20220218,134049500,13:40:49,4821,386,2836,18452950,0,0,0
rb2203,20220218,20220218,134050000,13:40:50,4821,386,2836,18452950,0,0,0
rb2203,20220218,20220218,134051000,13:40:51,4821,386,2836,18452950,0,0,0
rb2203,20220218,20220218,134051500,13:40:55,4821,386,2836,18452950,0,0,0
rb2203,20220218,20220218,134052000,13:40:55,4821,386,2836,18452950,0,0,0
rb2203,20220218,20220218,134055000,13:40:55,4821,386,2836,18452950,0,0,0
rb2203,20220218,20220218,134056500,13:40:58,4821,386,2836,18452950,0,0,0
rb2203,20220218,20220218,134057000,13:40:58,4821,386,2836,18452950,0,0,0
rb2203,20220218,20220218,134057500,13:40:58,4821,386,2836,18452950,0,0,0
rb2203,20220218,20220218,134059000,13:40:59,4821,386,2836,18452950,0,0,0
rb2203,20220218,20220218,134100500,13:41:00,4821,386,2836,18452950,0,0,0
rb2203,20220218,20220218,134103500,13:41:05,4821,386,2836,18452950,0,0,0
rb2203,20220218,20220218,134107000,13:41:07,4821,386,2836,18452950,0,0,0
rb2203,20220218,20220218,134110500,13:41:10,4821,386,2836,18452950,0,0,0
rb2203,20220218,20220218,134111000,13:41:11,4821,386,2836,18452950,0,0,0
rb2203,20220218,20220218,134111500,13:41:11,4821,386,2836,18452950,0,0,0
rb2203,20220218,20220218,134113500,13:41:13,4821,386,2836,18452950,0,0,0
rb2203,20220218,20220218,134115000,13:41:16,4821,386,2836,18452950,0,0,0
rb2203,20220218,20220218,134115500,13:41:16,4821,386,2836,18452950,0,0,0
rb2203,20220218,20220218,134116500,13:41:17,4821,386,2836,18452950,0,0,0
rb2203,20220218,20220218,134128000,13:41:28,4821,386,2836,18452950,0,0,0
rb2203,20220218,20220218,134128500,13:41:28,4821,386,2836,18452950,0,0,0
rb2203,20220218,20220218,134132000,13:41:32,4821,386,2836,18452950,0,0,0
rb2203,20220218,20220218,134133000,13:41:33,4821,386,2836,18452950,0,0,0
rb2203,20220218,20220218,134133500,13:41:34,4821,386,2836,18452950,0,0,0
rb2203,20220218,20220218,134149000,13:41:49,4822,387,2835,18501170,1,-1,48220
rb2203,20220218,20220218,134149500,13:41:50,4822,387,2835,18501170,0,0,0
rb2203,20220218,20220218,134150000,13:41:50,4822,388,2834,18549390,1,-1,48220
rb2203,20220218,20220218,134151500,13:41:51,4822,388,2834,18549390,0,0,0
rb2203,20220218,20220218,134152000,13:41:52,4822,388,2834,18549390,0,0,0
rb2203,20220218,20220218,134153000,13:41:53,4822,388,2834,18549390,0,0,0
rb2203,20220218,20220218,134153500,13:41:54,4822,388,2834,18549390,0,0,0
rb2203,20220218,20220218,134154000,13:42:02,4822,388,2834,18549390,0,0,0
rb2203,20220218,20220218,134158000,13:42:11,4822,388,2834,18549390,0,0,0
rb2203,20220218,20220218,134207500,13:42:12,4822,388,2834,18549390,0,0,0
rb2203,20220218,20220218,134226500,13:42:27,4822,388,2834,18549390,0,0,0
rb2203,20220218,20220218,134239500,13:42:39,4822,388,2834,18549390,0,0,0
rb2203,20220218,20220218,134257000,13:42:59,4823,389,2833,18597620,1,-1,48230
rb2203,20220218,20220218,134320500,13:43:20,4823,389,2833,18597620,0,0,0
rb2203,20220218,20220218,134324000,13:43:24,4823,389,2833,18597620,0,0,0
rb2203,20220218,20220218,134324500,13:43:24,4823,389,2833,18597620,0,0,0
rb2203,20220218,20220218,134329500,13:43:29,4823,389,2833,18597620,0,0,0
rb2203,20220218,20220218,134414000,13:44:18,4823,389,2833,18597620,0,0,0
rb2203,20220218,20220218,134429000,13:44:29,4823,389,2833,18597620,0,0,0
rb2203,20220218,20220218,134449000,13:44:49,4823,389,2833,18597620,0,0,0
rb2203,20220218,20220218,134457500,13:44:57,4823,389,2833,18597620,0,0,0
rb2203,20220218,20220218,134507500,13:45:09,4823,389,2833,18597620,0,0,0
rb2203,20220218,20220218,134511000,13:45:11,4823,389,2833,18597620,0,0,0
rb2203,20220218,20220218,134512000,13:45:12,4823,389,2833,18597620,0,0,0
rb2203,20220218,20220218,134517500,13:45:20,4823,390,2832,18645850,1,-1,48230
rb2203,20220218,20220218,134518000,13:45:21,4823,392,2832,18742310,2,0,96460
rb2203,20220218,20220218,134518500,13:45:22,4823,392,2832,18742310,0,0,0
rb2203,20220218,20220218,134520500,13:45:23,4823,392,2832,18742310,0,0,0
rb2203,20220218,20220218,134541500,13:45:41,4823,392,2832,18742310,0,0,0
rb2203,20220218,20220218,134542000,13:45:45,4823,392,2832,18742310,0,0,0
rb2203,20220218,20220218,134547000,13:45:47,4823,392,2832,18742310,0,0,0
rb2203,20220218,20220218,134547500,13:45:47,4823,392,2832,18742310,0,0,0
rb2203,20220218,20220218,134548000,13:45:48,4823,392,2832,18742310,0,0,0
rb2203,20220218,20220218,134549000,13:45:49,4823,392,2832,18742310,0,0,0
rb2203,20220218,20220218,134552000,13:45:54,4823,392,2832,18742310,0,0,0
rb2203,20220218,20220218,134609000,13:46:09,4823,392,2832,18742310,0,0,0
rb2203,20220218,20220218,134632000,13:46:32,4823,392,2832,18742310,0,0,0
rb2203,20220218,20220218,134703500,13:47:03,4823,392,2832,18742310,0,0,0
rb2203,20220218,20220218,134706500,13:47:10,4823,392,2832,18742310,0,0,0
rb2203,20220218,20220218,134707000,13:47:10,4823,392,2832,18742310,0,0,0
rb2203,20220218,20220218,134713000,13:47:17,4823,392,2832,18742310,0,0,0
rb2203,20220218,20220218,134724000,13:47:27,4823,392,2832,18742310,0,0,0
rb2203,20220218,20220218,134734500,13:47:36,4823,392,2832,18742310,0,0,0
rb2203,20220218,20220218,134744500,13:47:45,4823,392,2832,18742310,0,0,0
rb2203,20220218,20220218,134750000,13:47:50,4823,392,2832,18742310,0,0,0
rb2203,20220218,20220218,134751000,13:47:51,4823,392,2832,18742310,0,0,0
rb2203,20220218,20220218,134754000,13:47:54,4823,392,2832,18742310,0,0,0
rb2203,20220218,20220218,134817000,13:48:17,4823,392,2832,18742310,0,0,0
rb2203,20220218,20220218,134817500,13:48:18,4823,392,2832,18742310,0,0,0
rb2203,20220218,20220218,134818000,13:48:19,4823,392,2832,18742310,0,0,0
rb2203,20220218,20220218,134818500,13:48:20,4823,392,2832,18742310,0,0,0
rb2203,20220218,20220218,134820000,13:48:22,4823,392,2832,18742310,0,0,0
rb2203,20220218,20220218,134821000,13:48:22,4823,392,2832,18742310,0,0,0
rb2203,20220218,20220218,134952000,13:49:52,4823,392,2832,18742310,0,0,0
rb2203,20220218,20220218,134955500,13:49:55,4823,392,2832,18742310,0,0,0
rb2203,20220218,20220218,134956500,13:49:57,4823,392,2832,18742310,0,0,0
rb2203,20220218,20220218,134957000,13:49:57,4823,392,2832,18742310,0,0,0
rb2203,20220218,20220218,134958000,13:49:58,4823,392,2832,18742310,0,0,0
rb2203,20220218,20220218,134958500,13:49:58,4823,392,2832,18742310,0,0,0
rb2203,20220218,20220218,134959500,13:49:59,4823,392,2832,18742310,0,0,0
rb2203,20220218,20220218,135005500,13:50:06,4823,392,2832,18742310,0,0,0
rb2203,20220218,20220218,135006000,13:50:06,4823,392,2832,18742310,0,0,0
rb2203,20220218,20220218,135006500,13:50:07,4823,392,2832,18742310,0,0,0
rb2203,20220218,20220218,135007000,13:50:07,4823,392,2832,18742310,0,0,0
rb2203,20220218,20220218,135007500,13:50:08,4823,392,2832,18742310,0,0,0
rb2203,20220218,20220218,135008000,13:50:09,4823,392,2832,18742310,0,0,0
rb2203,20220218,20220218,135008500,13:50:25,4823,392,2832,18742310,0,0,0
rb2203,20220218,20220218,135018000,13:50:27,4823,392,2832,18742310,0,0,0
rb2203,20220218,20220218,135034500,13:50:37,4823,392,2832,18742310,0,0,0
rb2203,20220218,20220218,135035500,13:50:37,4823,392,2832,18742310,0,0,0
rb2203,20220218,20220218,135036000,13:50:38,4823,392,2832,18742310,0,0,0
rb2203,20220218,20220218,135053500,13:50:53,4823,392,2832,18742310,0,0,0
rb2203,20220218,20220218,135055500,13:50:55,4823,392,2832,18742310,0,0,0
rb2203,20220218,20220218,135102000,13:51:02,4823,392,2832,18742310,0,0,0
rb2203,20220218,20220218,135103000,13:51:03,4823,392,2832,18742310,0,0,0
rb2203,20220218,20220218,135113000,13:51:21,4823,392,2832,18742310,0,0,0
rb2203,20220218,20220218,135123000,13:51:23,4823,392,2832,18742310,0,0,0
rb2203,20220218,20220218,135125000,13:51:25,4823,392,2832,18742310,0,0,0
rb2203,20220218,20220218,135125500,13:51:26,4823,392,2832,18742310,0,0,0
rb2203,20220218,20220218,135128500,13:51:29,4823,392,2832,18742310,0,0,0
rb2203,20220218,20220218,135130000,13:51:30,4823,392,2832,18742310,0,0,0
rb2203,20220218,20220218,135132500,13:51:32,4823,392,2832,18742310,0,0,0
rb2203,20220218,20220218,135133500,13:51:33,4823,392,2832,18742310,0,0,0
rb2203,20220218,20220218,135159500,13:51:59,4823,392,2832,18742310,0,0,0
rb2203,20220218,20220218,135203500,13:52:04,4823,392,2832,18742310,0,0,0
rb2203,20220218,20220218,135229500,13:52:31,4823,392,2832,18742310,0,0,0
rb2203,20220218,20220218,135230000,13:52:31,4823,392,2832,18742310,0,0,0
rb2203,20220218,20220218,135232000,13:52:32,4823,392,2832,18742310,0,0,0
rb2203,20220218,20220218,135232500,13:52:33,4823,392,2832,18742310,0,0,0
rb2203,20220218,20220218,135235500,13:52:36,4823,392,2832,18742310,0,0,0
rb2203,20220218,20220218,135236000,13:52:36,4823,392,2832,18742310,0,0,0
rb2203,20220218,20220218,135236500,13:52:38,4823,392,2832,18742310,0,0,0
rb2203,20220218,20220218,135237500,13:52:44,4823,392,2832,18742310,0,0,0
rb2203,20220218,20220218,135238000,13:52:44,4823,392,2832,18742310,0,0,0
rb2203,20220218,20220218,135238500,13:52:45,4823,392,2832,18742310,0,0,0
rb2203,20220218,20220218,135243500,13:52:45,4823,392,2832,18742310,0,0,0
rb2203,20220218,20220218,135244500,13:52:46,4823,392,2832,18742310,0,0,0
rb2203,20220218,20220218,135245500,13:52:47,4823,392,2832,18742310,0,0,0
rb2203,20220218,20220218,135250000,13:52:50,4823,392,2832,18742310,0,0,0
rb2203,20220218,20220218,135251500,13:52:51,4823,392,2832,18742310,0,0,0
rb2203,20220218,20220218,135254000,13:52:54,4823,392,2832,18742310,0,0,0
rb2203,20220218,20220218,135256500,13:52:56,4823,392,2832,18742310,0,0,0
rb2203,20220218,20220218,135257000,13:52:57,4823,392,2832,18742310,0,0,0
rb2203,20220218,20220218,135258000,13:52:58,4823,392,2832,18742310,0,0,0
rb2203,20220218,20220218,135303500,13:53:04,4823,392,2832,18742310,0,0,0
rb2203,20220218,20220218,135314500,13:53:14,4808,396,2832,18934630,4,0,192320
rb2203,20220218,20220218,135315000,13:53:15,4808,396,2832,18934630,0,0,0
rb2203,20220218,20220218,135315500,13:53:15,4808,396,2832,18934630,0,0,0
rb2203,20220218,20220218,135316000,13:53:16,4808,396,2832,18934630,0,0,0
rb2203,20220218,20220218,135330500,13:53:31,4808,396,2832,18934630,0,0,0
rb2203,20220218,20220218,135332500,13:53:32,4808,396,2832,18934630,0,0,0
rb2203,20220218,20220218,135333000,13:53:33,4808,396,2832,18934630,0,0,0
rb2203,20220218,20220218,135333500,13:53:33,4808,396,2832,18934630,0,0,0
rb2203,20220218,20220218,135334000,13:53:34,4808,396,2832,18934630,0,0,0
rb2203,20220218,20220218,135334500,13:53:35,4808,396,2832,18934630,0,0,0
rb2203,20220218,20220218,135335000,13:53:35,4808,396,2832,18934630,0,0,0
rb2203,20220218,20220218,135336000,13:53:36,4808,396,2832,18934630,0,0,0
rb2203,20220218,20220218,135336500,13:53:44,4808,396,2832,18934630,0,0,0
rb2203,20220218,20220218,135337000,13:53:44,4808,396,2832,18934630,0,0,0
rb2203,20220218,20220218,135345500,13:53:46,4808,396,2832,18934630,0,0,0
rb2203,20220218,20220218,135353000,13:53:53,4808,396,2832,18934630,0,0,0
rb2203,20220218,20220218,135353500,13:53:53,4808,396,2832,18934630,0,0,0
rb2203,20220218,20220218,135355500,13:53:56,4808,396,2832,18934630,0,0,0
rb2203,20220218,20220218,135356000,13:53:56,4808,396,2832,18934630,0,0,0
rb2203,20220218,20220218,135356500,13:53:56,4808,396,2832,18934630,0,0,0
rb2203,20220218,20220218,135357000,13:53:57,4808,396,2832,18934630,0,0,0
rb2203,20220218,20220218,135357500,13:53:58,4808,396,2832,18934630,0,0,0
rb2203,20220218,20220218,135407500,13:54:09,4808,396,2832,18934630,0,0,0
rb2203,20220218,20220218,135419000,13:54:19,4808,396,2832,18934630,0,0,0
rb2203,20220218,20220218,135427000,13:54:28,4808,396,2832,18934630,0,0,0
rb2203,20220218,20220218,135431000,13:54:32,4808,396,2832,18934630,0,0,0
rb2203,20220218,20220218,135431500,13:54:32,4808,396,2832,18934630,0,0,0
rb2203,20220218,20220218,135434000,13:54:34,4808,396,2832,18934630,0,0,0
rb2203,20220218,20220218,135435500,13:54:35,4808,399,2829,19078870,3,-3,144240
rb2203,20220218,20220218,135455500,13:54:55,4808,399,2829,19078870,0,0,0
rb2203,20220218,20220218,135456500,13:54:56,4808,399,2829,19078870,0,0,0
rb2203,20220218,20220218,135459500,13:55:00,4808,399,2829,19078870,0,0,0
rb2203,20220218,20220218,135507500,13:55:11,4808,399,2829,19078870,0,0,0
rb2203,20220218,20220218,135514500,13:55:15,4808,399,2829,19078870,0,0,0
rb2203,20220218,20220218,135532000,13:55:32,4808,399,2829,19078870,0,0,0
rb2203,20220218,20220218,135532500,13:55:32,4808,399,2829,19078870,0,0,0
rb2203,20220218,20220218,135533000,13:55:33,4808,399,2829,19078870,0,0,0
rb2203,20220218,20220218,135611500,13:56:23,4808,399,2829,19078870,0,0,0
rb2203,20220218,20220218,135626500,13:56:34,4808,399,2829,19078870,0,0,0
rb2203,20220218,20220218,135627000,13:56:34,4808,399,2829,19078870,0,0,0
rb2203,20220218,20220218,135627500,13:56:34,4808,399,2829,19078870,0,0,0
rb2203,20220218,20220218,135639000,13:56:39,4808,399,2829,19078870,0,0,0
rb2203,20220218,20220218,135639500,13:56:39,4808,399,2829,19078870,0,0,0
rb2203,20220218,20220218,135640000,13:56:40,4808,399,2829,19078870,0,0,0
rb2203,20220218,20220218,135644000,13:56:44,4808,399,2829,19078870,0,0,0
rb2203,20220218,20220218,135649000,13:56:50,4808,399,2829,19078870,0,0,0
rb2203,20220218,20220218,135650500,13:56:51,4808,399,2829,19078870,0,0,0
