rb2205,20220218,20220218,112003000,11:20:04,4776,1172085,1904993,55242180990,1172085,-57227,55242180990
rb2205,20220218,20220218,112004500,11:20:10,4776,1172462,1904956,55260184210,377,-37,18003220
rb2205,20220218,20220218,112005000,11:20:10,4775,1172480,1904958,55261043740,18,2,859530
rb2205,20220218,20220218,112006000,11:20:10,4776,1172666,1904884,55269926730,186,-74,8882990
rb2205,20220218,20220218,112006500,11:20:10,4776,1172766,1904802,55274702740,100,-82,4776010
rb2205,20220218,20220218,112007000,11:20:10,4776,1172833,1904841,55277902680,67,39,3199940
rb2205,20220218,20220218,112007500,11:20:10,4775,1172856,1904831,55279001130,23,-10,1098450
rb2205,20220218,20220218,112008000,11:20:10,4776,1172865,1904823,55279430960,9,-8,429830
rb2205,20220218,20220218,112008500,11:20:10,4776,1172876,1904813,55279956310,11,-10,525350
rb2205,20220218,20220218,112009000,11:20:10,4775,1172893,1904797,55280768210,17,-16,811900
rb2205,20220218,20220218,112009500,11:20:10,4776,1172906,1904789,55281389070,13,-8,620860
rb2205,20220218,20220218,112010000,11:20:10,4776,1173064,1904752,55288935070,158,-37,7546000
rb2205,20220218,20220218,112010500,11:20:10,4776,1173084,1904745,55289890300,20,-7,955230
rb2205,20220218,20220218,112011000,11:20:11,4776,1173088,1904744,55290081350,4,-1,191050
rb2205,20220218,20220218,112011500,11:20:12,4776,1173118,1904741,55291514240,30,-3,1432890
rb2205,20220218,20220218,112012000,11:20:12,4777,1173134,1904745,55292278510,16,4,764270
rb2205,20220218,20220218,112012500,11:20:12,4776,1173263,1904653,55298440180,129,-92,6161670
rb2205,20220218,20220218,112013000,11:20:13,4776,1173307,1904658,55300541820,44,5,2101640
rb2205,20220218,20220218,112013500,11:20:13,4776,1173402,1904637,55305078980,95,-21,4537160
rb2205,20220218,20220218,112014000,11:20:14,4776,1173411,1904631,55305508820,9,-6,429840
rb2205,20220218,20220218,112014500,11:20:14,4776,1173429,1904621,55306368480,18,-10,859660
rb2205,20220218,20220218,112015000,11:20:15,4775,1173498,1904624,55309663870,69,3,3295390
rb2205,20220218,20220218,112015500,11:20:16,4776,1173530,1904632,55311192180,32,8,1528310
rb2205,20220218,20220218,112016000,11:20:16,4775,1173730,1904589,55320742540,200,-43,9550360
rb2205,20220218,20220218,112016500,11:20:16,4775,1173817,1904623,55324896780,87,34,4154240
rb2205,20220218,20220218,112017000,11:20:17,4774,1173826,1904627,55325326520,9,4,429740
rb2205,20220218,20220218,112017500,11:20:17,4775,1173852,1904628,55326567780,26,1,1241260
rb2205,20220218,20220218,112018000,11:20:18,4775,1173868,1904635,55327331730,16,7,763950
rb2205,20220218,20220218,112018500,11:20:18,4775,1173914,1904666,55329528110,46,31,2196380
rb2205,20220218,20220218,112019000,11:20:19,4774,1173937,1904669,55330626130,23,3,1098020
rb2205,20220218,20220218,112019500,11:20:20,4774,1174031,1904620,55335113830,94,-49,4487700
rb2205,20220218,20220218,112020000,11:20:20,4774,1174035,1904620,55335304790,4,0,190960
rb2205,20220218,20220218,112020500,11:20:20,4773,1174037,1904620,55335400260,2,0,95470
rb2205,20220218,20220218,112021000,11:20:21,4774,1174064,1904602,55336689180,27,-18,1288920
rb2205,20220218,20220218,112021500,11:20:21,4773,1174070,1904604,55336975560,6,2,286380
rb2205,20220218,20220218,112022000,11:20:22,4773,1174111,1904626,55338932550,41,22,1956990
rb2205,20220218,20220218,112022500,11:20:23,4773,1174138,1904625,55340221260,27,-1,1288710
rb2205,20220218,20220218,112023000,11:20:23,4773,1174150,1904634,55340794020,12,9,572760
rb2205,20220218,20220218,112023500,11:20:23,4772,1174161,1904632,55341319030,11,-2,525010
rb2205,20220218,20220218,112024000,11:20:24,4773,1174163,1904632,55341414480,2,0,95450
rb2205,20220218,20220218,112024500,11:20:24,4773,1174171,1904634,55341796310,8,2,381830
rb2205,20220218,20220218,112025000,11:20:25,4773,1174175,1904632,55341987200,4,-2,190890
rb2205,20220218,20220218,112025500,11:20:25,4772,1174185,1904633,55342464480,10,1,477280
rb2205,20220218,20220218,112026000,11:20:26,4772,1174197,1904633,55343037120,12,0,572640
rb2205,20220218,20220218,112026500,11:20:26,4772,1174217,1904645,55343991580,20,12,954460
rb2205,20220218,20220218,112027000,11:20:27,4772,1174220,1904646,55344134740,3,1,143160
rb2205,20220218,20220218,112027500,11:20:28,4772,1174231,1904657,55344659660,11,11,524920
rb2205,20220218,20220218,112028000,11:20:28,4772,1174274,1904675,55346711650,43,18,2051990
rb2205,20220218,20220218,112028500,11:20:28,4772,1174395,1904681,55352485770,121,6,5774120
rb2205,20220218,20220218,112029000,11:20:29,4772,1174477,1904634,55356398810,82,-47,3913040
rb2205,20220218,20220218,112029500,11:20:30,4772,1174488,1904633,55356923730,11,-1,524920
rb2205,20220218,20220218,112030000,11:20:31,4771,1174563,1904584,55360502040,75,-49,3578310
rb2205,20220218,20220218,112030500,11:20:31,4771,1174566,1904581,55360645170,3,-3,143130
rb2205,20220218,20220218,112031000,11:20:31,4770,1174569,1904582,55360788290,3,1,143120
rb2205,20220218,20220218,112031500,11:20:32,4770,1174587,1904591,55361646900,18,9,858610
rb2205,20220218,20220218,112032000,11:20:32,4770,1174711,1904652,55367561780,124,61,5914880
rb2205,20220218,20220218,112032500,11:20:32,4769,1174724,1904653,55368181870,13,1,620090
rb2205,20220218,20220218,112033000,11:20:33,4769,1174752,1904668,55369517270,28,15,1335400
rb2205,20220218,20220218,112033500,11:20:33,4769,1174769,1904674,55370328040,17,6,810770
rb2205,20220218,20220218,112034000,11:20:34,4769,1174784,1904686,55371043500,15,12,715460
rb2205,20220218,20220218,112034500,11:20:35,4769,1174838,1904688,55373618900,54,2,2575400
rb2205,20220218,20220218,112035000,11:20:35,4770,1174850,1904684,55374191210,12,-4,572310
rb2205,20220218,20220218,112035500,11:20:35,4769,1174867,1904682,55375001970,17,-2,810760
rb2205,20220218,20220218,112036000,11:20:36,4770,1174879,1904683,55375574260,12,1,572290
rb2205,20220218,20220218,112036500,11:20:37,4770,1174927,1904721,55377863590,48,38,2289330
rb2205,20220218,20220218,112037000,11:20:37,4769,1174930,1904723,55378006670,3,2,143080
rb2205,20220218,20220218,112037500,11:20:38,4769,1174952,1904725,55379056030,22,2,1049360
rb2205,20220218,20220218,112038000,11:20:38,4769,1175051,1904760,55383778320,99,35,4722290
rb2205,20220218,20220218,112038500,11:20:38,4771,1175091,1904756,55385686480,40,-4,1908160
rb2205,20220218,20220218,112039000,11:20:39,4770,1175106,1904756,55386402010,15,0,715530
rb2205,20220218,20220218,112039500,11:20:40,4770,1175155,1904780,55388739650,49,24,2337640
rb2205,20220218,20220218,112040000,11:20:40,4770,1175164,1904781,55389168950,9,1,429300
rb2205,20220218,20220218,112040500,11:20:41,4770,1175167,1904780,55389312060,3,-1,143110
rb2205,20220218,20220218,112041000,11:20:41,4771,1175184,1904787,55390122970,17,7,810910
rb2205,20220218,20220218,112041500,11:20:41,4771,1175369,1904814,55398949310,185,27,8826340
rb2205,20220218,20220218,112042000,11:20:42,4772,1175377,1904819,55399331000,8,5,381690
rb2205,20220218,20220218,112042500,11:20:42,4771,1175399,1904833,55400380620,22,14,1049620
rb2205,20220218,20220218,112043000,11:20:43,4771,1175401,1904834,55400476040,2,1,95420
rb2205,20220218,20220218,112043500,11:20:44,4771,1175602,1904931,55410065760,201,97,9589720
rb2205,20220218,20220218,112044000,11:20:44,4771,1175712,1905008,55415313860,110,77,5248100
rb2205,20220218,20220218,112044500,11:20:44,4770,1175717,1905008,55415552360,5,0,238500
rb2205,20220218,20220218,112045000,11:20:45,4770,1175717,1905008,55415552360,0,0,0
rb2205,20220218,20220218,112045500,11:20:46,4771,1175718,1905008,55415600070,1,0,47710
rb2205,20220218,20220218,112046000,11:20:46,4771,1175720,1905007,55415695480,2,-1,95410
rb2205,20220218,20220218,112046500,11:20:46,4771,1175839,1905036,55421372860,119,29,5677380
rb2205,20220218,20220218,112047000,11:20:47,4771,1175848,1905034,55421802250,9,-2,429390
rb2205,20220218,20220218,112047500,11:20:48,4771,1175853,1905032,55422040800,5,-2,238550
rb2205,20220218,20220218,112048000,11:20:48,4771,1175858,1905033,55422279350,5,1,238550
rb2205,20220218,20220218,112048500,11:20:50,4771,1175869,1905022,55422804160,11,-11,524810
rb2205,20220218,20220218,112049000,11:20:50,4771,1175888,1905005,55423710660,19,-17,906500
rb2205,20220218,20220218,112049500,11:20:50,4772,1175907,1904992,55424617240,19,-13,906580
rb2205,20220218,20220218,112050500,11:20:51,4771,1175932,1904988,55425810010,25,-4,1192770
rb2205,20220218,20220218,112051000,11:20:51,4772,1175945,1904986,55426430320,13,-2,620310
rb2205,20220218,20220218,112051500,11:20:51,4771,1175953,1904986,55426812010,8,0,381690
rb2205,20220218,20220218,112052000,11:20:52,4771,1175955,1904985,55426907430,2,-1,95420
rb2205,20220218,20220218,112052500,11:20:53,4771,1175958,1904984,55427050570,3,-1,143140
rb2205,20220218,20220218,112053000,11:20:53,4771,1175981,1904969,55428147910,23,-15,1097340
rb2205,20220218,20220218,112053500,11:20:53,4771,1176001,1904985,55429102110,20,16,954200
rb2205,20220218,20220218,112054000,11:20:54,4771,1176170,1904923,55437166500,169,-62,8064390
rb2205,20220218,20220218,112054500,11:20:55,4771,1176209,1904923,55439027190,39,0,1860690
rb2205,20220218,20220218,112055000,11:20:55,4772,1176243,1904950,55440649670,34,27,1622480
rb2205,20220218,20220218,112055500,11:20:56,4774,1176309,1904933,55443799860,66,-17,3150190
rb2205,20220218,20220218,112056000,11:20:56,4774,1176489,1904969,55452393000,180,36,8593140
rb2205,20220218,20220218,112056500,11:20:56,4775,1176501,1904973,55452965940,12,4,572940
rb2205,20220218,20220218,112057000,11:20:57,4775,1176535,1904969,55454589130,34,-4,1623190
rb2205,20220218,20220218,112057500,11:20:58,4774,1176640,1905008,55459602240,105,39,5013110
rb2205,20220218,20220218,112058000,11:20:58,4774,1176710,1905050,55462944500,70,42,3342260
rb2205,20220218,20220218,112058500,11:20:59,4774,1176731,1905070,55463947140,21,20,1002640
rb2205,20220218,20220218,112059000,11:20:59,4774,1176751,1905079,55464902020,20,9,954880
rb2205,20220218,20220218,112059500,11:21:00,4774,1176766,1905089,55465618130,15,10,716110
rb2205,20220218,20220218,112100000,11:21:00,4775,1176770,1905091,55465809100,4,2,190970
rb2205,20220218,20220218,112100500,11:21:01,4774,1176804,1905123,55467432260,34,32,1623160
rb2205,20220218,20220218,112101000,11:21:01,4774,1176810,1905127,55467718710,6,4,286450
rb2205,20220218,20220218,112101500,11:21:02,4775,1176831,1905140,55468721410,21,13,1002700
rb2205,20220218,20220218,112102000,11:21:02,4775,1176840,1905142,55469151140,9,2,429730
rb2205,20220218,20220218,112102500,11:21:03,4774,1176892,1905180,55471633840,52,38,2482700
rb2205,20220218,20220218,112103000,11:21:03,4775,1177135,1905239,55483237390,243,59,11603550
rb2205,20220218,20220218,112103500,11:21:03,4776,1177322,1905245,55492168590,187,6,8931200
rb2205,20220218,20220218,112104000,11:21:04,4777,1177524,1905100,55501816360,202,-145,9647770
rb2205,20220218,20220218,112104500,11:21:05,4778,1177890,1904983,55519300200,366,-117,17483840
rb2205,20220218,20220218,112105000,11:21:05,4778,1178758,1904758,55560773720,868,-225,41473520
rb2205,20220218,20220218,112105500,11:21:06,4778,1178974,1904780,55571095740,216,22,10322020
rb2205,20220218,20220218,112106000,11:21:07,4779,1179202,1904860,55581991550,228,80,10895810
rb2205,20220218,20220218,112106500,11:21:07,4778,1179964,1905078,55618406340,762,218,36414790
rb2205,20220218,20220218,112107000,11:21:09,4778,1180111,1905075,55625431290,147,-3,7024950
rb2205,20220218,20220218,112107500,11:21:10,4779,1180407,1904920,55639579740,296,-155,14148450
rb2205,20220218,20220218,112108000,11:21:10,4780,1180557,1904878,55646749100,150,-42,7169360
rb2205,20220218,20220218,112108500,11:21:10,4779,1181258,1904529,55680254240,701,-349,33505140
rb2205,20220218,20220218,112110000,11:21:11,4778,1181664,1904383,55699654480,406,-146,19400240
rb2205,20220218,20220218,112110500,11:21:11,4778,1181684,1904394,55700610190,20,11,955710
rb2205,20220218,20220218,112111000,11:21:11,4779,1181705,1904397,55701613590,21,3,1003400
rb2205,20220218,20220218,112111500,11:21:12,4777,1181766,1904403,55704528170,61,6,2914580
rb2205,20220218,20220218,112112000,11:21:12,4778,1181791,1904405,55705722660,25,2,1194490
rb2205,20220218,20220218,112112500,11:21:12,4778,1181876,1904397,55709783700,85,-8,4061040
rb2205,20220218,20220218,112113000,11:21:13,4778,1181899,1904393,55710882790,23,-4,1099090
rb2205,20220218,20220218,112113500,11:21:13,4778,1181913,1904386,55711551800,14,-7,669010
rb2205,20220218,20220218,112114000,11:21:14,4778,1181924,1904389,55712077400,11,3,525600
rb2205,20220218,20220218,112114500,11:21:14,4779,1181957,1904405,55713654180,33,16,1576780
rb2205,20220218,20220218,112115000,11:21:15,4778,1182000,1904402,55715708800,43,-3,2054620
rb2205,20220218,20220218,112115500,11:21:15,4778,1182017,1904409,55716521060,17,7,812260
rb2205,20220218,20220218,112116000,11:21:16,4779,1182309,1904337,55730475220,292,-72,13954160
rb2205,20220218,20220218,112116500,11:21:16,4779,1182556,1904312,55742281360,247,-25,11806140
rb2205,20220218,20220218,112117000,11:21:17,4779,1182564,1904310,55742663680,8,-2,382320
rb2205,20220218,20220218,112117500,11:21:18,4779,1182676,1904299,55748017210,112,-11,5353530
rb2205,20220218,20220218,112118000,11:21:18,4779,1182695,1904287,55748925230,19,-12,908020
rb2205,20220218,20220218,112118500,11:21:18,4780,1182801,1904186,55753991310,106,-101,5066080
rb2205,20220218,20220218,112119000,11:21:19,4780,1182903,1904163,55758866500,102,-23,4875190
rb2205,20220218,20220218,112119500,11:21:19,4780,1182949,1904135,55761065000,46,-28,2198500
rb2205,20220218,20220218,112120000,11:21:20,4780,1182975,1904117,55762307760,26,-18,1242760
rb2205,20220218,20220218,112120500,11:21:21,4779,1183025,1904115,55764697670,50,-2,2389910
rb2205,20220218,20220218,112121000,11:21:22,4779,1183190,1904139,55772583220,165,24,7885550
rb2205,20220218,20220218,112121500,11:21:22,4778,1183209,1904142,55773491210,19,3,907990
rb2205,20220218,20220218,112122000,11:21:22,4779,1183212,1904141,55773634580,3,-1,143370
rb2205,20220218,20220218,112122500,11:21:22,4779,1183267,1904188,55776263020,55,47,2628440
rb2205,20220218,20220218,112123000,11:21:23,4778,1183325,1904185,55779034830,58,-3,2771810
rb2205,20220218,20220218,112123500,11:21:23,4780,1183364,1904179,55780898710,39,-6,1863880
rb2205,20220218,20220218,112124000,11:21:24,4778,1183423,1904223,55783718750,59,44,2820040
rb2205,20220218,20220218,112124500,11:21:25,4778,1183445,1904229,55784770010,22,6,1051260
rb2205,20220218,20220218,112125000,11:21:57,4779,1183461,1904240,55785534740,16,11,764730
rb2205,20220218,20220218,112125500,11:23:32,4779,1183481,1904257,55786490520,20,17,955780
rb2205,20220218,20220218,112126000,11:23:32,4779,1183491,1904262,55786968350,10,5,477830
rb2205,20220218,20220218,112126500,11:23:33,4778,1183527,1904291,55788688730,36,29,1720380
rb2205,20220218,20220218,112332500,11:23:33,4785,1207741,1901866,56947056050,24214,-2425,1158367320
rb2205,20220218,20220218,112333000,11:23:33,4786,1207921,1901827,56955670750,180,-39,8614700
rb2205,20220218,20220218,112333500,11:23:33,4786,1208040,1901839,56961366100,119,12,5695350
rb2205,20220218,20220218,112334000,11:23:34,4786,1208076,1901828,56963089260,36,-11,1723160
rb2205,20220218,20220218,112334500,11:23:34,4787,1208200,1901778,56969025150,124,-50,5935890
rb2205,20220218,20220218,112335000,11:23:35,4788,1208269,1901777,56972328690,69,-1,3303540
rb2205,20220218,20220218,112335500,11:23:35,4788,1208297,1901774,56973669190,28,-3,1340500
rb2205,20220218,20220218,112336000,11:23:36,4787,1208711,1901654,56993491210,414,-120,19822020
rb2205,20220218,20220218,112336500,11:23:38,4789,1209011,1901755,57007855220,300,101,14364010
rb2205,20220218,20220218,112337000,11:23:38,4790,1210010,1901494,57055696280,999,-261,47841060
rb2205,20220218,20220218,112337500,11:23:38,4790,1210520,1901244,57080121210,510,-250,24424930
rb2205,20220218,20220218,112338000,11:23:38,4790,1210781,1901316,57092622640,261,72,12501430
rb2205,20220218,20220218,112338500,11:23:38,4790,1211048,1901485,57105409400,267,169,12786760
rb2205,20220218,20220218,112339000,11:23:39,4790,1211649,1901263,57134196050,601,-222,28786650
rb2205,20220218,20220218,112339500,11:23:39,4790,1211857,1901213,57144159240,208,-50,9963190
rb2205,20220218,20220218,112340000,11:23:40,4790,1211890,1901194,57145739950,33,-19,1580710
rb2205,20220218,20220218,112340500,11:23:40,4790,1212124,1901165,57156948620,234,-29,11208670
rb2205,20220218,20220218,112341000,11:23:41,4791,1212370,1901181,57168733530,246,16,11784910
rb2205,20220218,20220218,112341500,11:23:42,4792,1212623,1901252,57180855740,253,71,12122210
rb2205,20220218,20220218,112342000,11:23:42,4793,1212965,1901265,57197242640,342,13,16386900
rb2205,20220218,20220218,112342500,11:23:42,4793,1213435,1901412,57219766750,470,147,22524110
rb2205,20220218,20220218,112343000,11:23:43,4792,1213795,1901528,57237018360,360,116,17251610
rb2205,20220218,20220218,112343500,11:23:43,4792,1213889,1901537,57241522740,94,9,4504380
rb2205,20220218,20220218,112344000,11:23:45,4791,1214163,1901676,57254653140,274,139,13130400
rb2205,20220218,20220218,112344500,11:23:48,4791,1214244,1901679,57258535030,81,3,3881890
rb2205,20220218,20220218,112345000,11:23:48,4792,1214405,1901819,57266250160,161,140,7715130
rb2205,20220218,20220218,112345500,11:23:48,4794,1215250,1902516,57306752710,845,697,40502550
rb2205,20220218,20220218,112346000,11:23:48,4793,1215381,1902515,57313032020,131,-1,6279310
rb2205,20220218,20220218,112348000,11:23:48,4792,1216335,1902680,57358749620,954,165,45717600
rb2205,20220218,20220218,112348500,11:23:49,4790,1216561,1902568,57369579550,226,-112,10829930
rb2205,20220218,20220218,112349000,11:23:49,4794,1217103,1902834,57395559090,542,266,25979540
rb2205,20220218,20220218,112349500,11:23:50,4794,1217361,1902935,57407926360,258,101,12367270
rb2205,20220218,20220218,112350000,11:23:50,4794,1217715,1903175,57424894520,354,240,16968160
rb2205,20220218,20220218,112350500,11:23:50,4794,1217783,1903195,57428153340,68,20,3258820
rb2205,20220218,20220218,112351000,11:23:51,4794,1217886,1903235,57433090520,103,40,4937180
rb2205,20220218,20220218,112351500,11:23:51,4792,1217918,1903239,57434624060,32,4,1533540
rb2205,20220218,20220218,112352000,11:23:52,4791,1217969,1903222,57437068160,51,-17,2444100
rb2205,20220218,20220218,112352500,11:23:52,4792,1218065,1903236,57441668830,96,14,4600670
rb2205,20220218,20220218,112353000,11:23:53,4791,1218103,1903227,57443489800,38,-9,1820970
rb2205,20220218,20220218,112353500,11:23:53,4792,1218144,1903225,57445454690,41,-2,1964890
rb2205,20220218,20220218,112354000,11:23:54,4792,1218247,1903243,57450389890,103,18,4935200
rb2205,20220218,20220218,112354500,11:23:55,4791,1218283,1903260,57452114910,36,17,1725020
rb2205,20220218,20220218,112355000,11:23:55,4792,1218305,1903262,57453169030,22,2,1054120
rb2205,20220218,20220218,112355500,11:23:55,4792,1218430,1903245,57459158860,125,-17,5989830
rb2205,20220218,20220218,112356000,11:23:56,4792,1218582,1903197,57466442710,152,-48,7283850
rb2205,20220218,20220218,112356500,11:23:56,4792,1218608,1903205,57467688690,26,8,1245980
rb2205,20220218,20220218,112357000,11:23:57,4792,1218671,1903178,57470707940,63,-27,3019250
rb2205,20220218,20220218,112357500,11:23:57,4793,1218711,1903167,57472625140,40,-11,1917200
rb2205,20220218,20220218,112358000,11:23:58,4794,1218838,1903187,57478711900,127,20,6086760
rb2205,20220218,20220218,112358500,11:23:58,4793,1218876,1903201,57480533190,38,14,1821290
rb2205,20220218,20220218,112359000,11:23:59,4793,1218929,1903239,57483073610,53,38,2540420
rb2205,20220218,20220218,112359500,11:23:59,4794,1218975,1903237,57485278440,46,-2,2204830
rb2205,20220218,20220218,112400000,11:24:00,4794,1219432,1903195,57507185550,457,-42,21907110
rb2205,20220218,20220218,112400500,11:24:00,4794,1219615,1903201,57515956820,183,6,8771270
rb2205,20220218,20220218,112401000,11:24:01,4793,1219819,1903251,57525736830,204,50,9780010
rb2205,20220218,20220218,112401500,11:24:01,4794,1220230,1903274,57545442430,411,23,19705600
rb2205,20220218,20220218,112402000,11:24:02,4795,1220443,1903309,57555655190,213,35,10212760
rb2205,20220218,20220218,112402500,11:24:02,4796,1221232,1903102,57593490160,789,-207,37834970
rb2205,20220218,20220218,112403000,11:24:03,4795,1221717,1903297,57616749560,485,195,23259400
rb2205,20220218,20220218,112403500,11:24:03,4795,1221911,1903404,57626052130,194,107,9302570
rb2205,20220218,20220218,112404000,11:24:04,4795,1222053,1903384,57632860780,142,-20,6808650
rb2205,20220218,20220218,112404500,11:24:04,4794,1222196,1903407,57639716840,143,23,6856060
rb2205,20220218,20220218,112405000,11:24:05,4794,1222630,1903243,57660521240,434,-164,20804400
rb2205,20220218,20220218,112405500,11:24:05,4793,1222677,1903215,57662773940,47,-28,2252700
rb2205,20220218,20220218,112406000,11:24:06,4793,1222735,1903217,57665553650,58,2,2779710
rb2205,20220218,20220218,112406500,11:24:06,4793,1222866,1903121,57671832690,131,-96,6279040
rb2205,20220218,20220218,112407000,11:24:07,4792,1222930,1903107,57674900050,64,-14,3067360
rb2205,20220218,20220218,112407500,11:24:08,4792,1223053,1903124,57680794620,123,17,5894570
rb2205,20220218,20220218,112408000,11:24:08,4792,1223117,1903078,57683861570,64,-46,3066950
rb2205,20220218,20220218,112408500,11:24:08,4792,1223177,1903095,57686737230,60,17,2875660
rb2205,20220218,20220218,112409000,11:24:09,4792,1223304,1903038,57692823180,127,-57,6085950
rb2205,20220218,20220218,112409500,11:24:11,4792,1223360,1903026,57695506970,56,-12,2683790
rb2205,20220218,20220218,112410000,11:24:12,4793,1223390,1903040,57696944860,30,14,1437890
rb2205,20220218,20220218,112410500,11:24:12,4792,1223552,1903027,57704708800,162,-13,7763940
rb2205,20220218,20220218,112411000,11:24:12,4792,1223765,1903088,57714916310,213,61,10207510
rb2205,20220218,20220218,112411500,11:24:12,4793,1223868,1903114,57719852700,103,26,4936390
rb2205,20220218,20220218,112412000,11:24:12,4793,1224037,1903021,57727952330,169,-93,8099630
rb2205,20220218,20220218,112412500,11:24:12,4793,1224091,1903017,57730540620,54,-4,2588290
rb2205,20220218,20220218,112413000,11:24:13,4793,1224234,1902906,57737394760,143,-111,6854140
rb2205,20220218,20220218,112413500,11:24:14,4792,1224300,1902890,57740558070,66,-16,3163310
rb2205,20220218,20220218,112414000,11:24:14,4793,1224646,1902767,57757143790,346,-123,16585720
rb2205,20220218,20220218,112414500,11:24:14,4793,1224728,1902811,57761074830,82,44,3931040
rb2205,20220218,20220218,112415000,11:24:15,4793,1224781,1902813,57763615240,53,2,2540410
rb2205,20220218,20220218,112415500,11:24:15,4793,1224795,1902806,57764286270,14,-7,671030
rb2205,20220218,20220218,112416000,11:24:16,4793,1224924,1902773,57770469260,129,-33,6182990
rb2205,20220218,20220218,112416500,11:24:17,4793,1225021,1902751,57775118410,97,-22,4649150
rb2205,20220218,20220218,112417000,11:24:17,4794,1225252,1902630,57786191190,231,-121,11072780
rb2205,20220218,20220218,112417500,11:24:18,4792,1225330,1902611,57789929920,78,-19,3738730
rb2205,20220218,20220218,112418000,11:24:18,4794,1225387,1902603,57792662040,57,-8,2732120
rb2205,20220218,20220218,112418500,11:24:19,4794,1225902,1902522,57817354240,515,-81,24692200
rb2205,20220218,20220218,112419000,11:24:19,4794,1226031,1902566,57823538500,129,44,6184260
rb2205,20220218,20220218,112419500,11:24:19,4794,1226059,1902578,57824880820,28,12,1342320
rb2205,20220218,20220218,112420000,11:24:20,4794,1226082,1902567,57825983450,23,-11,1102630
rb2205,20220218,20220218,112420500,11:24:20,4795,1226388,1902495,57840654710,306,-72,14671260
rb2205,20220218,20220218,112421000,11:24:21,4796,1226591,1902560,57850388260,203,65,9733550
rb2205,20220218,20220218,112421500,11:24:22,4794,1226931,1902803,57866690680,340,243,16302420
rb2205,20220218,20220218,112422000,11:24:22,4793,1227126,1902860,57876038330,195,57,9347650
rb2205,20220218,20220218,112422500,11:24:23,4794,1227205,1902867,57879825580,79,7,3787250
rb2205,20220218,20220218,112423000,11:24:23,4794,1227240,1902890,57881503480,35,23,1677900
rb2205,20220218,20220218,112423500,11:24:23,4794,1227305,1902861,57884619430,65,-29,3115950
rb2205,20220218,20220218,112424000,11:24:24,4793,1227651,1902559,57901203210,346,-302,16583780
rb2205,20220218,20220218,112424500,11:24:24,4792,1227687,1902575,57902928340,36,16,1725130
rb2205,20220218,20220218,112425000,11:24:25,4794,1227835,1902587,57910022080,148,12,7093740
rb2205,20220218,20220218,112425500,11:24:25,4792,1227899,1902553,57913088980,64,-34,3066900
rb2205,20220218,20220218,112426000,11:24:26,4792,1227935,1902577,57914814220,36,24,1725240
rb2205,20220218,20220218,112426500,11:24:26,4792,1227958,1902575,57915916390,23,-2,1102170
rb2205,20220218,20220218,112427000,11:24:27,4791,1227972,1902573,57916587160,14,-2,670770
rb2205,20220218,20220218,112427500,11:24:28,4792,1228049,1902597,57920276970,77,24,3689810
rb2205,20220218,20220218,112428000,11:24:28,4792,1228151,1902521,57925164650,102,-76,4887680
rb2205,20220218,20220218,112428500,11:24:28,4792,1228248,1902472,57929812930,97,-49,4648280
rb2205,20220218,20220218,112429000,11:24:29,4792,1228309,1902470,57932736180,61,-2,2923250
rb2205,20220218,20220218,112429500,11:24:29,4793,1228415,1902458,57937816700,106,-12,5080520
rb2205,20220218,20220218,112430000,11:24:30,4793,1228542,1902346,57943903810,127,-112,6087110
rb2205,20220218,20220218,112430500,11:24:30,4792,1228632,1902299,57948217120,90,-47,4313310
rb2205,20220218,20220218,112431000,11:24:31,4792,1228658,1902295,57949463080,26,-4,1245960
rb2205,20220218,20220218,112431500,11:24:31,4792,1228677,1902284,57950373570,19,-11,910490
rb2205,20220218,20220218,112432000,11:24:32,4792,1228750,1902219,57953871730,73,-65,3498160
rb2205,20220218,20220218,112432500,11:24:32,4791,1228965,1902244,57964174530,215,25,10302800
rb2205,20220218,20220218,112433000,11:24:33,4792,1229016,1902229,57966618240,51,-15,2443710
rb2205,20220218,20220218,112433500,11:24:33,4791,1229034,1902227,57967480680,18,-2,862440
rb2205,20220218,20220218,112434000,11:24:34,4791,1229078,1902217,57969589010,44,-10,2108330
rb2205,20220218,20220218,112434500,11:24:34,4792,1229116,1902185,57971409680,38,-32,1820670
rb2205,20220218,20220218,112435000,11:24:35,4791,1229231,1902192,57976919370,115,7,5509690
rb2205,20220218,20220218,112435500,11:24:35,4791,1229341,1902225,57982189790,110,33,5270420
rb2205,20220218,20220218,112436000,11:24:36,4792,1229397,1902250,57984873170,56,25,2683380
rb2205,20220218,20220218,112436500,11:24:36,4792,1229416,1902253,57985783590,19,3,910420
rb2205,20220218,20220218,112437000,11:24:37,4791,1229487,1902319,57989185230,71,66,3401640
rb2205,20220218,20220218,112437500,11:24:37,4791,1229622,1902370,57995653280,135,51,6468050
rb2205,20220218,20220218,112438000,11:24:39,4791,1230173,1902167,58022051710,551,-203,26398430
rb2205,20220218,20220218,112438500,11:24:39,4792,1230309,1902074,58028567390,136,-93,6515680
rb2205,20220218,20220218,112439000,11:24:40,4790,1230428,1902048,58034268590,119,-26,5701200
rb2205,20220218,20220218,112439500,11:24:40,4790,1230674,1901943,58046053030,246,-105,11784440
rb2205,20220218,20220218,112440000,11:24:40,4791,1230721,1901945,58048304610,47,2,2251580
rb2205,20220218,20220218,112440500,11:24:40,4791,1230848,1901880,58054389180,127,-65,6084570
rb2205,20220218,20220218,112441000,11:24:41,4791,1230915,1901859,58057599150,67,-21,3209970
rb2205,20220218,20220218,112441500,11:24:41,4791,1230979,1901841,58060665410,64,-18,3066260
rb2205,20220218,20220218,112442000,11:24:42,4792,1231013,1901829,58062294530,34,-12,1629120
rb2205,20220218,20220218,112442500,11:24:42,4791,1231188,1901694,58070678840,175,-135,8384310
rb2205,20220218,20220218,112443000,11:24:43,4790,1231264,1901718,58074319850,76,24,3641010
rb2205,20220218,20220218,112443500,11:24:43,4791,1231429,1901609,58082224990,165,-109,7905140
rb2205,20220218,20220218,112444000,11:24:44,4792,1231552,1901650,58088117730,123,41,5892740
rb2205,20220218,20220218,112444500,11:24:44,4791,1231581,1901649,58089507050,29,-1,1389320
rb2205,20220218,20220218,112445000,11:24:45,4791,1231592,1901642,58090034070,11,-7,527020
rb2205,20220218,20220218,112445500,11:24:45,4792,1231616,1901642,58091183980,24,0,1149910
rb2205,20220218,20220218,112446000,11:24:46,4791,1231762,1901691,58098179840,146,49,6995860
rb2205,20220218,20220218,112446500,11:24:46,4792,1231810,1901713,58100479570,48,22,2299730
rb2205,20220218,20220218,112447000,11:24:47,4792,1232061,1901703,58112507450,251,-10,12027880
rb2205,20220218,20220218,112447500,11:24:47,4792,1232110,1901711,58114855530,49,8,2348080
rb2205,20220218,20220218,112448000,11:24:48,4792,1232142,1901718,58116388970,32,7,1533440
rb2205,20220218,20220218,112448500,11:24:48,4792,1232181,1901743,58118257860,39,25,1868890
rb2205,20220218,20220218,112449000,11:24:49,4792,1232255,1901738,58121803880,74,-5,3546020
rb2205,20220218,20220218,112449500,11:24:49,4792,1232296,1901720,58123768800,41,-18,1964920
rb2205,20220218,20220218,112450000,11:24:50,4792,1232359,1901739,58126787870,63,19,3019070
rb2205,20220218,20220218,112450500,11:24:50,4792,1232481,1901821,58132634140,122,82,5846270
rb2205,20220218,20220218,112451000,11:24:51,4792,1232623,1901839,58139438780,142,18,6804640
rb2205,20220218,20220218,112451500,11:24:51,4792,1232625,1901839,58139534620,2,0,95840
rb2205,20220218,20220218,112452000,11:24:52,4791,1232641,1901837,58140301230,16,-2,766610
rb2205,20220218,20220218,112452500,11:24:52,4791,1232655,1901845,58140971970,14,8,670740
rb2205,20220218,20220218,112453000,11:24:53,4791,1232662,1901849,58141307340,7,4,335370
rb2205,20220218,20220218,112453500,11:24:53,4791,1232669,1901852,58141642740,7,3,335400
rb2205,20220218,20220218,112454000,11:24:54,4791,1232680,1901855,58142169760,11,3,527020
rb2205,20220218,20220218,112454500,11:24:54,4791,1232698,1901864,58143032150,18,9,862390
rb2205,20220218,20220218,112455000,11:24:55,4791,1232733,1901872,58144709030,35,8,1676880
rb2205,20220218,20220218,112455500,11:24:56,4791,1233003,1901894,58157644840,270,22,12935810
rb2205,20220218,20220218,112456000,11:24:56,4791,1233107,1901880,58162627480,104,-14,4982640
rb2205,20220218,20220218,112456500,11:24:56,4791,1233150,1901851,58164687600,43,-29,2060120
rb2205,20220218,20220218,112457000,11:24:57,4791,1233202,1901830,58167178920,52,-21,2491320
rb2205,20220218,20220218,112457500,11:24:57,4791,1233217,1901820,58167897570,15,-10,718650
rb2205,20220218,20220218,112458000,11:24:58,4791,1233227,1901813,58168376670,10,-7,479100
rb2205,20220218,20220218,112458500,11:24:58,4791,1233248,1901801,58169382800,21,-12,1006130
rb2205,20220218,20220218,112459000,11:24:59,4791,1233271,1901793,58170484730,23,-8,1101930
rb2205,20220218,20220218,112459500,11:24:59,4791,1233642,1902000,58188262740,371,207,17778010
rb2205,20220218,20220218,112500000,11:25:00,4791,1233650,1901999,58188646020,8,-1,383280
rb2205,20220218,20220218,112500500,11:25:01,4791,1233854,1901835,58198419790,204,-164,9773770
rb2205,20220218,20220218,112501000,11:25:01,4793,1233943,1901860,58202684210,89,25,4264420
rb2205,20220218,20220218,112501500,11:25:03,4793,1234151,1901865,58212652770,208,5,9968560
rb2205,20220218,20220218,112502000,11:25:05,4793,1234250,1901895,58217398460,99,30,4745690
rb2205,20220218,20220218,112502500,11:25:06,4794,1234338,1901876,58221616770,88,-19,4218310
rb2205,20220218,20220218,112503000,11:25:06,4793,1234669,1902167,58237484630,331,291,15867860
rb2205,20220218,20220218,112505000,11:25:06,4796,1235790,1902623,58291233570,1121,456,53748940
rb2205,20220218,20220218,112505500,11:25:06,4795,1235897,1902719,58296364360,107,96,5130790
rb2205,20220218,20220218,112506000,11:25:06,4796,1236055,1902862,58303940610,158,143,7576250
rb2205,20220218,20220218,112506500,11:25:07,4795,1236210,1902899,58311373130,155,37,7432520
rb2205,20220218,20220218,112507000,11:25:07,4795,1236502,1902788,58325375580,292,-111,14002450
rb2205,20220218,20220218,112507500,11:25:07,4795,1236572,1902782,58328731860,70,-6,3356280
rb2205,20220218,20220218,112508000,11:25:08,4795,1236613,1902756,58330697770,41,-26,1965910
rb2205,20220218,20220218,112508500,11:25:08,4795,1236923,1902599,58345562070,310,-157,14864300
rb2205,20220218,20220218,112509000,11:25:09,4795,1237114,1902634,58354719790,191,35,9157720
rb2205,20220218,20220218,112509500,11:25:09,4794,1237159,1902611,58356877140,45,-23,2157350
rb2205,20220218,20220218,112510000,11:25:10,4794,1237180,1902620,58357883970,21,9,1006830
rb2205,20220218,20220218,112510500,11:25:10,4795,1237355,1902559,58366275460,175,-61,8391490
rb2205,20220218,20220218,112511000,11:25:11,4795,1237418,1902530,58369296310,63,-29,3020850
rb2205,20220218,20220218,112511500,11:25:11,4795,1237488,1902571,58372652790,70,41,3356480
rb2205,20220218,20220218,112512000,11:25:12,4794,1237543,1902588,58375289910,55,17,2637120
rb2205,20220218,20220218,112512500,11:25:12,4794,1237616,1902607,58378789880,73,19,3499970
rb2205,20220218,20220218,112513000,11:25:13,4795,1237863,1902617,58390633330,247,10,11843450
rb2205,20220218,20220218,112513500,11:25:15,4794,1237883,1902618,58391592160,20,1,958830
rb2205,20220218,20220218,112514000,11:25:15,4794,1237912,1902635,58392982550,29,17,1390390
rb2205,20220218,20220218,112514500,11:25:15,4795,1237965,1902666,58395523760,53,31,2541210
rb2205,20220218,20220218,112515000,11:25:16,4795,1238045,1902638,58399359080,80,-28,3835320
rb2205,20220218,20220218,112515500,11:25:16,4794,1238095,1902636,58401756100,50,-2,2397020
rb2205,20220218,20220218,112516000,11:25:16,4794,1238155,1902648,58404632890,60,12,2876790
rb2205,20220218,20220218,112516500,11:25:16,4795,1238170,1902651,58405352100,15,3,719210
rb2205,20220218,20220218,112517000,11:25:17,4794,1238251,1902697,58409235390,81,46,3883290
rb2205,20220218,20220218,112517500,11:25:18,4795,1238392,1902626,58415995990,141,-71,6760600
rb2205,20220218,20220218,112518000,11:25:18,4795,1238432,1902628,58417913950,40,2,1917960
rb2205,20220218,20220218,112518500,11:25:19,4794,1238500,1902611,58421174050,68,-17,3260100
rb2205,20220218,20220218,112519000,11:25:19,4794,1238517,1902616,58421989120,17,5,815070
rb2205,20220218,20220218,112519500,11:25:19,4794,1238542,1902634,58423187700,25,18,1198580
rb2205,20220218,20220218,112520000,11:25:20,4794,1238548,1902638,58423475350,6,4,287650
rb2205,20220218,20220218,112520500,11:25:21,4794,1238563,1902650,58424194450,15,12,719100
rb2205,20220218,20220218,112521000,11:25:21,4794,1238593,1902646,58425632710,30,-4,1438260
rb2205,20220218,20220218,112521500,11:25:22,4795,1238631,1902634,58427454730,38,-12,1822020
rb2205,20220218,20220218,112522000,11:25:22,4794,1238676,1902629,58429612390,45,-5,2157660
rb2205,20220218,20220218,112522500,11:25:22,4794,1238756,1902661,58433448380,80,32,3835990
rb2205,20220218,20220218,112523000,11:25:23,4795,1238798,1902633,58435462100,42,-28,2013720
rb2205,20220218,20220218,112523500,11:25:24,4795,1238817,1902620,58436373020,19,-13,910920
rb2205,20220218,20220218,112524000,11:25:24,4794,1238877,1902635,58439249900,60,15,2876880
rb2205,20220218,20220218,112524500,11:25:25,4794,1238884,1902639,58439585490,7,4,335590
rb2205,20220218,20220218,112525000,11:25:25,4794,1238888,1902640,58439777260,4,1,191770
rb2205,20220218,20220218,112525500,11:25:26,4794,1238896,1902641,58440160810,8,1,383550
rb2205,20220218,20220218,112526000,11:25:26,4794,1238925,1902644,58441551230,29,3,1390420
rb2205,20220218,20220218,112526500,11:25:27,4795,1238964,1902679,58443421280,39,35,1870050
rb2205,20220218,20220218,112527000,11:25:27,4794,1239217,1902592,58455551100,253,-87,12129820
rb2205,20220218,20220218,112527500,11:25:28,4794,1239280,1902637,58458571780,63,45,3020680
rb2205,20220218,20220218,112528000,11:25:28,4794,1239369,1902624,58462838600,89,-13,4266820
rb2205,20220218,20220218,112528500,11:25:28,4794,1239386,1902626,58463653580,17,2,814980
rb2205,20220218,20220218,112529000,11:25:29,4794,1239391,1902628,58463893270,5,2,239690
rb2205,20220218,20220218,112529500,11:25:30,4793,1239533,1902650,58470699150,142,22,6805880
rb2205,20220218,20220218,112530000,11:25:30,4791,1239591,1902640,58473478640,58,-10,2779490
rb2205,20220218,20220218,112530500,11:25:31,4791,1239612,1902644,58474484880,21,4,1006240
rb2205,20220218,20220218,112531000,11:25:31,4792,1239919,1902337,58489193340,307,-307,14708460
rb2205,20220218,20220218,112531500,11:25:32,4791,1240026,1902271,58494319710,107,-66,5126370
rb2205,20220218,20220218,112532000,11:25:32,4791,1240081,1902258,58496954640,55,-13,2634930
rb2205,20220218,20220218,112532500,11:25:32,4791,1240145,1902292,58500020880,64,34,3066240
rb2205,20220218,20220218,112533000,11:25:33,4791,1240220,1902312,58503614260,75,20,3593380
rb2205,20220218,20220218,112533500,11:25:33,4791,1240279,1902323,58506441170,59,11,2826910
rb2205,20220218,20220218,112534000,11:25:34,4791,1240419,1902303,58513149000,140,-20,6707830
rb2205,20220218,20220218,112534500,11:25:34,4791,1240463,1902317,58515257100,44,14,2108100
rb2205,20220218,20220218,112535000,11:25:36,4791,1240470,1902321,58515592510,7,4,335410
rb2205,20220218,20220218,112535500,11:25:37,4791,1240508,1902349,58517413090,38,28,1820580
rb2205,20220218,20220218,112536000,11:25:37,4792,1240529,1902357,58518419290,21,8,1006200
rb2205,20220218,20220218,112536500,11:25:37,4791,1240541,1902367,58518994240,12,10,574950
rb2205,20220218,20220218,112537000,11:25:37,4792,1240555,1902365,58519664990,14,-2,670750
rb2205,20220218,20220218,112537500,11:25:38,4791,1240565,1902361,58520144110,10,-4,479120
rb2205,20220218,20220218,112538000,11:25:38,4791,1240604,1902353,58522012610,39,-8,1868500
rb2205,20220218,20220218,112538500,11:25:39,4791,1240621,1902367,58522827230,17,14,814620
rb2205,20220218,20220218,112539000,11:25:39,4791,1240657,1902365,58524552030,36,-2,1724800
rb2205,20220218,20220218,112539500,11:25:40,4791,1240708,1902358,58526995440,51,-7,2443410
rb2205,20220218,20220218,112540000,11:25:40,4791,1240775,1902367,58530205480,67,9,3210040
rb2205,20220218,20220218,112540500,11:25:40,4792,1240902,1902450,58536291060,127,83,6085580
rb2205,20220218,20220218,112541000,11:25:41,4791,1241035,1902400,58542663250,133,-50,6372190
rb2205,20220218,20220218,112541500,11:25:41,4792,1241050,1902413,58543381970,15,13,718720
rb2205,20220218,20220218,112542000,11:25:42,4791,1241191,1902399,58550138560,141,-14,6756590
rb2205,20220218,20220218,112542500,11:25:42,4792,1241204,1902393,58550761410,13,-6,622850
rb2205,20220218,20220218,112543000,11:25:43,4792,1241364,1902415,58558428600,160,22,7667190
rb2205,20220218,20220218,112543500,11:25:43,4791,1241421,1902397,58561159900,57,-18,2731300
rb2205,20220218,20220218,112544000,11:25:44,4791,1241510,1902396,58565424510,89,-1,4264610
rb2205,20220218,20220218,112544500,11:25:44,4792,1241548,1902409,58567245400,38,13,1820890
rb2205,20220218,20220218,112545000,11:25:45,4792,1241581,1902433,58568826730,33,24,1581330
rb2205,20220218,20220218,112545500,11:25:46,4791,1241603,1902446,58569880760,22,13,1054030
rb2205,20220218,20220218,112546000,11:25:46,4792,1241893,1902661,58583776920,290,215,13896160
rb2205,20220218,20220218,112546500,11:25:47,4791,1241917,1902672,58584926790,24,11,1149870
rb2205,20220218,20220218,112547000,11:25:48,4791,1241936,1902681,58585837080,19,9,910290
rb2205,20220218,20220218,112547500,11:25:48,4791,1241948,1902680,58586412040,12,-1,574960
rb2205,20220218,20220218,112548000,11:25:48,4791,1241952,1902681,58586603700,4,1,191660
rb2205,20220218,20220218,112548500,11:25:48,4791,1242071,1902674,58592305010,119,-7,5701310
rb2205,20220218,20220218,112549000,11:25:49,4792,1242088,1902683,58593119570,17,9,814560
rb2205,20220218,20220218,112549500,11:25:49,4791,1242093,1902686,58593359120,5,3,239550
rb2205,20220218,20220218,112550000,11:25:50,4792,1242105,1902694,58593934080,12,8,574960
rb2205,20220218,20220218,112550500,11:25:50,4792,1242120,1902700,58594652810,15,6,718730
rb2205,20220218,20220218,112551000,11:25:51,4791,1242164,1902703,58596760850,44,3,2108040
rb2205,20220218,20220218,112551500,11:25:51,4791,1242205,1902711,58598725170,41,8,1964320
rb2205,20220218,20220218,112552000,11:25:52,4791,1242281,1902661,58602366380,76,-50,3641210
rb2205,20220218,20220218,112552500,11:25:52,4791,1242330,1902639,58604714010,49,-22,2347630
rb2205,20220218,20220218,112553000,11:25:53,4791,1242339,1902639,58605145210,9,0,431200
rb2205,20220218,20220218,112553500,11:25:54,4791,1242357,1902634,58606007610,18,-5,862400
rb2205,20220218,20220218,112554000,11:25:54,4792,1242384,1902637,58607301280,27,3,1293670
rb2205,20220218,20220218,112554500,11:25:54,4791,1242393,1902642,58607732500,9,5,431220
rb2205,20220218,20220218,112555000,11:25:55,4791,1242534,1902730,58614487830,141,88,6755330
rb2205,20220218,20220218,112555500,11:25:56,4791,1242596,1902706,58617458250,62,-24,2970420
rb2205,20220218,20220218,112556000,11:25:57,4791,1242648,1902701,58619949530,52,-5,2491280
rb2205,20220218,20220218,112556500,11:25:57,4791,1242748,1902680,58624740520,100,-21,4790990
rb2205,20220218,20220218,112557000,11:25:57,4791,1242812,1902730,58627806760,64,50,3066240
rb2205,20220218,20220218,112557500,11:25:57,4791,1242832,1902738,58628764960,20,8,958200
rb2205,20220218,20220218,112558000,11:25:59,4791,1242900,1902716,58632022840,68,-22,3257880
rb2205,20220218,20220218,112558500,11:25:59,4790,1242982,1902732,58635951330,82,16,3928490
rb2205,20220218,20220218,112559000,11:26:00,4791,1243051,1902711,58639256820,69,-21,3305490
rb2205,20220218,20220218,112559500,11:26:00,4791,1243105,1902695,58641843970,54,-16,2587150
rb2205,20220218,20220218,112600000,11:26:00,4790,1243210,1902732,58646874320,105,37,5030350
rb2205,20220218,20220218,112600500,11:26:01,4791,1243223,1902736,58647497110,13,4,622790
rb2205,20220218,20220218,112601000,11:26:01,4791,1243380,1902772,58655019470,157,36,7522360
rb2205,20220218,20220218,112601500,11:26:01,4791,1243566,1902870,58663932650,186,98,8913180
rb2205,20220218,20220218,112602000,11:26:03,4792,1243584,1902864,58664795240,18,-6,862590
rb2205,20220218,20220218,112602500,11:26:03,4792,1243620,1902867,58666520560,36,3,1725320
rb2205,20220218,20220218,112603000,11:26:03,4794,1243721,1902852,58671361860,101,-15,4841300
rb2205,20220218,20220218,112603500,11:26:03,4793,1243769,1902844,58673662800,48,-8,2300940
rb2205,20220218,20220218,112604000,11:26:05,4793,1243969,1902826,58683249410,200,-18,9586610
rb2205,20220218,20220218,112604500,11:26:05,4793,1244031,1902807,58686221380,62,-19,2971970
rb2205,20220218,20220218,112605000,11:26:05,4793,1244036,1902805,58686461040,5,-2,239660
rb2205,20220218,20220218,112605500,11:26:05,4793,1244058,1902805,58687515590,22,0,1054550
rb2205,20220218,20220218,112606000,11:26:06,4794,1244183,1902850,58693506890,125,45,5991300
rb2205,20220218,20220218,112606500,11:26:06,4793,1244336,1902992,58700840110,153,142,7333220
rb2205,20220218,20220218,112607000,11:26:09,4793,1244389,1903040,58703380400,53,48,2540290
rb2205,20220218,20220218,112607500,11:26:09,4792,1244398,1903040,58703811760,9,0,431360
rb2205,20220218,20220218,112608000,11:26:09,4792,1244410,1903051,58704386800,12,11,575040
rb2205,20220218,20220218,112609000,11:26:10,4792,1244520,1903076,58709658230,110,25,5271430
rb2205,20220218,20220218,112609500,11:26:10,4793,1244531,1903076,58710185430,11,0,527200
rb2205,20220218,20220218,112610000,11:26:10,4792,1244624,1903018,58714642010,93,-58,4456580
rb2205,20220218,20220218,112610500,11:26:10,4792,1244691,1903043,58717852750,67,25,3210740
rb2205,20220218,20220218,112611000,11:26:11,4792,1244707,1903057,58718619480,16,14,766730
rb2205,20220218,20220218,112611500,11:26:13,4792,1244716,1903058,58719050760,9,1,431280
rb2205,20220218,20220218,112612000,11:26:14,4793,1244794,1903016,58722789240,78,-42,3738480
rb2205,20220218,20220218,112612500,11:26:14,4793,1244928,1902980,58729211860,134,-36,6422620
rb2205,20220218,20220218,112613000,11:26:15,4792,1244971,1902994,58731272790,43,14,2060930
rb2205,20220218,20220218,112614000,11:26:15,4793,1244979,1902998,58731656180,8,4,383390
rb2205,20220218,20220218,112614500,11:26:15,4792,1244983,1903000,58731847860,4,2,191680
rb2205,20220218,20220218,112615000,11:26:16,4793,1244989,1903001,58732135410,6,1,287550
rb2205,20220218,20220218,112615500,11:26:16,4792,1245029,1903037,58734052210,40,36,1916800
rb2205,20220218,20220218,112616000,11:26:16,4792,1245053,1903049,58735202210,24,12,1150000
rb2205,20220218,20220218,112616500,11:26:17,4792,1245073,1903069,58736160610,20,20,958400
rb2205,20220218,20220218,112617000,11:26:17,4791,1245114,1903049,58738124970,41,-20,1964360
rb2205,20220218,20220218,112617500,11:26:17,4792,1245133,1903049,58739035440,19,0,910470
rb2205,20220218,20220218,112618000,11:26:18,4791,1245199,1903048,58742198000,66,-1,3162560
rb2205,20220218,20220218,112618500,11:26:18,4792,1245235,1903072,58743923130,36,24,1725130
rb2205,20220218,20220218,112619000,11:26:19,4792,1245262,1903071,58745216970,27,-1,1293840
rb2205,20220218,20220218,112619500,11:26:20,4792,1245279,1903059,58746031640,17,-12,814670
rb2205,20220218,20220218,112620000,11:26:20,4792,1245288,1903058,58746462920,9,-1,431280
rb2205,20220218,20220218,112620500,11:26:20,4792,1245313,1903035,58747660930,25,-23,1198010
rb2205,20220218,20220218,112621000,11:26:21,4792,1245371,1903031,58750440310,58,-4,2779380
rb2205,20220218,20220218,112621500,11:26:21,4792,1245407,1903050,58752165330,36,19,1725020
rb2205,20220218,20220218,112622000,11:26:22,4791,1245419,1903049,58752740260,12,-1,574930
rb2205,20220218,20220218,112622500,11:26:22,4791,1245419,1903049,58752740260,0,0,0
rb2205,20220218,20220218,112623000,11:26:23,4792,1245440,1903068,58753746570,21,19,1006310
rb2205,20220218,20220218,112623500,11:26:23,4791,1245453,1903063,58754369410,13,-5,622840
rb2205,20220218,20220218,112624000,11:26:24,4791,1245493,1903058,58756285950,40,-5,1916540
rb2205,20220218,20220218,112624500,11:26:24,4791,1245508,1903055,58757004690,15,-3,718740
rb2205,20220218,20220218,112625000,11:26:25,4791,1245538,1903067,58758442000,30,12,1437310
rb2205,20220218,20220218,112625500,11:26:25,4791,1245553,1903061,58759160670,15,-6,718670
rb2205,20220218,20220218,112626000,11:26:26,4792,1245558,1903064,58759400240,5,3,239570
rb2205,20220218,20220218,112626500,11:26:26,4791,1245673,1903041,58764909910,115,-23,5509670
rb2205,20220218,20220218,112627000,11:26:27,4791,1245725,1903071,58767401240,52,30,2491330
rb2205,20220218,20220218,112627500,11:26:27,4791,1245839,1902980,58772864010,114,-91,5462770
rb2205,20220218,20220218,112628000,11:26:28,4791,1245911,1902972,58776313530,72,-8,3449520
rb2205,20220218,20220218,112628500,11:26:28,4791,1245938,1902991,58777607130,27,19,1293600
rb2205,20220218,20220218,112629000,11:26:29,4791,1245962,1902979,58778757090,24,-12,1149960
rb2205,20220218,20220218,112629500,11:26:30,4791,1246001,1902946,58780625600,39,-33,1868510
rb2205,20220218,20220218,112630000,11:26:31,4791,1246015,1902941,58781296350,14,-5,670750
rb2205,20220218,20220218,112630500,11:26:31,4791,1246054,1902924,58783164880,39,-17,1868530
rb2205,20220218,20220218,112631000,11:26:31,4791,1246169,1903007,58788674700,115,83,5509820
rb2205,20220218,20220218,112631500,11:26:32,4792,1246271,1902958,58793561630,102,-49,4886930
rb2205,20220218,20220218,112632000,11:26:32,4791,1246317,1902967,58795765380,46,9,2203750
rb2205,20220218,20220218,112632500,11:26:32,4791,1246386,1902958,58799071180,69,-9,3305800
rb2205,20220218,20220218,112633000,11:26:33,4792,1246389,1902959,58799214920,3,1,143740
rb2205,20220218,20220218,112633500,11:26:34,4791,1246408,1902960,58800125250,19,1,910330
rb2205,20220218,20220218,112634000,11:26:34,4792,1246624,1902870,58810475880,216,-90,10350630
rb2205,20220218,20220218,112634500,11:26:37,4792,1246740,1902864,58816033630,116,-6,5557750
rb2205,20220218,20220218,112635000,11:26:37,4791,1246746,1902868,58816321100,6,4,287470
rb2205,20220218,20220218,112635500,11:26:37,4791,1246864,1902880,58821974600,118,12,5653500
rb2205,20220218,20220218,112636000,11:26:38,4791,1246893,1902886,58823364250,29,6,1389650
rb2205,20220218,20220218,112637000,11:26:54,4791,1246998,1902923,58828394920,105,37,5030670
rb2205,20220218,20220218,112637500,11:26:54,4791,1247015,1902908,58829209390,17,-15,814470
rb2205,20220218,20220218,112638000,11:27:10,4791,1247019,1902904,58829401030,4,-4,191640
rb2205,20220218,20220218,112638500,11:27:10,4791,1247142,1902803,58835294060,123,-101,5893030
rb2205,20220218,20220218,112653500,11:27:11,4790,1249050,1902693,58926705780,1908,-110,91411720
rb2205,20220218,20220218,112654000,11:27:12,4792,1249063,1902687,58927328630,13,-6,622850
rb2205,20220218,20220218,112710000,11:27:12,4795,1251913,1903151,59063943830,2850,464,136615200
rb2205,20220218,20220218,112710500,11:27:12,4794,1252017,1903111,59068930260,104,-40,4986430
rb2205,20220218,20220218,112712000,11:27:13,4795,1252139,1903214,59074779370,122,103,5849110
rb2205,20220218,20220218,112712500,11:27:13,4794,1252149,1903218,59075258780,10,4,479410
rb2205,20220218,20220218,112713000,11:27:13,4795,1252307,1903280,59082832610,158,62,7573830
rb2205,20220218,20220218,112713500,11:27:14,4794,1252356,1903276,59085181670,49,-4,2349060
rb2205,20220218,20220218,112714000,11:27:14,4794,1252360,1903278,59085373400,4,2,191730
rb2205,20220218,20220218,112714500,11:27:15,4794,1252367,1903284,59085708960,7,6,335560
rb2205,20220218,20220218,112715000,11:27:15,4793,1252372,1903285,59085948650,5,1,239690
rb2205,20220218,20220218,112715500,11:27:16,4794,1252379,1903283,59086284200,7,-2,335550
rb2205,20220218,20220218,112716000,11:27:16,4794,1252394,1903280,59087003240,15,-3,719040
rb2205,20220218,20220218,112716500,11:27:17,4793,1252398,1903277,59087194990,4,-3,191750
rb2205,20220218,20220218,112717000,11:27:17,4793,1252487,1903323,59091461120,89,46,4266130
rb2205,20220218,20220218,112717500,11:27:17,4794,1252494,1903321,59091796670,7,-2,335550
rb2205,20220218,20220218,112718000,11:27:18,4793,1252496,1903322,59091892530,2,1,95860
rb2205,20220218,20220218,112718500,11:27:19,4794,1252499,1903321,59092036350,3,-1,143820
rb2205,20220218,20220218,112719000,11:27:19,4793,1252525,1903311,59093282780,26,-10,1246430
rb2205,20220218,20220218,112719500,11:27:20,4793,1252540,1903313,59094001860,15,2,719080
rb2205,20220218,20220218,112720000,11:27:20,4793,1252552,1903311,59094577020,12,-2,575160
rb2205,20220218,20220218,112720500,11:27:21,4793,1252570,1903321,59095439760,18,10,862740
rb2205,20220218,20220218,112721000,11:27:21,4793,1252634,1903382,59098507290,64,61,3067530
rb2205,20220218,20220218,112721500,11:27:22,4793,1252640,1903385,59098794890,6,3,287600
rb2205,20220218,20220218,112722000,11:27:22,4794,1252688,1903396,59101095550,48,11,2300660
rb2205,20220218,20220218,112722500,11:27:22,4794,1252713,1903389,59102294030,25,-7,1198480
rb2205,20220218,20220218,112723000,11:27:26,4793,1252734,1903387,59103300560,21,-2,1006530
rb2205,20220218,20220218,112723500,11:27:27,4793,1252741,1903385,59103636080,7,-2,335520
rb2205,20220218,20220218,112724000,11:27:27,4793,1252837,1903335,59108237360,96,-50,4601280
rb2205,20220218,20220218,112724500,11:27:27,4793,1252849,1903333,59108812490,12,-2,575130
rb2205,20220218,20220218,112726500,11:27:27,4793,1252969,1903365,59114564590,120,32,5752100
rb2205,20220218,20220218,112727000,11:27:27,4794,1253002,1903364,59116146550,33,-1,1581960
rb2205,20220218,20220218,112727500,11:27:27,4793,1253005,1903363,59116290360,3,-1,143810
rb2205,20220218,20220218,112728000,11:27:28,4794,1253020,1903353,59117009330,15,-10,718970
rb2205,20220218,20220218,112728500,11:27:28,4793,1253065,1903337,59119166180,45,-16,2156850
rb2205,20220218,20220218,112729000,11:27:29,4793,1253065,1903337,59119166180,0,0,0
rb2205,20220218,20220218,112729500,11:27:29,4793,1253072,1903330,59119501690,7,-7,335510
rb2205,20220218,20220218,112730000,11:27:30,4792,1253164,1903303,59123910610,92,-27,4408920
rb2205,20220218,20220218,112730500,11:27:31,4793,1253170,1903298,59124198170,6,-5,287560
rb2205,20220218,20220218,112731000,11:27:32,4792,1253183,1903290,59124821180,13,-8,623010
rb2205,20220218,20220218,112731500,11:27:35,4792,1253189,1903287,59125108700,6,-3,287520
rb2205,20220218,20220218,112732000,11:27:35,4793,1253212,1903279,59126210950,23,-8,1102250
rb2205,20220218,20220218,112732500,11:27:36,4792,1253228,1903275,59126977680,16,-4,766730
rb2205,20220218,20220218,112735500,11:27:36,4793,1253490,1903326,59139534140,262,51,12556460
rb2205,20220218,20220218,112736000,11:27:37,4792,1253506,1903336,59140300880,16,10,766740
rb2205,20220218,20220218,112736500,11:27:37,4793,1253614,1903362,59145476300,108,26,5175420
rb2205,20220218,20220218,112737000,11:27:38,4792,1253633,1903374,59146386790,19,12,910490
rb2205,20220218,20220218,112737500,11:27:38,4792,1253662,1903402,59147776470,29,28,1389680
rb2205,20220218,20220218,112738000,11:27:38,4792,1253670,1903403,59148159830,8,1,383360
rb2205,20220218,20220218,112738500,11:27:39,4792,1253685,1903404,59148878630,15,1,718800
rb2205,20220218,20220218,112739000,11:27:39,4792,1253696,1903411,59149405760,11,7,527130
rb2205,20220218,20220218,112739500,11:27:39,4792,1253708,1903420,59149980800,12,9,575040
rb2205,20220218,20220218,112740000,11:27:40,4793,1253761,1903423,59152521040,53,3,2540240
rb2205,20220218,20220218,112740500,11:27:40,4793,1254098,1903735,59168673410,337,312,16152370
rb2205,20220218,20220218,112741000,11:27:41,4793,1254159,1903699,59171597610,61,-36,2924200
rb2205,20220218,20220218,112741500,11:27:41,4793,1254225,1903653,59174761460,66,-46,3163850
rb2205,20220218,20220218,112742000,11:27:42,4793,1254292,1903647,59177973240,67,-6,3211780
rb2205,20220218,20220218,112742500,11:27:43,4793,1254348,1903649,59180657790,56,2,2684550
rb2205,20220218,20220218,112743000,11:27:43,4793,1254404,1903648,59183342340,56,-1,2684550
rb2205,20220218,20220218,112743500,11:27:43,4793,1254455,1903638,59185787240,51,-10,2444900
rb2205,20220218,20220218,112744000,11:27:44,4794,1254486,1903635,59187273340,31,-3,1486100
rb2205,20220218,20220218,112744500,11:27:45,4794,1254516,1903615,59188711550,30,-20,1438210
rb2205,20220218,20220218,112745000,11:27:45,4794,1254524,1903613,59189095070,8,-2,383520
rb2205,20220218,20220218,112745500,11:27:46,4794,1254558,1903590,59190725100,34,-23,1630030
rb2205,20220218,20220218,112746000,11:27:46,4795,1254626,1903627,59193985430,68,37,3260330
rb2205,20220218,20220218,112746500,11:27:47,4794,1254665,1903621,59195855220,39,-6,1869790
rb2205,20220218,20220218,112747000,11:27:47,4794,1254728,1903622,59198875910,63,1,3020690
rb2205,20220218,20220218,112747500,11:27:47,4795,1254734,1903620,59199163570,6,-2,287660
rb2205,20220218,20220218,112748000,11:27:48,4795,1254758,1903622,59200314270,24,2,1150700
rb2205,20220218,20220218,112748500,11:27:54,4794,1254764,1903625,59200601910,6,3,287640
rb2205,20220218,20220218,112749000,11:27:54,4794,1254791,1903637,59201896310,27,12,1294400
rb2205,20220218,20220218,112749500,11:27:54,4794,1254816,1903646,59203094810,25,9,1198500
rb2205,20220218,20220218,112754000,11:27:54,4794,1255343,1903734,59228359280,527,88,25264470
rb2205,20220218,20220218,112754500,11:27:54,4794,1255364,1903742,59229366050,21,8,1006770
rb2205,20220218,20220218,112755000,11:27:55,4794,1255389,1903742,59230564550,25,0,1198500
rb2205,20220218,20220218,112755500,11:27:55,4794,1255396,1903743,59230900140,7,1,335590
rb2205,20220218,20220218,112756000,11:27:56,4794,1255410,1903748,59231571300,14,5,671160
rb2205,20220218,20220218,112756500,11:27:56,4794,1255414,1903748,59231763060,4,0,191760
rb2205,20220218,20220218,112757000,11:27:57,4794,1255422,1903743,59232146580,8,-5,383520
rb2205,20220218,20220218,112757500,11:27:57,4794,1255441,1903742,59233057480,19,-1,910900
rb2205,20220218,20220218,112758000,11:27:58,4794,1255447,1903747,59233345170,6,5,287690
rb2205,20220218,20220218,112758500,11:27:59,4795,1255482,1903781,59235023200,35,34,1678030
rb2205,20220218,20220218,112759000,11:27:59,4794,1255879,1903939,59254059210,397,158,19036010
rb2205,20220218,20220218,112759500,11:27:59,4795,1256033,1904009,59261443510,154,70,7384300
rb2205,20220218,20220218,112800000,11:28:00,4795,1256106,1904049,59264944280,73,40,3500770
rb2205,20220218,20220218,112800500,11:28:01,4795,1256120,1904053,59265615660,14,4,671380
rb2205,20220218,20220218,112801000,11:28:01,4796,1256142,1904062,59266670610,22,9,1054950
rb2205,20220218,20220218,112801500,11:28:02,4795,1256367,1904154,59277461250,225,92,10790640
rb2205,20220218,20220218,112802000,11:28:03,4795,1256851,1904369,59300673560,484,215,23212310
rb2205,20220218,20220218,112802500,11:28:03,4796,1257051,1904274,59310265320,200,-95,9591760
rb2205,20220218,20220218,112803000,11:28:04,4796,1257095,1904272,59312375560,44,-2,2110240
rb2205,20220218,20220218,112803500,11:28:04,4797,1257118,1904277,59313478660,23,5,1103100
rb2205,20220218,20220218,112804000,11:28:04,4797,1257465,1904343,59330123850,347,66,16645190
rb2205,20220218,20220218,112804500,11:28:05,4796,1257708,1904351,59341780190,243,8,11656340
rb2205,20220218,20220218,112805000,11:28:06,4796,1257791,1904382,59345761020,83,31,3980830
rb2205,20220218,20220218,112805500,11:28:06,4796,1257814,1904381,59346864110,23,-1,1103090
rb2205,20220218,20220218,112806000,11:28:10,4796,1257862,1904361,59349166380,48,-20,2302270
rb2205,20220218,20220218,112806500,11:28:10,4796,1257881,1904360,59350077650,19,-1,911270
rb2205,20220218,20220218,112807000,11:28:10,4796,1258008,1904289,59356168730,127,-71,6091080
rb2205,20220218,20220218,112807500,11:28:10,4796,1258055,1904288,59358423250,47,-1,2254520
rb2205,20220218,20220218,112810000,11:28:11,4797,1258800,1903971,59394160610,745,-317,35737360
rb2205,20220218,20220218,112810500,11:28:11,4797,1258854,1903925,59396751020,54,-46,2590410
rb2205,20220218,20220218,112811000,11:28:12,4798,1258880,1903917,59397998290,26,-8,1247270
rb2205,20220218,20220218,112811500,11:28:12,4798,1259071,1903850,59407161920,191,-67,9163630
rb2205,20220218,20220218,112812000,11:28:13,4797,1259149,1903865,59410903990,78,15,3742070
rb2205,20220218,20220218,112812500,11:28:13,4797,1259189,1903861,59412823030,40,-4,1919040
rb2205,20220218,20220218,112813000,11:28:13,4797,1259440,1904036,59424865810,251,175,12042780
rb2205,20220218,20220218,112813500,11:28:14,4797,1259462,1904040,59425921260,22,4,1055450
rb2205,20220218,20220218,112814000,11:28:14,4797,1259485,1904037,59427024750,23,-3,1103490
rb2205,20220218,20220218,112814500,11:28:14,4797,1259593,1904093,59432206560,108,56,5181810
rb2205,20220218,20220218,112815000,11:28:15,4797,1259717,1903981,59438154950,124,-112,5948390
rb2205,20220218,20220218,112815500,11:28:15,4797,1259737,1903973,59439114460,20,-8,959510
rb2205,20220218,20220218,112816000,11:28:16,4797,1259764,1903992,59440409750,27,19,1295290
rb2205,20220218,20220218,112816500,11:28:16,4798,1259876,1904076,59445783140,112,84,5373390
rb2205,20220218,20220218,112817000,11:28:17,4797,1259939,1904110,59448805510,63,34,3022370
rb2205,20220218,20220218,112817500,11:28:17,4797,1259960,1904121,59449813000,21,11,1007490
rb2205,20220218,20220218,112818000,11:28:18,4797,1259969,1904117,59450244740,9,-4,431740
rb2205,20220218,20220218,112818500,11:28:18,4797,1260085,1904093,59455809590,116,-24,5564850
rb2205,20220218,20220218,112819000,11:28:19,4797,1260113,1904101,59457152830,28,8,1343240
rb2205,20220218,20220218,112819500,11:28:19,4797,1260180,1904095,59460366990,67,-6,3214160
rb2205,20220218,20220218,112820000,11:28:20,4796,1260315,1904064,59466841940,135,-31,6474950
rb2205,20220218,20220218,112820500,11:28:20,4796,1260387,1904116,59470295080,72,52,3453140
rb2205,20220218,20220218,112821000,11:28:21,4796,1260403,1904119,59471062370,16,3,767290
rb2205,20220218,20220218,112821500,11:28:22,4796,1260427,1904124,59472213440,24,5,1151070
rb2205,20220218,20220218,112822000,11:28:22,4795,1260481,1904155,59474802840,54,31,2589400
rb2205,20220218,20220218,112822500,11:28:22,4796,1260511,1904167,59476241530,30,12,1438690
rb2205,20220218,20220218,112823000,11:28:23,4796,1260551,1904165,59478159680,40,-2,1918150
rb2205,20220218,20220218,112823500,11:28:23,4795,1260558,1904168,59478495340,7,3,335660
rb2205,20220218,20220218,112824000,11:28:24,4796,1260563,1904167,59478735130,5,-1,239790
rb2205,20220218,20220218,112824500,11:28:24,4796,1260574,1904163,59479262600,11,-4,527470
rb2205,20220218,20220218,112825000,11:28:25,4796,1260666,1904214,59483674830,92,51,4412230
rb2205,20220218,20220218,112825500,11:28:25,4796,1261906,1904823,59543120510,1240,609,59445680
rb2205,20220218,20220218,112826000,11:28:26,4796,1261950,1904854,59545230720,44,31,2110210
rb2205,20220218,20220218,112826500,11:28:26,4793,1262318,1904780,59562878500,368,-74,17647780
rb2205,20220218,20220218,112827000,11:28:27,4795,1262326,1904786,59563262080,8,6,383580
rb2205,20220218,20220218,112827500,11:28:27,4795,1262384,1904786,59566043170,58,0,2781090
rb2205,20220218,20220218,112828000,11:28:28,4794,1262561,1904913,59574530300,177,127,8487130
rb2205,20220218,20220218,112828500,11:28:28,4790,1263093,1905204,59600019110,532,291,25488810
rb2205,20220218,20220218,112829000,11:28:29,4790,1263655,1905474,59626940300,562,270,26921190
rb2205,20220218,20220218,112829500,11:28:29,4792,1263867,1905421,59637097310,212,-53,10157010
rb2205,20220218,20220218,112830000,11:28:30,4792,1264003,1905373,59643612960,136,-48,6515650
rb2205,20220218,20220218,112830500,11:28:31,4792,1264010,1905375,59643948370,7,2,335410
rb2205,20220218,20220218,112831000,11:28:31,4792,1264029,1905375,59644858680,19,0,910310
rb2205,20220218,20220218,112831500,11:28:31,4791,1264130,1905414,59649698470,101,39,4839790
rb2205,20220218,20220218,112832000,11:28:32,4791,1264146,1905412,59650465070,16,-2,766600
rb2205,20220218,20220218,112832500,11:28:33,4791,1264186,1905393,59652381500,40,-19,1916430
rb2205,20220218,20220218,112833000,11:28:33,4791,1264211,1905384,59653579270,25,-9,1197770
rb2205,20220218,20220218,112833500,11:28:33,4791,1264221,1905380,59654058430,10,-4,479160
rb2205,20220218,20220218,112834000,11:28:34,4792,1264248,1905382,59655352270,27,2,1293840
rb2205,20220218,20220218,112834500,11:28:34,4791,1264286,1905385,59657173090,38,3,1820820
rb2205,20220218,20220218,112835000,11:28:35,4791,1264354,1905389,59660431000,68,4,3257910
rb2205,20220218,20220218,112835500,11:28:35,4791,1264377,1905387,59661533080,23,-2,1102080
rb2205,20220218,20220218,112836000,11:28:37,4790,1264401,1905374,59662682890,24,-13,1149810
rb2205,20220218,20220218,112836500,11:28:37,4791,1264427,1905381,59663928740,26,7,1245850
rb2205,20220218,20220218,112837000,11:28:37,4791,1264476,1905366,59666276390,49,-15,2347650
rb2205,20220218,20220218,112837500,11:28:37,4791,1264577,1905369,59671115260,101,3,4838870
rb2205,20220218,20220218,112838000,11:28:38,4791,1264588,1905371,59671642260,11,2,527000
rb2205,20220218,20220218,112838500,11:28:38,4790,1264627,1905346,59673510670,39,-25,1868410
rb2205,20220218,20220218,112839000,11:28:40,4790,1264684,1905299,59676241220,57,-47,2730550
rb2205,20220218,20220218,112839500,11:28:40,4790,1264708,1905290,59677390850,24,-9,1149630
rb2205,20220218,20220218,112840000,11:28:40,4791,1264754,1905267,59679594680,46,-23,2203830
rb2205,20220218,20220218,112840500,11:28:40,4790,1264769,1905258,59680313240,15,-9,718560
rb2205,20220218,20220218,112841000,11:28:41,4791,1265062,1905021,59694348090,293,-237,14034850
rb2205,20220218,20220218,112841500,11:28:41,4790,1265123,1905016,59697270000,61,-5,2921910
rb2205,20220218,20220218,112842000,11:28:42,4791,1265201,1905003,59701006250,78,-13,3736250
rb2205,20220218,20220218,112842500,11:28:42,4791,1265229,1905021,59702347560,28,18,1341310
rb2205,20220218,20220218,112843000,11:28:43,4790,1265277,1905064,59704646940,48,43,2299380
rb2205,20220218,20220218,112843500,11:28:44,4791,1265399,1905174,59710490820,122,110,5843880
rb2205,20220218,20220218,112844000,11:28:44,4790,1265405,1905177,59710778220,6,3,287400
rb2205,20220218,20220218,112844500,11:28:44,4790,1265421,1905184,59711544640,16,7,766420
rb2205,20220218,20220218,112845000,11:28:45,4791,1265451,1905195,59712981710,30,11,1437070
rb2205,20220218,20220218,112845500,11:28:46,4790,1265509,1905199,59715759940,58,4,2778230
rb2205,20220218,20220218,112846000,11:28:46,4790,1265535,1905193,59717005350,26,-6,1245410
rb2205,20220218,20220218,112846500,11:28:46,4790,1265546,1905199,59717532250,11,6,526900
rb2205,20220218,20220218,112847000,11:28:47,4790,1265578,1905216,59719065060,32,17,1532810
rb2205,20220218,20220218,112847500,11:28:48,4790,1265593,1905222,59719783580,15,6,718520
rb2205,20220218,20220218,112848000,11:28:48,4791,1265620,1905238,59721076950,27,16,1293370
rb2205,20220218,20220218,112848500,11:28:48,4791,1265652,1905249,59722609790,32,11,1532840
rb2205,20220218,20220218,112849000,11:28:49,4790,1265773,1905332,59728406300,121,83,5796510
rb2205,20220218,20220218,112849500,11:28:50,4790,1265817,1905341,59730513950,44,9,2107650
rb2205,20220218,20220218,112850000,11:28:50,4790,1265843,1905338,59731759350,26,-3,1245400
rb2205,20220218,20220218,112850500,11:28:50,4790,1265872,1905332,59733148680,29,-6,1389330
rb2205,20220218,20220218,112851000,11:28:51,4790,1265889,1905336,59733963000,17,4,814320
rb2205,20220218,20220218,112851500,11:28:51,4791,1265943,1905325,59736550020,54,-11,2587020
rb2205,20220218,20220218,112852000,11:28:52,4791,1266009,1905358,59739711980,66,33,3161960
rb2205,20220218,20220218,112852500,11:28:53,4791,1266056,1905401,59741963790,47,43,2251810
rb2205,20220218,20220218,112853000,11:28:54,4791,1266071,1905409,59742682440,15,8,718650
rb2205,20220218,20220218,112853500,11:28:54,4792,1266125,1905418,59745269600,54,9,2587160
rb2205,20220218,20220218,112854000,11:28:54,4791,1266178,1905429,59747808830,53,11,2539230
rb2205,20220218,20220218,112854500,11:28:54,4791,1266193,1905427,59748527570,15,-2,718740
rb2205,20220218,20220218,112855000,11:28:55,4792,1266207,1905428,59749198430,14,1,670860
rb2205,20220218,20220218,112855500,11:28:55,4791,1266244,1905426,59750971100,37,-2,1772670
rb2205,20220218,20220218,112856000,11:28:56,4791,1266263,1905415,59751881400,19,-11,910300
rb2205,20220218,20220218,112856500,11:28:56,4791,1266277,1905425,59752552140,14,10,670740
rb2205,20220218,20220218,112857000,11:28:57,4791,1266320,1905425,59754612320,43,0,2060180
rb2205,20220218,20220218,112857500,11:28:58,4791,1266367,1905395,59756864190,47,-30,2251870
rb2205,20220218,20220218,112858000,11:28:58,4791,1266370,1905395,59757007920,3,0,143730
rb2205,20220218,20220218,112858500,11:28:59,4790,1266450,1905366,59760840730,80,-29,3832810
rb2205,20220218,20220218,112859000,11:28:59,4791,1266497,1905332,59763092060,47,-34,2251330
rb2205,20220218,20220218,112859500,11:29:00,4791,1266509,1905333,59763667070,12,1,575010
rb2205,20220218,20220218,112900000,11:29:00,4791,1266559,1905309,59766062510,50,-24,2395440
rb2205,20220218,20220218,112900500,11:29:01,4791,1266721,1905300,59773823500,162,-9,7760990
rb2205,20220218,20220218,112901000,11:29:01,4791,1266725,1905301,59774015150,4,1,191650
rb2205,20220218,20220218,112901500,11:29:01,4792,1266845,1905309,59779764670,120,8,5749520
rb2205,20220218,20220218,112902000,11:29:02,4791,1266912,1905288,59782974600,67,-21,3209930
rb2205,20220218,20220218,112902500,11:29:03,4791,1266968,1905258,59785657680,56,-30,2683080
rb2205,20220218,20220218,112903000,11:29:03,4791,1266970,1905258,59785753500,2,0,95820
rb2205,20220218,20220218,112903500,11:29:04,4791,1266984,1905262,59786424260,14,4,670760
rb2205,20220218,20220218,112904000,11:29:04,4791,1267041,1905274,59789155300,57,12,2731040
rb2205,20220218,20220218,112904500,11:29:04,4791,1267075,1905262,59790784290,34,-12,1628990
rb2205,20220218,20220218,112905000,11:29:05,4791,1267102,1905270,59792077860,27,8,1293570
rb2205,20220218,20220218,112905500,11:29:06,4792,1267182,1905247,59795911270,80,-23,3833410
rb2205,20220218,20220218,112906000,11:29:06,4792,1267194,1905246,59796486320,12,-1,575050
rb2205,20220218,20220218,112906500,11:29:06,4792,1267212,1905237,59797348940,18,-9,862620
rb2205,20220218,20220218,112907000,11:29:07,4792,1267256,1905218,59799457470,44,-19,2108530
rb2205,20220218,20220218,112907500,11:29:08,4792,1267275,1905205,59800367960,19,-13,910490
rb2205,20220218,20220218,112908000,11:29:08,4792,1267283,1905198,59800751320,8,-7,383360
rb2205,20220218,20220218,112908500,11:29:08,4792,1267304,1905191,59801757680,21,-7,1006360
rb2205,20220218,20220218,112909000,11:29:09,4791,1267415,1905162,59807076860,111,-29,5319180
rb2205,20220218,20220218,112909500,11:29:09,4791,1267525,1905103,59812346980,110,-59,5270120
rb2205,20220218,20220218,112910000,11:29:10,4791,1267613,1905080,59816563080,88,-23,4216100
rb2205,20220218,20220218,112910500,11:29:10,4791,1267702,1905139,59820827080,89,59,4264000
rb2205,20220218,20220218,112911000,11:29:11,4791,1267707,1905138,59821066630,5,-1,239550
rb2205,20220218,20220218,112911500,11:29:12,4790,1267834,1905139,59827149960,127,1,6083330
rb2205,20220218,20220218,112912000,11:29:12,4789,1268009,1905085,59835533450,175,-54,8383490
rb2205,20220218,20220218,112912500,11:29:12,4790,1268072,1905085,59838550990,63,0,3017540
rb2205,20220218,20220218,112913000,11:29:13,4790,1268117,1905086,59840706180,45,1,2155190
rb2205,20220218,20220218,112913500,11:29:14,4789,1268236,1905142,59846405090,119,56,5698910
rb2205,20220218,20220218,112914000,11:29:14,4789,1268338,1905162,59851289710,102,20,4884620
rb2205,20220218,20220218,112914500,11:29:15,4789,1268704,1904932,59868814050,366,-230,17524340
rb2205,20220218,20220218,112915000,11:29:15,4788,1268759,1904922,59871447260,55,-10,2633210
rb2205,20220218,20220218,112915500,11:29:16,4788,1268877,1904886,59877096030,118,-36,5648770
rb2205,20220218,20220218,112916000,11:29:16,4788,1269045,1904741,59885138180,168,-145,8042150
rb2205,20220218,20220218,112916500,11:29:17,4787,1269079,1904712,59886765830,34,-29,1627650
rb2205,20220218,20220218,112917000,11:29:20,4787,1269283,1904555,59896531460,204,-157,9765630
rb2205,20220218,20220218,112917500,11:29:20,4787,1269371,1904532,59900744010,88,-23,4212550
rb2205,20220218,20220218,112918000,11:29:21,4787,1269404,1904522,59902323620,33,-10,1579610
rb2205,20220218,20220218,112920500,11:29:22,4787,1270186,1904413,59939751390,782,-109,37427770
rb2205,20220218,20220218,112921000,11:29:22,4785,1270219,1904403,59941330600,33,-10,1579210
rb2205,20220218,20220218,112921500,11:29:23,4785,1270458,1904401,59952766940,239,-2,11436340
rb2205,20220218,20220218,112922000,11:29:24,4785,1270536,1904362,59956499310,78,-39,3732370
rb2205,20220218,20220218,112922500,11:29:24,4785,1270599,1904321,59959513810,63,-41,3014500
rb2205,20220218,20220218,112923000,11:29:24,4784,1271138,1904558,59985291560,539,237,25777750
rb2205,20220218,20220218,112924000,11:29:24,4781,1271376,1904437,59996673510,238,-121,11381950
rb2205,20220218,20220218,112924500,11:29:24,4780,1271648,1904372,60009679760,272,-65,13006250
rb2205,20220218,20220218,112925000,11:29:25,4780,1272270,1904487,60039416110,622,115,29736350
rb2205,20220218,20220218,112925500,11:29:25,4780,1272526,1904435,60051654320,256,-52,12238210
rb2205,20220218,20220218,112926000,11:29:26,4781,1272705,1904395,60060210780,179,-40,8556460
rb2205,20220218,20220218,112926500,11:29:26,4781,1272838,1904357,60066569580,133,-38,6358800
rb2205,20220218,20220218,112927000,11:29:27,4784,1272971,1904314,60072929200,133,-43,6359620
rb2205,20220218,20220218,112927500,11:29:27,4781,1273116,1904270,60079862510,145,-44,6933310
rb2205,20220218,20220218,112928000,11:29:28,4783,1273255,1904365,60086508520,139,95,6646010
rb2205,20220218,20220218,112928500,11:29:28,4781,1273791,1904747,60112132890,536,382,25624370
rb2205,20220218,20220218,112929000,11:29:29,4781,1273926,1904740,60118586940,135,-7,6454050
rb2205,20220218,20220218,112929500,11:29:29,4784,1274104,1904654,60127100500,178,-86,8513560
rb2205,20220218,20220218,112930000,11:29:30,4784,1274302,1904712,60136571320,198,58,9470820
rb2205,20220218,20220218,112930500,11:29:30,4784,1274612,1904872,60151401830,310,160,14830510
rb2205,20220218,20220218,112931000,11:29:32,4784,1274658,1904898,60153602490,46,26,2200660
rb2205,20220218,20220218,112931500,11:29:32,4784,1274735,1904918,60157286170,77,20,3683680
rb2205,20220218,20220218,112932000,11:29:32,4784,1274879,1904893,60164175120,144,-25,6888950
rb2205,20220218,20220218,112932500,11:29:36,4784,1274904,1904886,60165371020,25,-7,1195900
rb2205,20220218,20220218,112933000,11:29:37,4783,1274999,1904820,60169915280,95,-66,4544260
rb2205,20220218,20220218,112933500,11:29:37,4784,1275076,1904787,60173598730,77,-33,3683450
rb2205,20220218,20220218,112936500,11:29:38,4783,1275816,1904456,60208994310,740,-331,35395580
rb2205,20220218,20220218,112937000,11:29:38,4783,1275861,1904461,60211146670,45,5,2152360
rb2205,20220218,20220218,112937500,11:29:38,4782,1276139,1904422,60224445220,278,-39,13298550
rb2205,20220218,20220218,112938000,11:29:38,4782,1276236,1904329,60229084200,97,-93,4638980
rb2205,20220218,20220218,112938500,11:29:39,4782,1276423,1904245,60238028030,187,-84,8943830
rb2205,20220218,20220218,112939000,11:29:39,4782,1276497,1904223,60241566750,74,-22,3538720
rb2205,20220218,20220218,112939500,11:29:39,4783,1276586,1904165,60245822890,89,-58,4256140
rb2205,20220218,20220218,112940000,11:29:40,4783,1276615,1904149,60247209790,29,-16,1386900
rb2205,20220218,20220218,112940500,11:29:40,4781,1276681,1904129,60250365970,66,-20,3156180
rb2205,20220218,20220218,112941000,11:29:41,4782,1276861,1904087,60258973720,180,-42,8607750
rb2205,20220218,20220218,112941500,11:29:42,4782,1276938,1904079,60262655800,77,-8,3682080
rb2205,20220218,20220218,112942000,11:29:42,4782,1277046,1904042,60267819810,108,-37,5164010
rb2205,20220218,20220218,112942500,11:29:44,4782,1277106,1904023,60270689230,60,-19,2869420
rb2205,20220218,20220218,112943000,11:29:45,4781,1277396,1904046,60284555920,290,23,13866690
rb2205,20220218,20220218,112943500,11:29:45,4782,1277421,1904042,60285751430,25,-4,1195510
rb2205,20220218,20220218,112944000,11:29:45,4784,1277456,1904035,60287425350,35,-7,1673920
rb2205,20220218,20220218,112944500,11:29:46,4781,1277978,1903680,60312379930,522,-355,24954580
rb2205,20220218,20220218,112945000,11:29:46,4782,1278117,1903712,60319025040,139,32,6645110
rb2205,20220218,20220218,112945500,11:29:46,4782,1278182,1903695,60322132520,65,-17,3107480
rb2205,20220218,20220218,112946000,11:29:46,4782,1278206,1903682,60323279950,24,-13,1147430
rb2205,20220218,20220218,112946500,11:29:47,4781,1278267,1903693,60326196860,61,11,2916910
rb2205,20220218,20220218,112947000,11:29:47,4781,1278282,1903681,60326914010,15,-12,717150
rb2205,20220218,20220218,112947500,11:29:48,4782,1278364,1903718,60330834170,82,37,3920160
rb2205,20220218,20220218,112948000,11:29:48,4780,1278410,1903684,60333033070,46,-34,2198900
rb2205,20220218,20220218,112948500,11:29:49,4781,1278505,1903652,60337574560,95,-32,4541490
rb2205,20220218,20220218,112949000,11:29:50,4781,1278659,1903634,60344936770,154,-18,7362210
rb2205,20220218,20220218,112949500,11:29:50,4781,1278870,1903621,60355026230,211,-13,10089460
rb2205,20220218,20220218,112950000,11:29:51,4780,1278992,1903597,60360859030,122,-24,5832800
rb2205,20220218,20220218,112950500,11:29:51,4780,1279306,1903495,60375867790,314,-102,15008760
rb2205,20220218,20220218,112951500,11:29:52,4780,1279579,1903536,60388918730,273,41,13050940
rb2205,20220218,20220218,112952000,11:29:52,4782,1279678,1903515,60393651000,99,-21,4732270
rb2205,20220218,20220218,112952500,11:29:53,4779,1280082,1903422,60412957990,404,-93,19306990
rb2205,20220218,20220218,112953000,11:29:53,4781,1280279,1903396,60422373600,197,-26,9415610
rb2205,20220218,20220218,112953500,11:29:54,4779,1280340,1903399,60425289460,61,3,2915860
rb2205,20220218,20220218,112954000,11:29:54,4780,1280692,1903514,60442108330,352,115,16818870
rb2205,20220218,20220218,112954500,11:29:54,4780,1280763,1903529,60445502130,71,15,3393800
rb2205,20220218,20220218,112955000,11:29:55,4779,1281055,1903599,60459448980,292,70,13946850
rb2205,20220218,20220218,112955500,11:29:55,4780,1281158,1903583,60464371970,103,-16,4922990
rb2205,20220218,20220218,112956000,11:29:56,4779,1281445,1903635,60478077250,287,52,13705280
rb2205,20220218,20220218,112956500,11:30:00,4775,1281825,1903709,60496223620,380,74,18146370
rb2205,20220218,20220218,112957000,11:30:00,4779,1282141,1903646,60511315110,316,-63,15091490
rb2205,20220218,20220218,112957500,11:30:02,4778,1282203,1903605,60514276510,62,-41,2961400
rb2205,20220218,20220218,112959500,11:30:02,4775,1282722,1903461,60539063090,519,-144,24786580
rb2205,20220218,20220218,113000000,11:30:03,4776,1282801,1903438,60542836090,79,-23,3773000
rb2205,20220218,20220218,113001000,11:30:03,4778,1282932,1903411,60549094300,131,-27,6258210
rb2205,20220218,20220218,113001500,11:30:03,4778,1282932,1903411,60549094300,0,0,0
rb2205,20220218,20220218,133002000,13:30:08,4778,1284387,1903403,60618651930,1455,-8,69557630
rb2205,20220218,20220218,133002500,13:30:09,4781,1285238,1903667,60659321070,851,264,40669140
rb2205,20220218,20220218,133008500,13:30:10,4784,1289152,1902971,60846706880,3914,-696,187385810
rb2205,20220218,20220218,133009500,13:30:11,4783,1289665,1902587,60871248640,513,-384,24541760
rb2205,20220218,20220218,133010000,13:30:11,4782,1289721,1902604,60873927090,56,17,2678450
rb2205,20220218,20220218,133010500,13:30:11,4783,1289859,1902653,60880527110,138,49,6600020
rb2205,20220218,20220218,133011000,13:30:12,4783,1289926,1902667,60883731140,67,14,3204030
rb2205,20220218,20220218,133011500,13:30:13,4782,1290006,1902645,60887556890,80,-22,3825750
rb2205,20220218,20220218,133012500,13:30:13,4781,1290161,1902652,60894969470,155,7,7412580
rb2205,20220218,20220218,133013000,13:30:13,4783,1290202,1902675,60896929850,41,23,1960380
rb2205,20220218,20220218,133013500,13:30:14,4782,1290250,1902672,60899225170,48,-3,2295320
rb2205,20220218,20220218,133014000,13:30:15,4782,1290286,1902675,60900947000,36,3,1721830
rb2205,20220218,20220218,133014500,13:30:16,4784,1290318,1902702,60902477550,32,27,1530550
rb2205,20220218,20220218,133015000,13:30:17,4783,1290346,1902715,60903816700,28,13,1339150
rb2205,20220218,20220218,133016500,13:30:18,4782,1291060,1902964,60937964640,714,249,34147940
rb2205,20220218,20220218,133017000,13:30:18,4784,1291195,1902997,60944421000,135,33,6456360
rb2205,20220218,20220218,133017500,13:30:19,4783,1291232,1903010,60946190770,37,13,1769770
rb2205,20220218,20220218,133018000,13:30:19,4784,1291271,1903047,60948056210,39,37,1865440
rb2205,20220218,20220218,133018500,13:30:20,4783,1291310,1903039,60949921650,39,-8,1865440
rb2205,20220218,20220218,133019000,13:30:20,4784,1291443,1903099,60956282890,133,60,6361240
rb2205,20220218,20220218,133019500,13:30:20,4783,1291501,1903139,60959057030,58,40,2774140
rb2205,20220218,20220218,133020000,13:30:21,4784,1291543,1903166,60961065930,42,27,2008900
rb2205,20220218,20220218,133020500,13:30:21,4783,1291560,1903163,60961879070,17,-3,813140
rb2205,20220218,20220218,133021000,13:30:21,4784,1291609,1903164,60964222820,49,1,2343750
rb2205,20220218,20220218,133021500,13:30:22,4783,1291628,1903150,60965131750,19,-14,908930
rb2205,20220218,20220218,133022000,13:30:38,4782,1291631,1903152,60965275220,3,2,143470
rb2205,20220218,20220218,133022500,13:30:38,4783,1291648,1903156,60966088190,17,4,812970
rb2205,20220218,20220218,133023000,13:30:38,4783,1291675,1903165,60967379590,27,9,1291400
rb2205,20220218,20220218,133038000,13:30:41,4781,1294287,1903664,61092270320,2612,499,124890730
rb2205,20220218,20220218,133038500,13:30:41,4780,1294407,1903708,61098007500,120,44,5737180
rb2205,20220218,20220218,133040500,13:30:43,4782,1294741,1903774,61113975810,334,66,15968310
rb2205,20220218,20220218,133041000,13:30:43,4783,1294768,1903770,61115266940,27,-4,1291130
rb2205,20220218,20220218,133041500,13:30:43,4783,1294787,1903772,61116175660,19,2,908720
rb2205,20220218,20220218,133042500,13:30:44,4781,1295039,1903866,61128227030,252,94,12051370
rb2205,20220218,20220218,133043000,13:30:44,4782,1295138,1903903,61132961210,99,37,4734180
rb2205,20220218,20220218,133044500,13:30:46,4782,1295375,1903985,61144294480,237,82,11333270
rb2205,20220218,20220218,133045000,13:30:46,4782,1295534,1903986,61151897720,159,1,7603240
rb2205,20220218,20220218,133045500,13:30:46,4783,1295578,1903966,61154002150,44,-20,2104430
rb2205,20220218,20220218,133046000,13:30:47,4783,1295618,1903975,61155915330,40,9,1913180
rb2205,20220218,20220218,133046500,13:30:47,4783,1295686,1904008,61159168350,68,33,3253020
rb2205,20220218,20220218,133047000,13:30:47,4782,1295800,1904053,61164620600,114,45,5452250
rb2205,20220218,20220218,133047500,13:30:48,4783,1295877,1904066,61168304210,77,13,3683610
rb2205,20220218,20220218,133048000,13:30:48,4784,1295929,1904091,61170792380,52,25,2488170
rb2205,20220218,20220218,133048500,13:30:49,4784,1295936,1904091,61171127260,7,0,334880
rb2205,20220218,20220218,133049000,13:30:49,4784,1296248,1904068,61186056720,312,-23,14929460
rb2205,20220218,20220218,133049500,13:30:50,4784,1296259,1904072,61186582960,11,4,526240
rb2205,20220218,20220218,133050000,13:30:50,4785,1296262,1904074,61186726510,3,2,143550
rb2205,20220218,20220218,133050500,13:30:51,4785,1296291,1904076,61188114140,29,2,1387630
rb2205,20220218,20220218,133051000,13:30:52,4785,1296318,1904070,61189406150,27,-6,1292010
rb2205,20220218,20220218,133051500,13:30:52,4785,1296353,1904061,61191080870,35,-9,1674720
rb2205,20220218,20220218,133052000,13:30:53,4784,1296360,1904066,61191415760,7,5,334890
rb2205,20220218,20220218,133052500,13:30:53,4785,1296369,1904070,61191846350,9,4,430590
rb2205,20220218,20220218,133053000,13:30:54,4786,1296478,1904136,61197062840,109,66,5216490
rb2205,20220218,20220218,133053500,13:30:54,4785,1296487,1904134,61197493510,9,-2,430670
rb2205,20220218,20220218,133054000,13:30:54,4785,1296515,1904151,61198833510,28,17,1340000
rb2205,20220218,20220218,133054500,13:30:55,4785,1296529,1904151,61199503420,14,0,669910
rb2205,20220218,20220218,133055000,13:30:55,4786,1296647,1904221,61205149230,118,70,5645810
rb2205,20220218,20220218,133055500,13:30:56,4785,1296650,1904222,61205292780,3,1,143550
rb2205,20220218,20220218,133056000,13:30:57,4786,1296777,1904259,61211370760,127,37,6077980
rb2205,20220218,20220218,133056500,13:30:57,4786,1296816,1904295,61213237280,39,36,1866520
rb2205,20220218,20220218,133057000,13:30:57,4785,1296849,1904313,61214816600,33,18,1579320
rb2205,20220218,20220218,133057500,13:30:58,4786,1296852,1904314,61214960180,3,1,143580
rb2205,20220218,20220218,133058000,13:30:58,4786,1296949,1904323,61219602600,97,9,4642420
rb2205,20220218,20220218,133058500,13:30:59,4786,1296951,1904324,61219698320,2,1,95720
rb2205,20220218,20220218,133059000,13:30:59,4786,1296959,1904329,61220081180,8,5,382860
rb2205,20220218,20220218,133059500,13:31:00,4786,1297331,1904470,61237887100,372,141,17805920
rb2205,20220218,20220218,133100000,13:31:00,4788,1297410,1904460,61241669020,79,-10,3781920
rb2205,20220218,20220218,133100500,13:31:00,4788,1297413,1904457,61241812640,3,-3,143620
rb2205,20220218,20220218,133101000,13:31:01,4787,1297547,1904542,61248227220,134,85,6414580
rb2205,20220218,20220218,133101500,13:31:01,4787,1297558,1904547,61248753690,11,5,526470
rb2205,20220218,20220218,133102000,13:31:02,4787,1297773,1904599,61259043100,215,52,10289410
rb2205,20220218,20220218,133102500,13:31:02,4787,1298154,1904558,61277278420,381,-41,18235320
rb2205,20220218,20220218,133103000,13:31:03,4787,1298232,1904547,61281012120,78,-11,3733700
rb2205,20220218,20220218,133103500,13:31:04,4788,1298277,1904543,61283166060,45,-4,2153940
rb2205,20220218,20220218,133104000,13:31:06,4786,1298326,1904560,61285511360,49,17,2345300
rb2205,20220218,20220218,133104500,13:31:06,4787,1298352,1904581,61286755950,26,21,1244590
rb2205,20220218,20220218,133105500,13:31:08,4785,1298738,1904584,61305229930,386,3,18473980
rb2205,20220218,20220218,133106000,13:31:08,4785,1298843,1904563,61310254160,105,-21,5024230
rb2205,20220218,20220218,133107500,13:31:09,4785,1298877,1904557,61311881010,34,-6,1626850
rb2205,20220218,20220218,133108500,13:31:09,4785,1298948,1904554,61315278330,71,-3,3397320
rb2205,20220218,20220218,133109000,13:31:09,4784,1299019,1904523,61318674990,71,-31,3396660
rb2205,20220218,20220218,133109500,13:31:10,4783,1299040,1904519,61319679600,21,-4,1004610
rb2205,20220218,20220218,133110000,13:31:11,4784,1299102,1904457,61322645640,62,-62,2966040
rb2205,20220218,20220218,133110500,13:31:11,4783,1299249,1904376,61329676680,147,-81,7031040
rb2205,20220218,20220218,133111000,13:31:11,4783,1299307,1904354,61332451230,58,-22,2774550
rb2205,20220218,20220218,133111500,13:31:12,4783,1299429,1904262,61338285330,122,-92,5834100
rb2205,20220218,20220218,133112000,13:31:12,4782,1299516,1904242,61342445670,87,-20,4160340
rb2205,20220218,20220218,133112500,13:31:13,4782,1299547,1904216,61343927920,31,-26,1482250
rb2205,20220218,20220218,133113000,13:31:13,4781,1299952,1904243,61363291330,405,27,19363410
rb2205,20220218,20220218,133113500,13:31:14,4781,1299958,1904247,61363578190,6,4,286860
rb2205,20220218,20220218,133114000,13:31:15,4780,1300094,1904215,61370079160,136,-32,6500970
rb2205,20220218,20220218,133114500,13:31:15,4780,1300097,1904215,61370222560,3,0,143400
rb2205,20220218,20220218,133115000,13:31:15,4781,1300269,1904314,61378444220,172,99,8221660
rb2205,20220218,20220218,133115500,13:31:15,4781,1300343,1904353,61381981440,74,39,3537220
rb2205,20220218,20220218,133116000,13:31:16,4780,1300361,1904361,61382841930,18,8,860490
rb2205,20220218,20220218,133116500,13:31:17,4780,1300369,1904361,61383224340,8,0,382410
rb2205,20220218,20220218,133117000,13:31:17,4781,1300422,1904327,61385758240,53,-34,2533900
rb2205,20220218,20220218,133117500,13:31:18,4781,1300424,1904326,61385853860,2,-1,95620
rb2205,20220218,20220218,133118000,13:31:18,4781,1300632,1904417,61395798560,208,91,9944700
rb2205,20220218,20220218,133118500,13:31:19,4782,1300673,1904377,61397759170,41,-40,1960610
rb2205,20220218,20220218,133119000,13:31:19,4781,1300728,1904378,61400388900,55,1,2629730
rb2205,20220218,20220218,133119500,13:31:20,4781,1300743,1904378,61401106100,15,0,717200
rb2205,20220218,20220218,133120000,13:31:20,4782,1300746,1904380,61401249540,3,2,143440
rb2205,20220218,20220218,133120500,13:31:21,4781,1300767,1904388,61402253600,21,8,1004060
rb2205,20220218,20220218,133121000,13:31:21,4782,1300784,1904394,61403066400,17,6,812800
rb2205,20220218,20220218,133121500,13:31:22,4782,1300791,1904400,61403401130,7,6,334730
rb2205,20220218,20220218,133122000,13:31:22,4781,1300798,1904406,61403735810,7,6,334680
rb2205,20220218,20220218,133122500,13:31:23,4782,1300800,1904407,61403831440,2,1,95630
rb2205,20220218,20220218,133123000,13:31:25,4781,1300859,1904439,61406652590,59,32,2821150
rb2205,20220218,20220218,133123500,13:31:25,4781,1300870,1904441,61407178500,11,2,525910
rb2205,20220218,20220218,133124000,13:31:25,4782,1300923,1904488,61409712940,53,47,2534440
rb2205,20220218,20220218,133124500,13:31:25,4782,1300948,1904488,61410908440,25,0,1195500
rb2205,20220218,20220218,133156000,13:31:56,4782,1300963,1904491,61411625740,15,3,717300
rb2205,20220218,20220218,133158000,13:31:58,4782,1300971,1904496,61412008300,8,5,382560
rb2205,20220218,20220218,133158500,13:31:58,4782,1301020,1904480,61414351480,49,-16,2343180
rb2205,20220218,20220218,133159500,13:32:00,4782,1301118,1904422,61419037850,98,-58,4686370
rb2205,20220218,20220218,133200500,13:32:01,4781,1302964,1904703,61507298960,1846,281,88261110
rb2205,20220218,20220218,133201000,13:32:01,4781,1303031,1904734,61510501220,67,31,3202260
rb2205,20220218,20220218,133201500,13:32:01,4781,1303071,1904745,61512413270,40,11,1912050
rb2205,20220218,20220218,133202000,13:32:03,4781,1303103,1904775,61513942920,32,30,1529650
rb2205,20220218,20220218,133202500,13:32:03,4781,1303112,1904778,61514373180,9,3,430260
rb2205,20220218,20220218,133203000,13:32:04,4780,1303134,1904789,61515424960,22,11,1051780
rb2205,20220218,20220218,133203500,13:32:05,4780,1303147,1904789,61516046370,13,0,621410
rb2205,20220218,20220218,133204000,13:32:05,4780,1303161,1904796,61516715580,14,7,669210
rb2205,20220218,20220218,133205000,13:32:06,4781,1303192,1904804,61518197470,31,8,1481890
rb2205,20220218,20220218,133205500,13:32:06,4780,1303219,1904808,61519488070,27,4,1290600
rb2205,20220218,20220218,133206000,13:32:06,4780,1303219,1904808,61519488070,0,0,0
rb2205,20220218,20220218,133206500,13:32:07,4781,1303230,1904813,61520013890,11,5,525820
rb2205,20220218,20220218,133207000,13:32:07,4780,1303246,1904824,61520778720,16,11,764830
rb2205,20220218,20220218,133207500,13:32:07,4780,1303309,1904823,61523790120,63,-1,3011400
rb2205,20220218,20220218,133208000,13:32:09,4780,1303425,1904922,61529333880,116,99,5543760
rb2205,20220218,20220218,133208500,13:32:10,4779,1303437,1904933,61529907380,12,11,573500
rb2205,20220218,20220218,133209000,13:32:10,4780,1303455,1904939,61530767720,18,6,860340
rb2205,20220218,20220218,133209500,13:32:10,4779,1303662,1905042,61540660210,207,103,9892490
rb2205,20220218,20220218,133210000,13:32:10,4779,1303724,1905068,61543623040,62,26,2962830
rb2205,20220218,20220218,133210500,13:32:13,4778,1303959,1905230,61554851320,235,162,11228280
rb2205,20220218,20220218,133211000,13:32:14,4777,1304383,1905275,61575106020,424,45,20254700
rb2205,20220218,20220218,133213000,13:32:15,4777,1304739,1905269,61592109520,356,-6,17003500
rb2205,20220218,20220218,133213500,13:32:15,4776,1304874,1905318,61598556800,135,49,6447280
rb2205,20220218,20220218,133214000,13:32:15,4775,1304937,1905304,61601565200,63,-14,3008400
rb2205,20220218,20220218,133214500,13:32:16,4775,1305147,1905216,61611592660,210,-88,10027460
rb2205,20220218,20220218,133215000,13:32:16,4775,1305184,1905187,61613359400,37,-29,1766740
rb2205,20220218,20220218,133215500,13:32:16,4775,1305223,1905154,61615221520,39,-33,1862120
rb2205,20220218,20220218,133216000,13:32:17,4775,1305266,1905159,61617274880,43,5,2053360
rb2205,20220218,20220218,133216500,13:32:17,4775,1305290,1905159,61618420890,24,0,1146010
rb2205,20220218,20220218,133217000,13:32:17,4776,1305299,1905155,61618850720,9,-4,429830
rb2205,20220218,20220218,133217500,13:32:18,4775,1305382,1905135,61622814090,83,-20,3963370
rb2205,20220218,20220218,133218000,13:32:18,4775,1305420,1905127,61624628700,38,-8,1814610
rb2205,20220218,20220218,133218500,13:32:18,4774,1305652,1905161,61635703420,232,34,11074720
rb2205,20220218,20220218,133219000,13:32:19,4774,1305708,1905144,61638376810,56,-17,2673390
rb2205,20220218,20220218,133219500,13:32:20,4775,1305723,1905149,61639093030,15,5,716220
rb2205,20220218,20220218,133220000,13:32:20,4777,1305929,1905015,61648929360,206,-134,9836330
rb2205,20220218,20220218,133220500,13:32:21,4775,1305938,1905008,61649359110,9,-7,429750
rb2205,20220218,20220218,133221000,13:32:21,4776,1305950,1905003,61649932160,12,-5,573050
rb2205,20220218,20220218,133221500,13:32:22,4775,1305974,1905005,61651078200,24,2,1146040
rb2205,20220218,20220218,133222000,13:32:22,4775,1306012,1905040,61652892910,38,35,1814710
rb2205,20220218,20220218,133222500,13:32:23,4776,1306079,1905062,61656092260,67,22,3199350
rb2205,20220218,20220218,133223000,13:32:24,4775,1306099,1905070,61657047320,20,8,955060
rb2205,20220218,20220218,133223500,13:32:24,4776,1306117,1905073,61657906940,18,3,859620
rb2205,20220218,20220218,133224000,13:32:24,4775,1306168,1905062,61660342290,51,-11,2435350
rb2205,20220218,20220218,133224500,13:32:24,4775,1306212,1905049,61662443430,44,-13,2101140
rb2205,20220218,20220218,133225000,13:32:25,4776,1306248,1905063,61664162680,36,14,1719250
rb2205,20220218,20220218,133225500,13:32:25,4775,1306272,1905062,61665308840,24,-1,1146160
rb2205,20220218,20220218,133226000,13:32:27,4775,1306296,1905066,61666454880,24,4,1146040
rb2205,20220218,20220218,133226500,13:32:27,4775,1306315,1905065,61667362190,19,-1,907310
rb2205,20220218,20220218,133227000,13:32:27,4776,1306344,1905056,61668747200,29,-9,1385010
rb2205,20220218,20220218,133227500,13:32:27,4777,1306353,1905053,61669177050,9,-3,429850
rb2205,20220218,20220218,133228000,13:32:32,4776,1306366,1905066,61669797940,13,13,620890
rb2205,20220218,20220218,133228500,13:32:32,4777,1306370,1905064,61669989020,4,-2,191080
rb2205,20220218,20220218,133229000,13:32:33,4776,1306395,1905059,61671183080,25,-5,1194060
rb2205,20220218,20220218,133229500,13:32:34,4776,1306404,1905059,61671612950,9,0,429870
rb2205,20220218,20220218,133232000,13:32:35,4776,1306547,1904988,61678443690,143,-71,6830740
rb2205,20220218,20220218,133232500,13:32:35,4777,1306556,1904996,61678873620,9,8,429930
rb2205,20220218,20220218,133234500,13:32:35,4776,1306692,1905041,61685369890,136,45,6496270
rb2205,20220218,20220218,133235000,13:32:36,4776,1306711,1905031,61686277430,19,-10,907540
rb2205,20220218,20220218,133235500,13:32:36,4777,1306721,1905028,61686755040,10,-3,477610
rb2205,20220218,20220218,133236000,13:32:36,4776,1306807,1905022,61690863000,86,-6,4107960
rb2205,20220218,20220218,133236500,13:32:37,4776,1306848,1904984,61692821210,41,-38,1958210
rb2205,20220218,20220218,133237000,13:32:37,4776,1306883,1904958,61694493010,35,-26,1671800
rb2205,20220218,20220218,133237500,13:32:37,4777,1306891,1904956,61694875120,8,-2,382110
rb2205,20220218,20220218,133238000,13:32:38,4777,1306942,1904971,61697311140,51,15,2436020
rb2205,20220218,20220218,133238500,13:32:39,4776,1306954,1904972,61697884260,12,1,573120
rb2205,20220218,20220218,133239000,13:32:39,4776,1306966,1904983,61698457390,12,11,573130
rb2205,20220218,20220218,133239500,13:32:40,4776,1306999,1904982,61700033540,33,-1,1576150
rb2205,20220218,20220218,133240000,13:32:40,4776,1307016,1904991,61700845420,17,9,811880
rb2205,20220218,20220218,133240500,13:32:40,4776,1307036,1905005,61701800620,20,14,955200
rb2205,20220218,20220218,133241000,13:32:41,4776,1307075,1905042,61703663250,39,37,1862630
rb2205,20220218,20220218,133241500,13:32:42,4776,1307103,1905055,61705000330,28,13,1337080
rb2205,20220218,20220218,133242000,13:32:42,4776,1307163,1905074,61707865360,60,19,2865030
rb2205,20220218,20220218,133242500,13:32:42,4775,1307180,1905084,61708677190,17,10,811830
rb2205,20220218,20220218,133243000,13:32:43,4775,1307221,1905079,61710635300,41,-5,1958110
rb2205,20220218,20220218,133243500,13:32:43,4775,1307332,1905055,61715935650,111,-24,5300350
rb2205,20220218,20220218,133244000,13:32:44,4776,1307416,1905059,61719946900,84,4,4011250
rb2205,20220218,20220218,133244500,13:32:45,4775,1307475,1905051,61722764700,59,-8,2817800
rb2205,20220218,20220218,133245000,13:32:45,4776,1307533,1905004,61725534260,58,-47,2769560
rb2205,20220218,20220218,133245500,13:32:45,4775,1307541,1905003,61725916260,8,-1,382000
rb2205,20220218,20220218,133246000,13:32:47,4775,1307576,1904980,61727587500,35,-23,1671240
rb2205,20220218,20220218,133246500,13:32:47,4775,1307582,1904977,61727873980,6,-3,286480
rb2205,20220218,20220218,133247000,13:32:47,4774,1307724,1904869,61734653070,142,-108,6779090
rb2205,20220218,20220218,133247500,13:32:48,4775,1307747,1904851,61735751110,23,-18,1098040
rb2205,20220218,20220218,133248000,13:32:48,4775,1307893,1904800,61742721580,146,-51,6970470
rb2205,20220218,20220218,133248500,13:32:49,4774,1308042,1904890,61749834580,149,90,7113000
rb2205,20220218,20220218,133249000,13:32:49,4773,1308068,1904904,61751075990,26,14,1241410
rb2205,20220218,20220218,133249500,13:32:50,4773,1308210,1904876,61757854040,142,-28,6778050
rb2205,20220218,20220218,133250000,13:32:50,4774,1308261,1904892,61760288710,51,16,2434670
rb2205,20220218,20220218,133250500,13:32:52,4773,1308270,1904888,61760718340,9,-4,429630
rb2205,20220218,20220218,133251000,13:32:52,4774,1308281,1904888,61761243390,11,0,525050
rb2205,20220218,20220218,133251500,13:32:53,4774,1308325,1904882,61763343930,44,-6,2100540
rb2205,20220218,20220218,133252000,13:32:53,4773,1308422,1904938,61767973740,97,56,4629810
rb2205,20220218,20220218,133252500,13:32:53,4773,1308459,1904920,61769740140,37,-18,1766400
rb2205,20220218,20220218,133253000,13:32:53,4773,1308487,1904934,61771076630,28,14,1336490
rb2205,20220218,20220218,133253500,13:32:54,4773,1308612,1904839,61777043920,125,-95,5967290
rb2205,20220218,20220218,133254000,13:32:54,4774,1308666,1904839,61779621370,54,0,2577450
rb2205,20220218,20220218,133254500,13:32:55,4773,1308722,1904846,61782294580,56,7,2673210
rb2205,20220218,20220218,133255000,13:32:55,4775,1308748,1904857,61783535820,26,11,1241240
rb2205,20220218,20220218,133255500,13:32:55,4773,1308811,1904896,61786543930,63,39,3008110
rb2205,20220218,20220218,133256000,13:32:56,4774,1308826,1904901,61787260030,15,5,716100
rb2205,20220218,20220218,133256500,13:32:56,4774,1308900,1904900,61790792440,74,-1,3532410
rb2205,20220218,20220218,133257000,13:32:59,4773,1308919,1904909,61791699560,19,9,907120
rb2205,20220218,20220218,133257500,13:33:00,4774,1308932,1904903,61792320190,13,-6,620630
rb2205,20220218,20220218,133258000,13:33:00,4774,1308978,1904944,61794516250,46,41,2196060
rb2205,20220218,20220218,133258500,13:33:00,4774,1309005,1904947,61795805450,27,3,1289200
rb2205,20220218,20220218,133259500,13:33:01,4775,1309174,1904953,61803875260,169,6,8069810
rb2205,20220218,20220218,133300000,13:33:01,4775,1309190,1904949,61804639260,16,-4,764000
rb2205,20220218,20220218,133300500,13:33:01,4776,1309393,1904859,61814331950,203,-90,9692690
rb2205,20220218,20220218,133301000,13:33:02,4775,1309408,1904863,61815048210,15,4,716260
rb2205,20220218,20220218,133301500,13:33:02,4775,1309504,1904815,61819631870,96,-48,4583660
rb2205,20220218,20220218,133302000,13:33:02,4775,1309515,1904817,61820157070,11,2,525200
rb2205,20220218,20220218,133302500,13:33:03,4774,1309591,1904782,61823786030,76,-35,3628960
rb2205,20220218,20220218,133303000,13:33:03,4776,1309670,1904741,61827559070,79,-41,3773040
rb2205,20220218,20220218,133303500,13:33:04,4776,1309676,1904737,61827845640,6,-4,286570
rb2205,20220218,20220218,133304000,13:33:04,4776,1309744,1904714,61831093330,68,-23,3247690
rb2205,20220218,20220218,133304500,13:33:05,4775,1309747,1904715,61831236590,3,1,143260
rb2205,20220218,20220218,133305000,13:33:05,4775,1309887,1904674,61837923990,140,-41,6687400
rb2205,20220218,20220218,133305500,13:33:05,4776,1309915,1904677,61839261270,28,3,1337280
rb2205,20220218,20220218,133306000,13:33:06,4775,1310003,1904647,61843464140,88,-30,4202870
rb2205,20220218,20220218,133306500,13:33:06,4776,1310057,1904598,61846043190,54,-49,2579050
rb2205,20220218,20220218,133307000,13:33:07,4777,1310084,1904581,61847332950,27,-17,1289760
rb2205,20220218,20220218,133307500,13:33:08,4776,1310099,1904592,61848049480,15,11,716530
rb2205,20220218,20220218,133308000,13:33:08,4775,1310135,1904569,61849768830,36,-23,1719350
rb2205,20220218,20220218,133308500,13:33:09,4776,1310151,1904567,61850533030,16,-2,764200
rb2205,20220218,20220218,133309000,13:33:09,4776,1310169,1904563,61851392720,18,-4,859690
rb2205,20220218,20220218,133309500,13:33:10,4777,1310176,1904560,61851727080,7,-3,334360
rb2205,20220218,20220218,133310000,13:33:11,4776,1310281,1904645,61856740960,105,85,5013880
rb2205,20220218,20220218,133310500,13:33:12,4777,1310296,1904640,61857457420,15,-5,716460
rb2205,20220218,20220218,133311000,13:33:13,4776,1310302,1904642,61857743980,6,2,286560
rb2205,20220218,20220218,133311500,13:33:14,4775,1310360,1904666,61860513540,58,24,2769560
rb2205,20220218,20220218,133312000,13:33:14,4775,1310460,1904743,61865288540,100,77,4775000
rb2205,20220218,20220218,133312500,13:33:14,4776,1310469,1904746,61865718330,9,3,429790
rb2205,20220218,20220218,133313500,13:33:15,4776,1310502,1904759,61867294210,33,13,1575880
rb2205,20220218,20220218,133314000,13:33:17,4776,1310538,1904766,61869013360,36,7,1719150
rb2205,20220218,20220218,133314500,13:33:17,4776,1310565,1904742,61870302880,27,-24,1289520
rb2205,20220218,20220218,133315000,13:33:18,4775,1310601,1904745,61872021930,36,3,1719050
rb2205,20220218,20220218,133315500,13:33:18,4776,1310636,1904731,61873693500,35,-14,1671570
rb2205,20220218,20220218,133317000,13:33:19,4776,1310778,1904757,61880474780,142,26,6781280
rb2205,20220218,20220218,133317500,13:33:19,4774,1310939,1904846,61888161010,161,89,7686230
rb2205,20220218,20220218,133318000,13:33:19,4774,1311119,1904932,61896754250,180,86,8593240
rb2205,20220218,20220218,133318500,13:33:19,4775,1311132,1904932,61897375000,13,0,620750
rb2205,20220218,20220218,133319000,13:33:20,4775,1311145,1904941,61897995850,13,9,620850
rb2205,20220218,20220218,133319500,13:33:20,4775,1311171,1904964,61899237350,26,23,1241500
rb2205,20220218,20220218,133320000,13:33:21,4775,1311276,1905042,61904251100,105,78,5013750
rb2205,20220218,20220218,133320500,13:33:21,4776,1311377,1905064,61909074810,101,22,4823710
