ru2205,20220218,20220218,112003000,11:20:08,14225,118835,254776,16775978350,118835,-5511,16775978350
ru2205,20220218,20220218,112004500,11:20:10,14225,118835,254776,16775978350,0,0,0
ru2205,20220218,20220218,112005000,11:20:10,14225,118846,254768,16777543100,11,-8,1564750
ru2205,20220218,20220218,112006000,11:20:10,14225,118899,254802,16785083950,53,34,7540850
ru2205,20220218,20220218,112006500,11:20:10,14230,118905,254800,16785937500,6,-2,853550
ru2205,20220218,20220218,112007000,11:20:10,14230,118905,254800,16785937500,0,0,0
ru2205,20220218,20220218,112007500,11:20:10,14230,118905,254800,16785937500,0,0,0
ru2205,20220218,20220218,112008000,11:20:10,14230,118905,254800,16785937500,0,0,0
ru2205,20220218,20220218,112008500,11:20:10,14230,118905,254800,16785937500,0,0,0
ru2205,20220218,20220218,112009000,11:20:10,14230,118905,254800,16785937500,0,0,0
ru2205,20220218,20220218,112009500,11:20:10,14225,118909,254800,16786506500,4,0,569000
ru2205,20220218,20220218,112010000,11:20:10,14225,118911,254800,16786791000,2,0,284500
ru2205,20220218,20220218,112010500,11:20:10,14230,118946,254787,16791770750,35,-13,4979750
ru2205,20220218,20220218,112011000,11:20:11,14225,118972,254794,16795469250,26,7,3698500
ru2205,20220218,20220218,112011500,11:20:12,14225,118974,254794,16795753750,2,0,284500
ru2205,20220218,20220218,112012000,11:20:12,14225,118996,254798,16798883150,22,4,3129400
ru2205,20220218,20220218,112012500,11:20:12,14225,119000,254800,16799452150,4,2,569000
ru2205,20220218,20220218,112013000,11:20:13,14225,119001,254801,16799594400,1,1,142250
ru2205,20220218,20220218,112013500,11:20:13,14220,119010,254803,16800874500,9,2,1280100
ru2205,20220218,20220218,112014000,11:20:14,14220,119011,254803,16801016700,1,0,142200
ru2205,20220218,20220218,112014500,11:20:14,14225,119021,254806,16802439200,10,3,1422500
ru2205,20220218,20220218,112015000,11:20:15,14225,119021,254806,16802439200,0,0,0
ru2205,20220218,20220218,112015500,11:20:16,14225,119026,254803,16803150450,5,-3,711250
ru2205,20220218,20220218,112016000,11:20:16,14225,119029,254803,16803577100,3,0,426650
ru2205,20220218,20220218,112016500,11:20:16,14225,119031,254803,16803861600,2,0,284500
ru2205,20220218,20220218,112017000,11:20:17,14225,119034,254800,16804288350,3,-3,426750
ru2205,20220218,20220218,112017500,11:20:17,14225,119034,254800,16804288350,0,0,0
ru2205,20220218,20220218,112018000,11:20:18,14225,119041,254803,16805283900,7,3,995550
ru2205,20220218,20220218,112018500,11:20:18,14220,119042,254803,16805426100,1,0,142200
ru2205,20220218,20220218,112019000,11:20:19,14220,119042,254803,16805426100,0,0,0
ru2205,20220218,20220218,112019500,11:20:20,14220,119042,254803,16805426100,0,0,0
ru2205,20220218,20220218,112020000,11:20:20,14220,119044,254802,16805710500,2,-1,284400
ru2205,20220218,20220218,112020500,11:20:20,14220,119044,254802,16805710500,0,0,0
ru2205,20220218,20220218,112021000,11:20:21,14220,119045,254802,16805852700,1,0,142200
ru2205,20220218,20220218,112021500,11:20:21,14225,119050,254806,16806563950,5,4,711250
ru2205,20220218,20220218,112022000,11:20:22,14225,119052,254807,16806848450,2,1,284500
ru2205,20220218,20220218,112022500,11:20:23,14225,119060,254806,16807986300,8,-1,1137850
ru2205,20220218,20220218,112023000,11:20:23,14225,119061,254805,16808128550,1,-1,142250
ru2205,20220218,20220218,112023500,11:20:23,14225,119062,254805,16808270800,1,0,142250
ru2205,20220218,20220218,112024000,11:20:24,14220,119064,254805,16808555200,2,0,284400
ru2205,20220218,20220218,112024500,11:20:24,14220,119064,254805,16808555200,0,0,0
ru2205,20220218,20220218,112025000,11:20:25,14225,119065,254805,16808697450,1,0,142250
ru2205,20220218,20220218,112025500,11:20:25,14225,119073,254809,16809835450,8,4,1138000
ru2205,20220218,20220218,112026000,11:20:26,14220,119074,254810,16809977650,1,1,142200
ru2205,20220218,20220218,112026500,11:20:26,14225,119084,254802,16811400150,10,-8,1422500
ru2205,20220218,20220218,112027000,11:20:27,14225,119085,254802,16811542400,1,0,142250
ru2205,20220218,20220218,112027500,11:20:28,14220,119086,254802,16811684600,1,0,142200
ru2205,20220218,20220218,112028000,11:20:28,14220,119086,254802,16811684600,0,0,0
ru2205,20220218,20220218,112028500,11:20:28,14220,119086,254802,16811684600,0,0,0
ru2205,20220218,20220218,112029000,11:20:29,14220,119087,254803,16811826800,1,1,142200
ru2205,20220218,20220218,112029500,11:20:30,14220,119087,254803,16811826800,0,0,0
ru2205,20220218,20220218,112030000,11:20:31,14220,119089,254803,16812111200,2,0,284400
ru2205,20220218,20220218,112030500,11:20:31,14220,119089,254803,16812111200,0,0,0
ru2205,20220218,20220218,112031000,11:20:31,14220,119090,254802,16812253400,1,-1,142200
ru2205,20220218,20220218,112031500,11:20:32,14220,119090,254802,16812253400,0,0,0
ru2205,20220218,20220218,112032000,11:20:32,14220,119090,254802,16812253400,0,0,0
ru2205,20220218,20220218,112032500,11:20:32,14220,119091,254802,16812395600,1,0,142200
ru2205,20220218,20220218,112033000,11:20:33,14220,119091,254802,16812395600,0,0,0
ru2205,20220218,20220218,112033500,11:20:33,14220,119092,254803,16812537800,1,1,142200
ru2205,20220218,20220218,112034000,11:20:34,14220,119092,254803,16812537800,0,0,0
ru2205,20220218,20220218,112034500,11:20:35,14220,119095,254804,16812964400,3,1,426600
ru2205,20220218,20220218,112035000,11:20:35,14220,119096,254804,16813106600,1,0,142200
ru2205,20220218,20220218,112035500,11:20:35,14220,119096,254804,16813106600,0,0,0
ru2205,20220218,20220218,112036000,11:20:36,14220,119096,254804,16813106600,0,0,0
ru2205,20220218,20220218,112036500,11:20:37,14220,119281,254722,16839413600,185,-82,26307000
ru2205,20220218,20220218,112037000,11:20:37,14215,119302,254724,16842398900,21,2,2985300
ru2205,20220218,20220218,112037500,11:20:38,14215,119347,254742,16848795650,45,18,6396750
ru2205,20220218,20220218,112038000,11:20:38,14215,119365,254730,16851354350,18,-12,2558700
ru2205,20220218,20220218,112038500,11:20:38,14215,119389,254739,16854765950,24,9,3411600
ru2205,20220218,20220218,112039000,11:20:39,14210,119390,254740,16854908050,1,1,142100
ru2205,20220218,20220218,112039500,11:20:40,14210,119422,254746,16859456700,32,6,4548650
ru2205,20220218,20220218,112040000,11:20:40,14210,119433,254745,16861019800,11,-1,1563100
ru2205,20220218,20220218,112040500,11:20:41,14210,119434,254745,16861161900,1,0,142100
ru2205,20220218,20220218,112041000,11:20:41,14210,119435,254745,16861304000,1,0,142100
ru2205,20220218,20220218,112041500,11:20:41,14215,119440,254741,16862014550,5,-4,710550
ru2205,20220218,20220218,112042000,11:20:42,14215,119441,254740,16862156700,1,-1,142150
ru2205,20220218,20220218,112042500,11:20:42,14210,119443,254739,16862440900,2,-1,284200
ru2205,20220218,20220218,112043000,11:20:43,14210,119443,254739,16862440900,0,0,0
ru2205,20220218,20220218,112043500,11:20:44,14210,119444,254738,16862583000,1,-1,142100
ru2205,20220218,20220218,112044000,11:20:44,14210,119475,254726,16866988100,31,-12,4405100
ru2205,20220218,20220218,112044500,11:20:44,14205,119515,254734,16872672000,40,8,5683900
ru2205,20220218,20220218,112045000,11:20:45,14210,119554,254703,16878213900,39,-31,5541900
ru2205,20220218,20220218,112045500,11:20:46,14205,119561,254701,16879208350,7,-2,994450
ru2205,20220218,20220218,112046000,11:20:46,14205,119571,254693,16880629300,10,-8,1420950
ru2205,20220218,20220218,112046500,11:20:46,14205,119573,254692,16880913450,2,-1,284150
ru2205,20220218,20220218,112047000,11:20:47,14205,119579,254692,16881765750,6,0,852300
ru2205,20220218,20220218,112047500,11:20:48,14205,119581,254691,16882049850,2,-1,284100
ru2205,20220218,20220218,112048000,11:20:48,14205,119614,254699,16886737500,33,8,4687650
ru2205,20220218,20220218,112048500,11:20:50,14200,119617,254699,16887163500,3,0,426000
ru2205,20220218,20220218,112049000,11:20:50,14205,119624,254699,16888157650,7,0,994150
ru2205,20220218,20220218,112049500,11:20:50,14205,119632,254700,16889294050,8,1,1136400
ru2205,20220218,20220218,112050500,11:20:51,14205,119644,254698,16890998350,12,-2,1704300
ru2205,20220218,20220218,112051000,11:20:51,14205,119646,254699,16891282450,2,1,284100
ru2205,20220218,20220218,112051500,11:20:51,14200,119730,254746,16903210450,84,47,11928000
ru2205,20220218,20220218,112052000,11:20:52,14200,119742,254746,16904914400,12,0,1703950
ru2205,20220218,20220218,112052500,11:20:53,14200,119748,254746,16905766400,6,0,852000
ru2205,20220218,20220218,112053000,11:20:53,14195,119749,254745,16905908350,1,-1,141950
ru2205,20220218,20220218,112053500,11:20:53,14195,119757,254743,16907044150,8,-2,1135800
ru2205,20220218,20220218,112054000,11:20:54,14200,119763,254743,16907896100,6,0,851950
ru2205,20220218,20220218,112054500,11:20:55,14200,119777,254741,16909883900,14,-2,1987800
ru2205,20220218,20220218,112055000,11:20:55,14195,119794,254733,16912297200,17,-8,2413300
ru2205,20220218,20220218,112055500,11:20:56,14200,119798,254734,16912865100,4,1,567900
ru2205,20220218,20220218,112056000,11:20:56,14195,119805,254739,16913858900,7,5,993800
ru2205,20220218,20220218,112056500,11:20:56,14200,119885,254740,16925218950,80,1,11360050
ru2205,20220218,20220218,112057000,11:20:57,14205,119887,254740,16925503050,2,0,284100
ru2205,20220218,20220218,112057500,11:20:58,14200,119895,254745,16926639150,8,5,1136100
ru2205,20220218,20220218,112058000,11:20:58,14200,119914,254756,16929337700,19,11,2698550
ru2205,20220218,20220218,112058500,11:20:59,14200,119914,254756,16929337700,0,0,0
ru2205,20220218,20220218,112059000,11:20:59,14205,119915,254757,16929479750,1,1,142050
ru2205,20220218,20220218,112059500,11:21:00,14200,119922,254757,16930474050,7,0,994300
ru2205,20220218,20220218,112100000,11:21:00,14200,119922,254757,16930474050,0,0,0
ru2205,20220218,20220218,112100500,11:21:01,14200,119925,254758,16930900050,3,1,426000
ru2205,20220218,20220218,112101000,11:21:01,14205,119966,254798,16936724050,41,40,5824000
ru2205,20220218,20220218,112101500,11:21:02,14210,120074,254891,16952065550,108,93,15341500
ru2205,20220218,20220218,112102000,11:21:02,14210,120094,254889,16954907550,20,-2,2842000
ru2205,20220218,20220218,112102500,11:21:03,14210,120118,254885,16958317950,24,-4,3410400
ru2205,20220218,20220218,112103000,11:21:03,14210,120178,254885,16966843950,60,0,8526000
ru2205,20220218,20220218,112103500,11:21:03,14210,120196,254887,16969401750,18,2,2557800
ru2205,20220218,20220218,112104000,11:21:04,14205,120228,254903,16973948900,32,16,4547150
ru2205,20220218,20220218,112104500,11:21:05,14210,120238,254900,16975369850,10,-3,1420950
ru2205,20220218,20220218,112105000,11:21:05,14210,120242,254900,16975938250,4,0,568400
ru2205,20220218,20220218,112105500,11:21:06,14210,120316,254905,16986453650,74,5,10515400
ru2205,20220218,20220218,112106000,11:21:07,14215,120333,254904,16988869500,17,-1,2415850
ru2205,20220218,20220218,112106500,11:21:07,14215,120334,254904,16989011650,1,0,142150
ru2205,20220218,20220218,112107000,11:21:09,14215,120341,254905,16990006400,7,1,994750
ru2205,20220218,20220218,112107500,11:21:10,14210,120342,254905,16990148500,1,0,142100
ru2205,20220218,20220218,112108000,11:21:10,14210,120430,254913,17002653300,88,8,12504800
ru2205,20220218,20220218,112108500,11:21:10,14210,120430,254913,17002653300,0,0,0
ru2205,20220218,20220218,112110000,11:21:11,14210,120430,254913,17002653300,0,0,0
ru2205,20220218,20220218,112110500,11:21:11,14210,120430,254913,17002653300,0,0,0
ru2205,20220218,20220218,112111000,11:21:11,14210,120434,254917,17003221700,4,4,568400
ru2205,20220218,20220218,112111500,11:21:12,14210,120435,254918,17003363800,1,1,142100
ru2205,20220218,20220218,112112000,11:21:12,14210,120435,254918,17003363800,0,0,0
ru2205,20220218,20220218,112112500,11:21:12,14210,120435,254918,17003363800,0,0,0
ru2205,20220218,20220218,112113000,11:21:13,14210,120436,254919,17003505900,1,1,142100
ru2205,20220218,20220218,112113500,11:21:13,14205,120437,254918,17003647950,1,-1,142050
ru2205,20220218,20220218,112114000,11:21:14,14210,120475,254929,17009047750,38,11,5399800
ru2205,20220218,20220218,112114500,11:21:14,14210,120478,254930,17009474150,3,1,426400
ru2205,20220218,20220218,112115000,11:21:15,14210,120489,254930,17011037250,11,0,1563100
ru2205,20220218,20220218,112115500,11:21:15,14210,120511,254936,17014163450,22,6,3126200
ru2205,20220218,20220218,112116000,11:21:16,14210,120512,254937,17014305550,1,1,142100
ru2205,20220218,20220218,112116500,11:21:16,14210,120531,254939,17017005450,19,2,2699900
ru2205,20220218,20220218,112117000,11:21:17,14210,120533,254938,17017289650,2,-1,284200
ru2205,20220218,20220218,112117500,11:21:18,14210,120533,254938,17017289650,0,0,0
ru2205,20220218,20220218,112118000,11:21:18,14210,120578,254946,17023686350,45,8,6396700
ru2205,20220218,20220218,112118500,11:21:18,14215,120585,254950,17024681400,7,4,995050
ru2205,20220218,20220218,112119000,11:21:19,14220,120625,254941,17030367550,40,-9,5686150
ru2205,20220218,20220218,112119500,11:21:19,14210,120632,254943,17031362550,7,2,995000
ru2205,20220218,20220218,112120000,11:21:20,14215,120635,254941,17031789000,3,-2,426450
ru2205,20220218,20220218,112120500,11:21:21,14215,120642,254945,17032784050,7,4,995050
ru2205,20220218,20220218,112121000,11:21:22,14215,120649,254945,17033779100,7,0,995050
ru2205,20220218,20220218,112121500,11:21:22,14210,120650,254945,17033921200,1,0,142100
ru2205,20220218,20220218,112122000,11:21:22,14215,120651,254946,17034063350,1,1,142150
ru2205,20220218,20220218,112122500,11:21:22,14215,120652,254947,17034205500,1,1,142150
ru2205,20220218,20220218,112123000,11:21:23,14215,120652,254947,17034205500,0,0,0
ru2205,20220218,20220218,112123500,11:21:23,14215,120708,254997,17042165800,56,50,7960300
ru2205,20220218,20220218,112124000,11:21:24,14215,120708,254997,17042165800,0,0,0
ru2205,20220218,20220218,112124500,11:21:25,14220,120727,255003,17044867600,19,6,2701800
ru2205,20220218,20220218,112125000,11:21:57,14215,120779,254970,17052259500,52,-33,7391900
ru2205,20220218,20220218,112125500,11:23:32,14220,120823,254950,17058514300,44,-20,6254800
ru2205,20220218,20220218,112126000,11:23:32,14220,120845,254945,17061642250,22,-5,3127950
ru2205,20220218,20220218,112126500,11:23:33,14215,120846,254944,17061784400,1,-1,142150
ru2205,20220218,20220218,112332500,11:23:33,14250,124814,254624,17626919500,3968,-320,565135100
ru2205,20220218,20220218,112333000,11:23:33,14250,124816,254625,17627204500,2,1,285000
ru2205,20220218,20220218,112333500,11:23:33,14250,124816,254625,17627204500,0,0,0
ru2205,20220218,20220218,112334000,11:23:34,14255,124823,254624,17628202350,7,-1,997850
ru2205,20220218,20220218,112334500,11:23:34,14255,124823,254624,17628202350,0,0,0
ru2205,20220218,20220218,112335000,11:23:35,14255,124827,254623,17628772550,4,-1,570200
ru2205,20220218,20220218,112335500,11:23:35,14255,124836,254616,17630055500,9,-7,1282950
ru2205,20220218,20220218,112336000,11:23:36,14255,124842,254614,17630910700,6,-2,855200
ru2205,20220218,20220218,112336500,11:23:38,14255,124844,254613,17631195750,2,-1,285050
ru2205,20220218,20220218,112337000,11:23:38,14255,124866,254618,17634331850,22,5,3136100
ru2205,20220218,20220218,112337500,11:23:38,14255,124872,254617,17635187150,6,-1,855300
ru2205,20220218,20220218,112338000,11:23:38,14255,124879,254617,17636185000,7,0,997850
ru2205,20220218,20220218,112338500,11:23:38,14255,124880,254617,17636327550,1,0,142550
ru2205,20220218,20220218,112339000,11:23:39,14255,124882,254619,17636612650,2,2,285100
ru2205,20220218,20220218,112339500,11:23:39,14255,124895,254619,17638466000,13,0,1853350
ru2205,20220218,20220218,112340000,11:23:40,14255,124902,254619,17639463850,7,0,997850
ru2205,20220218,20220218,112340500,11:23:40,14255,124902,254619,17639463850,0,0,0
ru2205,20220218,20220218,112341000,11:23:41,14255,124904,254620,17639748950,2,1,285100
ru2205,20220218,20220218,112341500,11:23:42,14260,124918,254616,17641745050,14,-4,1996100
ru2205,20220218,20220218,112342000,11:23:42,14255,124920,254616,17642030150,2,0,285100
ru2205,20220218,20220218,112342500,11:23:42,14260,124922,254615,17642315350,2,-1,285200
ru2205,20220218,20220218,112343000,11:23:43,14260,125099,254663,17667555550,177,48,25240200
ru2205,20220218,20220218,112343500,11:23:43,14260,125111,254659,17669267300,12,-4,1711750
ru2205,20220218,20220218,112344000,11:23:45,14260,125111,254659,17669267300,0,0,0
ru2205,20220218,20220218,112344500,11:23:48,14260,125118,254659,17670265550,7,0,998250
ru2205,20220218,20220218,112345000,11:23:48,14260,125118,254659,17670265550,0,0,0
ru2205,20220218,20220218,112345500,11:23:48,14260,125127,254655,17671549250,9,-4,1283700
ru2205,20220218,20220218,112346000,11:23:48,14260,125135,254659,17672690350,8,4,1141100
ru2205,20220218,20220218,112348000,11:23:48,14260,125185,254652,17679821750,50,-7,7131400
ru2205,20220218,20220218,112348500,11:23:49,14265,125187,254653,17680107050,2,1,285300
ru2205,20220218,20220218,112349000,11:23:49,14265,125233,254626,17686668200,46,-27,6561150
ru2205,20220218,20220218,112349500,11:23:50,14265,125244,254623,17688236900,11,-3,1568700
ru2205,20220218,20220218,112350000,11:23:50,14265,125246,254623,17688522200,2,0,285300
ru2205,20220218,20220218,112350500,11:23:50,14265,125249,254622,17688950150,3,-1,427950
ru2205,20220218,20220218,112351000,11:23:51,14260,125360,254620,17704778900,111,-2,15828750
ru2205,20220218,20220218,112351500,11:23:51,14260,125365,254619,17705491800,5,-1,712900
ru2205,20220218,20220218,112352000,11:23:52,14255,125391,254602,17709198100,26,-17,3706300
ru2205,20220218,20220218,112352500,11:23:52,14255,125394,254602,17709625850,3,0,427750
ru2205,20220218,20220218,112353000,11:23:53,14255,125398,254601,17710196100,4,-1,570250
ru2205,20220218,20220218,112353500,11:23:53,14260,125453,254618,17718039150,55,17,7843050
ru2205,20220218,20220218,112354000,11:23:54,14260,125556,254566,17732723850,103,-52,14684700
ru2205,20220218,20220218,112354500,11:23:55,14260,125621,254565,17741988750,65,-1,9264900
ru2205,20220218,20220218,112355000,11:23:55,14260,125671,254580,17749116450,50,15,7127700
ru2205,20220218,20220218,112355500,11:23:55,14260,125697,254563,17752823750,26,-17,3707300
ru2205,20220218,20220218,112356000,11:23:56,14260,125699,254563,17753108950,2,0,285200
ru2205,20220218,20220218,112356500,11:23:56,14260,125772,254548,17763515600,73,-15,10406650
ru2205,20220218,20220218,112357000,11:23:57,14260,125779,254549,17764513750,7,1,998150
ru2205,20220218,20220218,112357500,11:23:57,14260,125782,254549,17764941500,3,0,427750
ru2205,20220218,20220218,112358000,11:23:58,14255,125787,254547,17765654300,5,-2,712800
ru2205,20220218,20220218,112358500,11:23:58,14255,125790,254548,17766082050,3,1,427750
ru2205,20220218,20220218,112359000,11:23:59,14255,125791,254548,17766224600,1,0,142550
ru2205,20220218,20220218,112359500,11:23:59,14255,125792,254549,17766367150,1,1,142550
ru2205,20220218,20220218,112400000,11:24:00,14260,125802,254550,17767793150,10,1,1426000
ru2205,20220218,20220218,112400500,11:24:00,14260,125851,254570,17774780550,49,20,6987400
ru2205,20220218,20220218,112401000,11:24:01,14260,125866,254571,17776919600,15,1,2139050
ru2205,20220218,20220218,112401500,11:24:01,14260,125881,254562,17779058600,15,-9,2139000
ru2205,20220218,20220218,112402000,11:24:02,14260,125896,254551,17781197600,15,-11,2139000
ru2205,20220218,20220218,112402500,11:24:02,14260,125899,254549,17781625400,3,-2,427800
ru2205,20220218,20220218,112403000,11:24:03,14255,125901,254549,17781910500,2,0,285100
ru2205,20220218,20220218,112403500,11:24:03,14255,125949,254533,17788754750,48,-16,6844250
ru2205,20220218,20220218,112404000,11:24:04,14255,125959,254528,17790180450,10,-5,1425700
ru2205,20220218,20220218,112404500,11:24:04,14255,125962,254528,17790608150,3,0,427700
ru2205,20220218,20220218,112405000,11:24:05,14260,125993,254538,17795028700,31,10,4420550
ru2205,20220218,20220218,112405500,11:24:05,14255,126002,254536,17796311800,9,-2,1283100
ru2205,20220218,20220218,112406000,11:24:06,14260,126041,254514,17801871850,39,-22,5560050
ru2205,20220218,20220218,112406500,11:24:06,14255,126086,254493,17808288500,45,-21,6416650
ru2205,20220218,20220218,112407000,11:24:07,14255,126094,254493,17809429000,8,0,1140500
ru2205,20220218,20220218,112407500,11:24:08,14255,126115,254502,17812423550,21,9,2994550
ru2205,20220218,20220218,112408000,11:24:08,14260,126122,254501,17813421750,7,-1,998200
ru2205,20220218,20220218,112408500,11:24:08,14260,126128,254496,17814277350,6,-5,855600
ru2205,20220218,20220218,112409000,11:24:09,14260,126129,254495,17814419950,1,-1,142600
ru2205,20220218,20220218,112409500,11:24:11,14260,126143,254497,17816416450,14,2,1996500
ru2205,20220218,20220218,112410000,11:24:12,14260,126171,254482,17820409250,28,-15,3992800
ru2205,20220218,20220218,112410500,11:24:12,14260,126220,254503,17827396400,49,21,6987150
ru2205,20220218,20220218,112411000,11:24:12,14260,126248,254510,17831389300,28,7,3992900
ru2205,20220218,20220218,112411500,11:24:12,14255,126284,254503,17836522650,36,-7,5133350
ru2205,20220218,20220218,112412000,11:24:12,14255,126290,254502,17837377950,6,-1,855300
ru2205,20220218,20220218,112412500,11:24:12,14255,126291,254501,17837520500,1,-1,142550
ru2205,20220218,20220218,112413000,11:24:13,14255,126303,254501,17839231600,12,0,1711100
ru2205,20220218,20220218,112413500,11:24:14,14255,126304,254502,17839374150,1,1,142550
ru2205,20220218,20220218,112414000,11:24:14,14260,126314,254494,17840800150,10,-8,1426000
ru2205,20220218,20220218,112414500,11:24:14,14255,126315,254493,17840942700,1,-1,142550
ru2205,20220218,20220218,112415000,11:24:15,14255,126315,254493,17840942700,0,0,0
ru2205,20220218,20220218,112415500,11:24:15,14260,126317,254491,17841227900,2,-2,285200
ru2205,20220218,20220218,112416000,11:24:16,14255,126320,254491,17841655550,3,0,427650
ru2205,20220218,20220218,112416500,11:24:17,14260,126323,254491,17842083350,3,0,427800
ru2205,20220218,20220218,112417000,11:24:17,14255,126327,254490,17842653550,4,-1,570200
ru2205,20220218,20220218,112417500,11:24:18,14260,126377,254517,17849783550,50,27,7130000
ru2205,20220218,20220218,112418000,11:24:18,14255,126378,254517,17849926100,1,0,142550
ru2205,20220218,20220218,112418500,11:24:19,14260,126398,254520,17852778100,20,3,2852000
ru2205,20220218,20220218,112419000,11:24:19,14260,126420,254521,17855915300,22,1,3137200
ru2205,20220218,20220218,112419500,11:24:19,14260,126444,254535,17859337700,24,14,3422400
ru2205,20220218,20220218,112420000,11:24:20,14255,126478,254541,17864186050,34,6,4848350
ru2205,20220218,20220218,112420500,11:24:20,14260,126492,254541,17866182450,14,0,1996400
ru2205,20220218,20220218,112421000,11:24:21,14265,126527,254547,17871173850,35,6,4991400
ru2205,20220218,20220218,112421500,11:24:22,14260,126538,254547,17872742400,11,0,1568550
ru2205,20220218,20220218,112422000,11:24:22,14260,126552,254543,17874738800,14,-4,1996400
ru2205,20220218,20220218,112422500,11:24:23,14260,126561,254545,17876022050,9,2,1283250
ru2205,20220218,20220218,112423000,11:24:23,14260,126563,254547,17876307250,2,2,285200
ru2205,20220218,20220218,112423500,11:24:23,14260,126563,254547,17876307250,0,0,0
ru2205,20220218,20220218,112424000,11:24:24,14260,126564,254547,17876449850,1,0,142600
ru2205,20220218,20220218,112424500,11:24:24,14260,126569,254544,17877162800,5,-3,712950
ru2205,20220218,20220218,112425000,11:24:25,14260,126571,254543,17877448000,2,-1,285200
ru2205,20220218,20220218,112425500,11:24:25,14260,126579,254536,17878588750,8,-7,1140750
ru2205,20220218,20220218,112426000,11:24:26,14260,126584,254535,17879301750,5,-1,713000
ru2205,20220218,20220218,112426500,11:24:26,14260,126587,254532,17879729550,3,-3,427800
ru2205,20220218,20220218,112427000,11:24:27,14260,126587,254532,17879729550,0,0,0
ru2205,20220218,20220218,112427500,11:24:28,14260,126587,254532,17879729550,0,0,0
ru2205,20220218,20220218,112428000,11:24:28,14255,126677,254482,17892559150,90,-50,12829600
ru2205,20220218,20220218,112428500,11:24:28,14250,126700,254485,17895837550,23,3,3278400
ru2205,20220218,20220218,112429000,11:24:29,14250,126714,254489,17897833150,14,4,1995600
ru2205,20220218,20220218,112429500,11:24:29,14250,126732,254493,17900398800,18,4,2565650
ru2205,20220218,20220218,112430000,11:24:30,14250,126732,254493,17900398800,0,0,0
ru2205,20220218,20220218,112430500,11:24:30,14255,126734,254493,17900683900,2,0,285100
ru2205,20220218,20220218,112431000,11:24:31,14250,126740,254498,17901538900,6,5,855000
ru2205,20220218,20220218,112431500,11:24:31,14255,126753,254499,17903391950,13,1,1853050
ru2205,20220218,20220218,112432000,11:24:32,14250,126754,254499,17903534450,1,0,142500
ru2205,20220218,20220218,112432500,11:24:32,14255,126775,254479,17906528000,21,-20,2993550
ru2205,20220218,20220218,112433000,11:24:33,14255,126777,254478,17906813100,2,-1,285100
ru2205,20220218,20220218,112433500,11:24:33,14255,126779,254476,17907098200,2,-2,285100
ru2205,20220218,20220218,112434000,11:24:34,14255,126779,254476,17907098200,0,0,0
ru2205,20220218,20220218,112434500,11:24:34,14255,126782,254474,17907525900,3,-2,427700
ru2205,20220218,20220218,112435000,11:24:35,14255,126784,254474,17907811050,2,0,285150
ru2205,20220218,20220218,112435500,11:24:35,14255,126789,254475,17908523800,5,1,712750
ru2205,20220218,20220218,112436000,11:24:36,14255,126797,254476,17909664200,8,1,1140400
ru2205,20220218,20220218,112436500,11:24:36,14255,126802,254477,17910377000,5,1,712800
ru2205,20220218,20220218,112437500,11:24:37,14255,126803,254476,17910519550,1,-1,142550
ru2205,20220218,20220218,112438000,11:24:39,14260,126805,254476,17910804750,2,0,285200
ru2205,20220218,20220218,112438500,11:24:39,14255,126814,254478,17912088000,9,2,1283250
ru2205,20220218,20220218,112439000,11:24:40,14260,126816,254478,17912373200,2,0,285200
ru2205,20220218,20220218,112439500,11:24:40,14260,126820,254474,17912943600,4,-4,570400
ru2205,20220218,20220218,112440000,11:24:40,14260,126902,254468,17924636750,82,-6,11693150
ru2205,20220218,20220218,112440500,11:24:40,14260,126915,254469,17926490550,13,1,1853800
ru2205,20220218,20220218,112441000,11:24:41,14260,126916,254469,17926633150,1,0,142600
ru2205,20220218,20220218,112441500,11:24:41,14260,126920,254466,17927203550,4,-3,570400
ru2205,20220218,20220218,112442000,11:24:42,14260,126920,254466,17927203550,0,0,0
ru2205,20220218,20220218,112442500,11:24:42,14260,126936,254455,17929485150,16,-11,2281600
ru2205,20220218,20220218,112443000,11:24:43,14260,126957,254450,17932479750,21,-5,2994600
ru2205,20220218,20220218,112443500,11:24:43,14260,126971,254450,17934476150,14,0,1996400
ru2205,20220218,20220218,112444000,11:24:44,14260,126993,254461,17937613350,22,11,3137200
ru2205,20220218,20220218,112444500,11:24:44,14260,127006,254469,17939467150,13,8,1853800
ru2205,20220218,20220218,112445000,11:24:45,14260,127013,254471,17940465350,7,2,998200
ru2205,20220218,20220218,112445500,11:24:45,14260,127015,254470,17940750550,2,-1,285200
ru2205,20220218,20220218,112446000,11:24:46,14260,127022,254466,17941748750,7,-4,998200
ru2205,20220218,20220218,112446500,11:24:46,14260,127041,254458,17944458700,19,-8,2709950
ru2205,20220218,20220218,112447000,11:24:47,14260,127042,254458,17944601300,1,0,142600
ru2205,20220218,20220218,112447500,11:24:47,14260,127045,254459,17945029150,3,1,427850
ru2205,20220218,20220218,112448000,11:24:48,14260,127049,254459,17945599550,4,0,570400
ru2205,20220218,20220218,112448500,11:24:48,14260,127053,254460,17946169950,4,1,570400
ru2205,20220218,20220218,112449000,11:24:49,14260,127180,254390,17964286450,127,-70,18116500
ru2205,20220218,20220218,112449500,11:24:49,14265,127186,254390,17965142450,6,0,856000
ru2205,20220218,20220218,112450000,11:24:50,14265,127232,254360,17971706350,46,-30,6563900
ru2205,20220218,20220218,112450500,11:24:50,14270,127239,254355,17972705250,7,-5,998900
ru2205,20220218,20220218,112451000,11:24:51,14265,127268,254347,17976843150,29,-8,4137900
ru2205,20220218,20220218,112451500,11:24:51,14270,127276,254352,17977984450,8,5,1141300
ru2205,20220218,20220218,112452000,11:24:52,14265,127282,254351,17978840550,6,-1,856100
ru2205,20220218,20220218,112452500,11:24:52,14270,127285,254352,17979268550,3,1,428000
ru2205,20220218,20220218,112453000,11:24:53,14270,127291,254357,17980124700,6,5,856150
ru2205,20220218,20220218,112453500,11:24:53,14265,127309,254364,17982692950,18,7,2568250
ru2205,20220218,20220218,112454000,11:24:54,14265,127311,254364,17982978250,2,0,285300
ru2205,20220218,20220218,112454500,11:24:54,14265,127311,254364,17982978250,0,0,0
ru2205,20220218,20220218,112455000,11:24:55,14270,127312,254364,17983120950,1,0,142700
ru2205,20220218,20220218,112455500,11:24:56,14270,127342,254376,17987401950,30,12,4281000
ru2205,20220218,20220218,112456000,11:24:56,14265,127358,254368,17989684400,16,-8,2282450
ru2205,20220218,20220218,112456500,11:24:56,14270,127366,254371,17990826000,8,3,1141600
ru2205,20220218,20220218,112457000,11:24:57,14270,127378,254381,17992538350,12,10,1712350
ru2205,20220218,20220218,112457500,11:24:57,14270,127378,254381,17992538350,0,0,0
ru2205,20220218,20220218,112458000,11:24:58,14270,127378,254381,17992538350,0,0,0
ru2205,20220218,20220218,112458500,11:24:58,14265,127380,254379,17992823700,2,-2,285350
ru2205,20220218,20220218,112459000,11:24:59,14270,127382,254379,17993109050,2,0,285350
ru2205,20220218,20220218,112459500,11:24:59,14270,127400,254373,17995677450,18,-6,2568400
ru2205,20220218,20220218,112500000,11:25:00,14270,127402,254372,17995962800,2,-1,285350
ru2205,20220218,20220218,112500500,11:25:01,14265,127410,254369,17997104050,8,-3,1141250
ru2205,20220218,20220218,112501000,11:25:01,14270,127446,254341,18002239550,36,-28,5135500
ru2205,20220218,20220218,112501500,11:25:03,14265,127481,254342,18007232350,35,1,4992800
ru2205,20220218,20220218,112502000,11:25:05,14265,127492,254343,18008801500,11,1,1569150
ru2205,20220218,20220218,112502500,11:25:06,14265,127497,254343,18009514750,5,0,713250
ru2205,20220218,20220218,112503000,11:25:06,14265,127509,254343,18011226550,12,0,1711800
ru2205,20220218,20220218,112505000,11:25:06,14265,127547,254344,18016647600,38,1,5421050
ru2205,20220218,20220218,112505500,11:25:06,14265,127549,254344,18016932950,2,0,285350
ru2205,20220218,20220218,112506000,11:25:06,14265,127564,254340,18019072700,15,-4,2139750
ru2205,20220218,20220218,112506500,11:25:07,14270,127568,254339,18019643450,4,-1,570750
ru2205,20220218,20220218,112507000,11:25:07,14270,127571,254337,18020071500,3,-2,428050
ru2205,20220218,20220218,112507500,11:25:07,14265,127581,254330,18021498100,10,-7,1426600
ru2205,20220218,20220218,112508000,11:25:08,14265,127587,254330,18022354050,6,0,855950
ru2205,20220218,20220218,112508500,11:25:08,14265,127592,254327,18023067300,5,-3,713250
ru2205,20220218,20220218,112509000,11:25:09,14265,127592,254327,18023067300,0,0,0
ru2205,20220218,20220218,112509500,11:25:09,14265,127595,254326,18023495250,3,-1,427950
ru2205,20220218,20220218,112510000,11:25:10,14265,127595,254326,18023495250,0,0,0
ru2205,20220218,20220218,112510500,11:25:10,14265,127596,254325,18023637900,1,-1,142650
ru2205,20220218,20220218,112511000,11:25:11,14265,127599,254323,18024065900,3,-2,428000
ru2205,20220218,20220218,112511500,11:25:11,14265,127630,254327,18028489300,31,4,4423400
ru2205,20220218,20220218,112512000,11:25:12,14265,127632,254326,18028774650,2,-1,285350
ru2205,20220218,20220218,112512500,11:25:12,14265,127633,254325,18028917300,1,-1,142650
ru2205,20220218,20220218,112513000,11:25:13,14270,127634,254325,18029060000,1,0,142700
ru2205,20220218,20220218,112513500,11:25:15,14265,127638,254324,18029630700,4,-1,570700
ru2205,20220218,20220218,112514000,11:25:15,14265,127639,254323,18029773350,1,-1,142650
ru2205,20220218,20220218,112514500,11:25:15,14270,127640,254323,18029916050,1,0,142700
ru2205,20220218,20220218,112515000,11:25:16,14265,127645,254324,18030629300,5,1,713250
ru2205,20220218,20220218,112515500,11:25:16,14270,127646,254324,18030772000,1,0,142700
ru2205,20220218,20220218,112516000,11:25:16,14270,127648,254324,18031057350,2,0,285350
ru2205,20220218,20220218,112516500,11:25:16,14270,127654,254324,18031913550,6,0,856200
ru2205,20220218,20220218,112517000,11:25:17,14265,127655,254323,18032056200,1,-1,142650
ru2205,20220218,20220218,112517500,11:25:18,14265,127656,254322,18032198850,1,-1,142650
ru2205,20220218,20220218,112518000,11:25:18,14265,127657,254321,18032341500,1,-1,142650
ru2205,20220218,20220218,112518500,11:25:19,14265,127657,254321,18032341500,0,0,0
ru2205,20220218,20220218,112519000,11:25:19,14265,127661,254318,18032912150,4,-3,570650
ru2205,20220218,20220218,112519500,11:25:19,14270,127663,254316,18033197500,2,-2,285350
ru2205,20220218,20220218,112520000,11:25:20,14270,127663,254316,18033197500,0,0,0
ru2205,20220218,20220218,112520500,11:25:21,14270,127790,254335,18051320500,127,19,18123000
ru2205,20220218,20220218,112521000,11:25:21,14270,127792,254334,18051605950,2,-1,285450
ru2205,20220218,20220218,112521500,11:25:22,14270,127795,254336,18052034050,3,2,428100
ru2205,20220218,20220218,112522000,11:25:22,14270,127800,254338,18052747550,5,2,713500
ru2205,20220218,20220218,112522500,11:25:22,14275,127802,254338,18053033050,2,0,285500
ru2205,20220218,20220218,112523000,11:25:23,14275,127813,254337,18054603250,11,-1,1570200
ru2205,20220218,20220218,112523500,11:25:24,14270,127818,254338,18055316800,5,1,713550
ru2205,20220218,20220218,112524000,11:25:24,14270,127826,254336,18056458450,8,-2,1141650
ru2205,20220218,20220218,112524500,11:25:25,14270,127831,254338,18057172050,5,2,713600
ru2205,20220218,20220218,112525000,11:25:25,14275,127833,254338,18057457500,2,0,285450
ru2205,20220218,20220218,112525500,11:25:26,14270,127835,254338,18057742900,2,0,285400
ru2205,20220218,20220218,112526000,11:25:26,14275,127845,254338,18059170400,10,0,1427500
ru2205,20220218,20220218,112526500,11:25:27,14275,127846,254338,18059313150,1,0,142750
ru2205,20220218,20220218,112527000,11:25:27,14275,127846,254338,18059313150,0,0,0
ru2205,20220218,20220218,112527500,11:25:28,14275,127846,254338,18059313150,0,0,0
ru2205,20220218,20220218,112528000,11:25:28,14270,127850,254336,18059884050,4,-2,570900
ru2205,20220218,20220218,112528500,11:25:28,14270,127850,254336,18059884050,0,0,0
ru2205,20220218,20220218,112529000,11:25:29,14270,127852,254337,18060169450,2,1,285400
ru2205,20220218,20220218,112529500,11:25:30,14270,127937,254286,18072298950,85,-51,12129500
ru2205,20220218,20220218,112530000,11:25:30,14270,127939,254286,18072584350,2,0,285400
ru2205,20220218,20220218,112530500,11:25:31,14270,127960,254306,18075581050,21,20,2996700
ru2205,20220218,20220218,112531000,11:25:31,14270,127980,254299,18078435050,20,-7,2854000
ru2205,20220218,20220218,112531500,11:25:32,14270,127997,254284,18080860950,17,-15,2425900
ru2205,20220218,20220218,112532000,11:25:32,14270,127998,254283,18081003650,1,-1,142700
ru2205,20220218,20220218,112532500,11:25:32,14270,128025,254273,18084856450,27,-10,3852800
ru2205,20220218,20220218,112533000,11:25:33,14275,128056,254280,18089280200,31,7,4423750
ru2205,20220218,20220218,112533500,11:25:33,14270,128183,254244,18107398500,127,-36,18118300
ru2205,20220218,20220218,112534000,11:25:34,14270,128215,254233,18111963550,32,-11,4565050
ru2205,20220218,20220218,112534500,11:25:34,14270,128238,254229,18115244600,23,-4,3281050
ru2205,20220218,20220218,112535000,11:25:36,14265,128248,254230,18116671100,10,1,1426500
ru2205,20220218,20220218,112535500,11:25:37,14265,128249,254231,18116813750,1,1,142650
ru2205,20220218,20220218,112536000,11:25:37,14265,128255,254228,18117669650,6,-3,855900
ru2205,20220218,20220218,112536500,11:25:37,14265,128258,254231,18118097600,3,3,427950
ru2205,20220218,20220218,112537000,11:25:37,14265,128261,254233,18118525550,3,2,427950
ru2205,20220218,20220218,112537500,11:25:38,14265,128263,254234,18118810850,2,1,285300
ru2205,20220218,20220218,112538000,11:25:38,14265,128275,254236,18120522650,12,2,1711800
ru2205,20220218,20220218,112538500,11:25:39,14265,128279,254235,18121093300,4,-1,570650
ru2205,20220218,20220218,112539000,11:25:39,14270,128294,254230,18123233250,15,-5,2139950
ru2205,20220218,20220218,112539500,11:25:40,14265,128297,254228,18123661300,3,-2,428050
ru2205,20220218,20220218,112540000,11:25:40,14270,128312,254225,18125801800,15,-3,2140500
ru2205,20220218,20220218,112540500,11:25:40,14270,128315,254223,18126229900,3,-2,428100
ru2205,20220218,20220218,112541000,11:25:41,14270,128322,254224,18127228750,7,1,998850
ru2205,20220218,20220218,112541500,11:25:41,14270,128326,254225,18127799550,4,1,570800
ru2205,20220218,20220218,112542000,11:25:42,14270,128328,254223,18128084950,2,-2,285400
ru2205,20220218,20220218,112542500,11:25:42,14270,128330,254224,18128370350,2,1,285400
ru2205,20220218,20220218,112543000,11:25:43,14270,128333,254225,18128798400,3,1,428050
ru2205,20220218,20220218,112543500,11:25:43,14275,128367,254228,18133650200,34,3,4851800
ru2205,20220218,20220218,112544000,11:25:44,14265,128398,254219,18138073600,31,-9,4423400
ru2205,20220218,20220218,112544500,11:25:44,14270,128402,254219,18138644350,4,0,570750
ru2205,20220218,20220218,112545000,11:25:45,14270,128456,254219,18146350150,54,0,7705800
ru2205,20220218,20220218,112545500,11:25:46,14275,128472,254218,18148633800,16,-1,2283650
ru2205,20220218,20220218,112546000,11:25:46,14275,128474,254218,18148919250,2,0,285450
ru2205,20220218,20220218,112546500,11:25:47,14275,128475,254218,18149062000,1,0,142750
ru2205,20220218,20220218,112547000,11:25:48,14270,128478,254216,18149490150,3,-2,428150
ru2205,20220218,20220218,112547500,11:25:48,14275,128495,254224,18151916600,17,8,2426450
ru2205,20220218,20220218,112548000,11:25:48,14270,128502,254225,18152915500,7,1,998900
ru2205,20220218,20220218,112548500,11:25:48,14270,128511,254226,18154199900,9,1,1284400
ru2205,20220218,20220218,112549000,11:25:49,14270,128515,254225,18154770800,4,-1,570900
ru2205,20220218,20220218,112549500,11:25:49,14275,128524,254233,18156055500,9,8,1284700
ru2205,20220218,20220218,112550000,11:25:50,14275,128527,254235,18156483700,3,2,428200
ru2205,20220218,20220218,112550500,11:25:50,14275,128533,254240,18157340200,6,5,856500
ru2205,20220218,20220218,112551000,11:25:51,14275,128538,254241,18158053900,5,1,713700
ru2205,20220218,20220218,112551500,11:25:51,14270,128541,254241,18158482100,3,0,428200
ru2205,20220218,20220218,112552000,11:25:52,14275,128564,254251,18161765000,23,10,3282900
ru2205,20220218,20220218,112552500,11:25:52,14270,128568,254251,18162335950,4,0,570950
ru2205,20220218,20220218,112553000,11:25:53,14275,128703,254289,18181607300,135,38,19271350
ru2205,20220218,20220218,112553500,11:25:54,14275,128713,254285,18183035250,10,-4,1427950
ru2205,20220218,20220218,112554000,11:25:54,14275,128717,254284,18183606300,4,-1,571050
ru2205,20220218,20220218,112554500,11:25:54,14275,128726,254275,18184891050,9,-9,1284750
ru2205,20220218,20220218,112555000,11:25:55,14275,128767,254265,18190743900,41,-10,5852850
ru2205,20220218,20220218,112555500,11:25:56,14275,128788,254261,18193741650,21,-4,2997750
ru2205,20220218,20220218,112556000,11:25:57,14275,128794,254257,18194598150,6,-4,856500
ru2205,20220218,20220218,112556500,11:25:57,14275,128804,254257,18196025550,10,0,1427400
ru2205,20220218,20220218,112557000,11:25:57,14275,128821,254266,18198452300,17,9,2426750
ru2205,20220218,20220218,112557500,11:25:57,14275,128836,254267,18200593550,15,1,2141250
ru2205,20220218,20220218,112558000,11:25:59,14275,128858,254258,18203734200,22,-9,3140650
ru2205,20220218,20220218,112558500,11:25:59,14275,128873,254255,18205875450,15,-3,2141250
ru2205,20220218,20220218,112559000,11:26:00,14275,128902,254258,18210015250,29,3,4139800
ru2205,20220218,20220218,112559500,11:26:00,14280,128905,254257,18210443550,3,-1,428300
ru2205,20220218,20220218,112600000,11:26:00,14280,128937,254240,18215012200,32,-17,4568650
ru2205,20220218,20220218,112600500,11:26:01,14275,128947,254231,18216440150,10,-9,1427950
ru2205,20220218,20220218,112601000,11:26:01,14275,128970,254227,18219724250,23,-4,3284100
ru2205,20220218,20220218,112601500,11:26:01,14280,128997,254211,18223579600,27,-16,3855350
ru2205,20220218,20220218,112602000,11:26:03,14280,129004,254210,18224579150,7,-1,999550
ru2205,20220218,20220218,112602500,11:26:03,14275,129012,254209,18225721150,8,-1,1142000
ru2205,20220218,20220218,112603000,11:26:03,14280,129019,254207,18226720700,7,-2,999550
ru2205,20220218,20220218,112603500,11:26:03,14275,129030,254203,18228291300,11,-4,1570600
ru2205,20220218,20220218,112604000,11:26:05,14275,129046,254212,18230575400,16,9,2284100
ru2205,20220218,20220218,112604500,11:26:05,14275,129063,254195,18233002150,17,-17,2426750
ru2205,20220218,20220218,112605000,11:26:05,14280,129113,254191,18240139700,50,-4,7137550
ru2205,20220218,20220218,112605500,11:26:05,14275,129125,254180,18241852700,12,-11,1713000
ru2205,20220218,20220218,112606000,11:26:06,14275,129126,254181,18241995450,1,1,142750
ru2205,20220218,20220218,112606500,11:26:06,14275,129127,254182,18242138200,1,1,142750
ru2205,20220218,20220218,112607000,11:26:09,14275,129130,254182,18242566450,3,0,428250
ru2205,20220218,20220218,112607500,11:26:09,14275,129145,254186,18244707650,15,4,2141200
ru2205,20220218,20220218,112608000,11:26:09,14270,129232,254202,18257125750,87,16,12418100
ru2205,20220218,20220218,112609000,11:26:10,14270,129232,254202,18257125750,0,0,0
ru2205,20220218,20220218,112609500,11:26:10,14275,129252,254204,18259981150,20,2,2855400
ru2205,20220218,20220218,112610000,11:26:10,14275,129257,254203,18260694950,5,-1,713800
ru2205,20220218,20220218,112610500,11:26:10,14275,129259,254204,18260980450,2,1,285500
ru2205,20220218,20220218,112611000,11:26:11,14275,129261,254203,18261265950,2,-1,285500
ru2205,20220218,20220218,112611500,11:26:13,14275,129276,254193,18263407200,15,-10,2141250
ru2205,20220218,20220218,112612000,11:26:14,14275,129279,254190,18263835450,3,-3,428250
ru2205,20220218,20220218,112612500,11:26:14,14275,129279,254190,18263835450,0,0,0
ru2205,20220218,20220218,112613000,11:26:15,14270,129288,254186,18265120100,9,-4,1284650
ru2205,20220218,20220218,112614000,11:26:15,14275,129303,254171,18267261350,15,-15,2141250
ru2205,20220218,20220218,112614500,11:26:15,14275,129316,254169,18269117050,13,-2,1855700
ru2205,20220218,20220218,112615000,11:26:16,14275,129318,254168,18269402550,2,-1,285500
ru2205,20220218,20220218,112615500,11:26:16,14270,129323,254166,18270116250,5,-2,713700
ru2205,20220218,20220218,112616000,11:26:16,14275,129326,254166,18270544500,3,0,428250
ru2205,20220218,20220218,112616500,11:26:17,14275,129328,254164,18270830000,2,-2,285500
ru2205,20220218,20220218,112617000,11:26:17,14275,129330,254163,18271115500,2,-1,285500
ru2205,20220218,20220218,112617500,11:26:17,14270,129331,254163,18271258200,1,0,142700
ru2205,20220218,20220218,112618000,11:26:18,14270,129333,254163,18271543600,2,0,285400
ru2205,20220218,20220218,112618500,11:26:18,14270,129335,254161,18271829000,2,-2,285400
ru2205,20220218,20220218,112619000,11:26:19,14275,129338,254161,18272257250,3,0,428250
ru2205,20220218,20220218,112619500,11:26:20,14275,129338,254161,18272257250,0,0,0
ru2205,20220218,20220218,112620000,11:26:20,14270,129357,254158,18274968600,19,-3,2711350
ru2205,20220218,20220218,112620500,11:26:20,14275,129369,254159,18276681550,12,1,1712950
ru2205,20220218,20220218,112621000,11:26:21,14270,129370,254160,18276824250,1,1,142700
ru2205,20220218,20220218,112621500,11:26:21,14270,129371,254160,18276966950,1,0,142700
ru2205,20220218,20220218,112622000,11:26:22,14270,129374,254161,18277395150,3,1,428200
ru2205,20220218,20220218,112622500,11:26:22,14270,129374,254161,18277395150,0,0,0
ru2205,20220218,20220218,112623000,11:26:23,14270,129379,254161,18278108850,5,0,713700
ru2205,20220218,20220218,112623500,11:26:23,14270,129380,254162,18278251550,1,1,142700
ru2205,20220218,20220218,112624000,11:26:24,14270,129384,254160,18278822450,4,-2,570900
ru2205,20220218,20220218,112624500,11:26:24,14270,129387,254160,18279250550,3,0,428100
ru2205,20220218,20220218,112625000,11:26:25,14275,129393,254157,18280106950,6,-3,856400
ru2205,20220218,20220218,112625500,11:26:25,14270,129404,254155,18281676700,11,-2,1569750
ru2205,20220218,20220218,112626000,11:26:26,14275,129406,254155,18281962200,2,0,285500
ru2205,20220218,20220218,112626500,11:26:26,14275,129413,254148,18282961450,7,-7,999250
ru2205,20220218,20220218,112627000,11:26:27,14270,129417,254147,18283532400,4,-1,570950
ru2205,20220218,20220218,112627500,11:26:27,14270,129417,254147,18283532400,0,0,0
ru2205,20220218,20220218,112628000,11:26:28,14275,129418,254147,18283675150,1,0,142750
ru2205,20220218,20220218,112628500,11:26:28,14270,129426,254140,18284816750,8,-7,1141600
ru2205,20220218,20220218,112629000,11:26:29,14275,129427,254141,18284959500,1,1,142750
ru2205,20220218,20220218,112629500,11:26:30,14275,129430,254142,18285387700,3,1,428200
ru2205,20220218,20220218,112630000,11:26:31,14275,129433,254143,18285815950,3,1,428250
ru2205,20220218,20220218,112630500,11:26:31,14270,129436,254142,18286244050,3,-1,428100
ru2205,20220218,20220218,112631000,11:26:31,14275,129440,254142,18286814950,4,0,570900
ru2205,20220218,20220218,112631500,11:26:32,14275,129440,254142,18286814950,0,0,0
ru2205,20220218,20220218,112632000,11:26:32,14275,129442,254141,18287100450,2,-1,285500
ru2205,20220218,20220218,112632500,11:26:32,14275,129452,254136,18288527950,10,-5,1427500
ru2205,20220218,20220218,112633000,11:26:33,14270,129486,254152,18293381400,34,16,4853450
ru2205,20220218,20220218,112633500,11:26:34,14275,129495,254157,18294666150,9,5,1284750
ru2205,20220218,20220218,112634000,11:26:34,14270,129501,254157,18295522600,6,0,856450
ru2205,20220218,20220218,112634500,11:26:37,14270,129507,254155,18296378800,6,-2,856200
ru2205,20220218,20220218,112635000,11:26:37,14270,129508,254155,18296521500,1,0,142700
ru2205,20220218,20220218,112635500,11:26:37,14270,129508,254155,18296521500,0,0,0
ru2205,20220218,20220218,112636000,11:26:38,14270,129509,254155,18296664200,1,0,142700
ru2205,20220218,20220218,112637000,11:26:54,14275,129515,254152,18297520600,6,-3,856400
ru2205,20220218,20220218,112637500,11:26:54,14270,129574,254127,18305939900,59,-25,8419300
ru2205,20220218,20220218,112638000,11:27:10,14270,129591,254127,18308365800,17,0,2425900
ru2205,20220218,20220218,112638500,11:27:10,14270,129592,254127,18308508500,1,0,142700
ru2205,20220218,20220218,112653500,11:27:11,14265,129928,254085,18356431150,336,-42,47922650
ru2205,20220218,20220218,112654000,11:27:12,14260,129930,254085,18356716350,2,0,285200
ru2205,20220218,20220218,112710000,11:27:12,14275,130357,253990,18417650200,427,-95,60933850
ru2205,20220218,20220218,112710500,11:27:12,14280,130358,253989,18417793000,1,-1,142800
ru2205,20220218,20220218,112712000,11:27:13,14280,130372,253991,18419791700,14,2,1998700
ru2205,20220218,20220218,112712500,11:27:13,14275,130376,253989,18420362750,4,-2,571050
ru2205,20220218,20220218,112713000,11:27:13,14280,130381,253986,18421076600,5,-3,713850
ru2205,20220218,20220218,112713500,11:27:14,14280,130384,253984,18421504900,3,-2,428300
ru2205,20220218,20220218,112714000,11:27:14,14280,130393,253984,18422789750,9,0,1284850
ru2205,20220218,20220218,112714500,11:27:15,14275,130398,253983,18423503500,5,-1,713750
ru2205,20220218,20220218,112715000,11:27:15,14275,130407,253977,18424788300,9,-6,1284800
ru2205,20220218,20220218,112715500,11:27:16,14275,130431,253970,18428214350,24,-7,3426050
ru2205,20220218,20220218,112716000,11:27:16,14275,130461,253950,18432496900,30,-20,4282550
ru2205,20220218,20220218,112716500,11:27:17,14275,130479,253938,18435066400,18,-12,2569500
ru2205,20220218,20220218,112717000,11:27:17,14280,130686,253798,18464625650,207,-140,29559250
ru2205,20220218,20220218,112717500,11:27:17,14280,130732,253808,18471194450,46,10,6568800
ru2205,20220218,20220218,112718000,11:27:18,14285,130752,253789,18474050500,20,-19,2856050
ru2205,20220218,20220218,112718500,11:27:19,14280,130779,253778,18477907050,27,-11,3856550
ru2205,20220218,20220218,112719000,11:27:19,14285,130786,253779,18478906950,7,1,999900
ru2205,20220218,20220218,112719500,11:27:20,14280,130787,253778,18479049750,1,-1,142800
ru2205,20220218,20220218,112720000,11:27:20,14280,130794,253776,18480049550,7,-2,999800
ru2205,20220218,20220218,112720500,11:27:21,14280,130794,253776,18480049550,0,0,0
ru2205,20220218,20220218,112721000,11:27:21,14285,130846,253798,18487475200,52,22,7425650
ru2205,20220218,20220218,112721500,11:27:22,14285,130850,253798,18488046600,4,0,571400
ru2205,20220218,20220218,112722000,11:27:22,14275,130871,253798,18491045350,21,0,2998750
ru2205,20220218,20220218,112722500,11:27:22,14280,130877,253798,18491902150,6,0,856800
ru2205,20220218,20220218,112723000,11:27:26,14275,130880,253798,18492330500,3,0,428350
ru2205,20220218,20220218,112723500,11:27:27,14285,130888,253798,18493472950,8,0,1142450
ru2205,20220218,20220218,112724000,11:27:27,14280,130889,253797,18493615750,1,-1,142800
ru2205,20220218,20220218,112724500,11:27:27,14280,130890,253797,18493758550,1,0,142800
ru2205,20220218,20220218,112726500,11:27:27,14280,130896,253799,18494615350,6,2,856800
ru2205,20220218,20220218,112727000,11:27:27,14275,130898,253799,18494900850,2,0,285500
ru2205,20220218,20220218,112727500,11:27:27,14275,130956,253850,18503180750,58,51,8279900
ru2205,20220218,20220218,112728000,11:27:28,14280,130958,253849,18503466350,2,-1,285600
ru2205,20220218,20220218,112728500,11:27:28,14280,130973,253856,18505608100,15,7,2141750
ru2205,20220218,20220218,112729000,11:27:29,14275,130979,253852,18506464850,6,-4,856750
ru2205,20220218,20220218,112729500,11:27:29,14275,130982,253852,18506893100,3,0,428250
ru2205,20220218,20220218,112730000,11:27:30,14275,130982,253852,18506893100,0,0,0
ru2205,20220218,20220218,112730500,11:27:31,14280,130988,253849,18507749900,6,-3,856800
ru2205,20220218,20220218,112731000,11:27:32,14275,130989,253849,18507892650,1,0,142750
ru2205,20220218,20220218,112731500,11:27:35,14280,130990,253849,18508035450,1,0,142800
ru2205,20220218,20220218,112732000,11:27:35,14275,130992,253849,18508320950,2,0,285500
ru2205,20220218,20220218,112732500,11:27:36,14280,130998,253850,18509177750,6,1,856800
ru2205,20220218,20220218,112735500,11:27:36,14275,131102,253880,18524024500,104,30,14846750
ru2205,20220218,20220218,112736000,11:27:37,14275,131108,253880,18524880950,6,0,856450
ru2205,20220218,20220218,112736500,11:27:37,14275,131109,253880,18525023700,1,0,142750
ru2205,20220218,20220218,112737000,11:27:38,14275,131109,253880,18525023700,0,0,0
ru2205,20220218,20220218,112737500,11:27:38,14275,131109,253880,18525023700,0,0,0
ru2205,20220218,20220218,112738000,11:27:38,14270,131110,253879,18525166400,1,-1,142700
ru2205,20220218,20220218,112738500,11:27:39,14270,131111,253878,18525309100,1,-1,142700
ru2205,20220218,20220218,112739000,11:27:39,14275,131115,253879,18525880100,4,1,571000
ru2205,20220218,20220218,112739500,11:27:39,14270,131117,253877,18526165500,2,-2,285400
ru2205,20220218,20220218,112740000,11:27:40,14270,131117,253877,18526165500,0,0,0
ru2205,20220218,20220218,112740500,11:27:40,14275,131118,253878,18526308250,1,1,142750
ru2205,20220218,20220218,112741000,11:27:41,14270,131119,253877,18526450950,1,-1,142700
ru2205,20220218,20220218,112741500,11:27:41,14275,131121,253877,18526736450,2,0,285500
ru2205,20220218,20220218,112742000,11:27:42,14275,131121,253877,18526736450,0,0,0
ru2205,20220218,20220218,112742500,11:27:43,14270,131122,253876,18526879150,1,-1,142700
ru2205,20220218,20220218,112743000,11:27:43,14270,131122,253876,18526879150,0,0,0
ru2205,20220218,20220218,112743500,11:27:43,14270,131253,253922,18545572850,131,46,18693700
ru2205,20220218,20220218,112744000,11:27:44,14270,131253,253922,18545572850,0,0,0
ru2205,20220218,20220218,112744500,11:27:45,14270,131274,253928,18548569550,21,6,2996700
ru2205,20220218,20220218,112745000,11:27:45,14265,131278,253928,18549140300,4,0,570750
ru2205,20220218,20220218,112745500,11:27:46,14270,131284,253923,18549996400,6,-5,856100
ru2205,20220218,20220218,112746000,11:27:46,14270,131284,253923,18549996400,0,0,0
ru2205,20220218,20220218,112746500,11:27:47,14270,131285,253923,18550139100,1,0,142700
ru2205,20220218,20220218,112747000,11:27:47,14270,131285,253923,18550139100,0,0,0
ru2205,20220218,20220218,112747500,11:27:47,14265,131291,253922,18550995100,6,-1,856000
ru2205,20220218,20220218,112748000,11:27:49,14265,131291,253922,18550995100,0,0,0
ru2205,20220218,20220218,112748500,11:27:54,14265,131291,253922,18550995100,0,0,0
ru2205,20220218,20220218,112749000,11:27:54,14265,131293,253922,18551280400,2,0,285300
ru2205,20220218,20220218,112749500,11:27:54,14265,131300,253922,18552279250,7,0,998850
ru2205,20220218,20220218,112754000,11:27:54,14265,131300,253922,18552279250,0,0,0
ru2205,20220218,20220218,112754500,11:27:54,14270,131411,253919,18568119100,111,-3,15839850
ru2205,20220218,20220218,112755000,11:27:55,14270,131411,253919,18568119100,0,0,0
ru2205,20220218,20220218,112755500,11:27:55,14270,131411,253919,18568119100,0,0,0
ru2205,20220218,20220218,112756000,11:27:56,14270,131414,253920,18568547200,3,1,428100
ru2205,20220218,20220218,112756500,11:27:56,14270,131414,253920,18568547200,0,0,0
ru2205,20220218,20220218,112757000,11:27:57,14270,131457,253934,18574683300,43,14,6136100
ru2205,20220218,20220218,112757500,11:27:57,14270,131459,253933,18574968700,2,-1,285400
ru2205,20220218,20220218,112758000,11:27:58,14270,131468,253925,18576253000,9,-8,1284300
ru2205,20220218,20220218,112758500,11:27:59,14270,131483,253921,18578393500,15,-4,2140500
ru2205,20220218,20220218,112759000,11:27:59,14270,131492,253915,18579677700,9,-6,1284200
ru2205,20220218,20220218,112759500,11:27:59,14270,131493,253914,18579820400,1,-1,142700
ru2205,20220218,20220218,112800000,11:28:00,14270,131497,253911,18580391200,4,-3,570800
ru2205,20220218,20220218,112800500,11:28:01,14270,131507,253905,18581818200,10,-6,1427000
ru2205,20220218,20220218,112801000,11:28:01,14270,131526,253900,18584529650,19,-5,2711450
ru2205,20220218,20220218,112801500,11:28:02,14270,131565,253885,18590095150,39,-15,5565500
ru2205,20220218,20220218,112802000,11:28:03,14265,131578,253882,18591950000,13,-3,1854850
ru2205,20220218,20220218,112802500,11:28:03,14270,131585,253880,18592948900,7,-2,998900
ru2205,20220218,20220218,112803000,11:28:04,14270,131585,253880,18592948900,0,0,0
ru2205,20220218,20220218,112803500,11:28:04,14270,131586,253879,18593091600,1,-1,142700
ru2205,20220218,20220218,112804000,11:28:04,14270,131586,253879,18593091600,0,0,0
ru2205,20220218,20220218,112804500,11:28:05,14270,131586,253879,18593091600,0,0,0
ru2205,20220218,20220218,112805000,11:28:06,14275,131588,253878,18593377050,2,-1,285450
ru2205,20220218,20220218,112805500,11:28:06,14270,131589,253877,18593519750,1,-1,142700
ru2205,20220218,20220218,112806000,11:28:10,14275,131593,253881,18594090750,4,4,571000
ru2205,20220218,20220218,112806500,11:28:10,14275,131690,253950,18607937500,97,69,13846750
ru2205,20220218,20220218,112807000,11:28:10,14280,131691,253951,18608080300,1,1,142800
ru2205,20220218,20220218,112807500,11:28:10,14280,131693,253950,18608365900,2,-1,285600
ru2205,20220218,20220218,112810000,11:28:11,14280,131706,253950,18610221800,13,0,1855900
ru2205,20220218,20220218,112810500,11:28:11,14280,131707,253950,18610364600,1,0,142800
ru2205,20220218,20220218,112811000,11:28:12,14280,131708,253951,18610507400,1,1,142800
ru2205,20220218,20220218,112811500,11:28:12,14275,131710,253953,18610792900,2,2,285500
ru2205,20220218,20220218,112812000,11:28:13,14280,131734,253955,18614220000,24,2,3427100
ru2205,20220218,20220218,112812500,11:28:13,14280,131815,253970,18625786850,81,15,11566850
ru2205,20220218,20220218,112813000,11:28:13,14280,131911,253922,18639493600,96,-48,13706750
ru2205,20220218,20220218,112813500,11:28:14,14280,131941,253917,18643777900,30,-5,4284300
ru2205,20220218,20220218,112814000,11:28:14,14280,131941,253917,18643777900,0,0,0
ru2205,20220218,20220218,112814500,11:28:14,14280,131943,253917,18644063550,2,0,285650
ru2205,20220218,20220218,112815000,11:28:15,14285,131949,253913,18644920600,6,-4,857050
ru2205,20220218,20220218,112815500,11:28:15,14285,131961,253905,18646634400,12,-8,1713800
ru2205,20220218,20220218,112816000,11:28:16,14285,131972,253903,18648205350,11,-2,1570950
ru2205,20220218,20220218,112816500,11:28:16,14280,131977,253904,18648919350,5,1,714000
ru2205,20220218,20220218,112817000,11:28:17,14280,131979,253903,18649204950,2,-1,285600
ru2205,20220218,20220218,112817500,11:28:17,14280,131980,253903,18649347750,1,0,142800
ru2205,20220218,20220218,112818000,11:28:18,14280,131980,253903,18649347750,0,0,0
ru2205,20220218,20220218,112818500,11:28:18,14280,131980,253903,18649347750,0,0,0
ru2205,20220218,20220218,112819000,11:28:19,14280,131985,253899,18650061850,5,-4,714100
ru2205,20220218,20220218,112819500,11:28:19,14285,131988,253897,18650490350,3,-2,428500
ru2205,20220218,20220218,112820000,11:28:20,14280,131990,253896,18650776000,2,-1,285650
ru2205,20220218,20220218,112820500,11:28:20,14285,131991,253895,18650918850,1,-1,142850
ru2205,20220218,20220218,112821000,11:28:21,14280,131993,253893,18651204500,2,-2,285650
ru2205,20220218,20220218,112821500,11:28:22,14285,131997,253891,18651775850,4,-2,571350
ru2205,20220218,20220218,112822000,11:28:22,14285,132001,253889,18652347200,4,-2,571350
ru2205,20220218,20220218,112822500,11:28:22,14285,132008,253888,18653347150,7,-1,999950
ru2205,20220218,20220218,112823000,11:28:23,14285,132009,253887,18653490000,1,-1,142850
ru2205,20220218,20220218,112823500,11:28:23,14285,132013,253884,18654061350,4,-3,571350
ru2205,20220218,20220218,112824000,11:28:24,14285,132014,253883,18654204200,1,-1,142850
ru2205,20220218,20220218,112824500,11:28:24,14285,132016,253882,18654489900,2,-1,285700
ru2205,20220218,20220218,112825000,11:28:25,14285,132021,253879,18655204100,5,-3,714200
ru2205,20220218,20220218,112825500,11:28:25,14285,132028,253878,18656203800,7,-1,999700
ru2205,20220218,20220218,112826000,11:28:26,14285,132029,253878,18656346650,1,0,142850
ru2205,20220218,20220218,112826500,11:28:26,14285,132030,253877,18656489500,1,-1,142850
ru2205,20220218,20220218,112827000,11:28:27,14285,132034,253874,18657060850,4,-3,571350
ru2205,20220218,20220218,112827500,11:28:27,14280,132039,253869,18657774900,5,-5,714050
ru2205,20220218,20220218,112828000,11:28:28,14280,132044,253868,18658489100,5,-1,714200
ru2205,20220218,20220218,112828500,11:28:28,14285,132050,253864,18659346150,6,-4,857050
ru2205,20220218,20220218,112829000,11:28:29,14280,132153,253788,18674054550,103,-76,14708400
ru2205,20220218,20220218,112829500,11:28:29,14280,132153,253788,18674054550,0,0,0
ru2205,20220218,20220218,112830000,11:28:30,14280,132155,253787,18674340150,2,-1,285600
ru2205,20220218,20220218,112830500,11:28:31,14280,132155,253787,18674340150,0,0,0
ru2205,20220218,20220218,112831000,11:28:31,14280,132156,253787,18674482950,1,0,142800
ru2205,20220218,20220218,112831500,11:28:31,14280,132158,253787,18674768550,2,0,285600
ru2205,20220218,20220218,112832000,11:28:32,14280,132158,253787,18674768550,0,0,0
ru2205,20220218,20220218,112832500,11:28:33,14280,132161,253788,18675196900,3,1,428350
ru2205,20220218,20220218,112833000,11:28:33,14275,132173,253788,18676910000,12,0,1713100
ru2205,20220218,20220218,112833500,11:28:33,14275,132177,253789,18677481150,4,1,571150
ru2205,20220218,20220218,112834000,11:28:34,14280,132185,253789,18678623550,8,0,1142400
ru2205,20220218,20220218,112834500,11:28:34,14280,132185,253789,18678623550,0,0,0
ru2205,20220218,20220218,112835000,11:28:35,14280,132186,253790,18678766350,1,1,142800
ru2205,20220218,20220218,112835500,11:28:35,14280,132188,253791,18679051950,2,1,285600
ru2205,20220218,20220218,112836000,11:28:37,14275,132282,253833,18692470500,94,42,13418550
ru2205,20220218,20220218,112836500,11:28:37,14275,132295,253828,18694326250,13,-5,1855750
ru2205,20220218,20220218,112837000,11:28:37,14275,132316,253830,18697324450,21,2,2998200
ru2205,20220218,20220218,112837500,11:28:37,14275,132322,253832,18698181050,6,2,856600
ru2205,20220218,20220218,112838000,11:28:38,14275,132322,253832,18698181050,0,0,0
ru2205,20220218,20220218,112838500,11:28:38,14275,132322,253832,18698181050,0,0,0
ru2205,20220218,20220218,112839000,11:28:40,14275,132324,253833,18698466600,2,1,285550
ru2205,20220218,20220218,112839500,11:28:40,14275,132324,253833,18698466600,0,0,0
ru2205,20220218,20220218,112840000,11:28:40,14280,132325,253834,18698609400,1,1,142800
ru2205,20220218,20220218,112840500,11:28:40,14280,132335,253829,18700037150,10,-5,1427750
ru2205,20220218,20220218,112841000,11:28:41,14275,132337,253830,18700322650,2,1,285500
ru2205,20220218,20220218,112841500,11:28:41,14275,132338,253831,18700465400,1,1,142750
ru2205,20220218,20220218,112842000,11:28:42,14275,132338,253831,18700465400,0,0,0
ru2205,20220218,20220218,112842500,11:28:42,14280,132339,253831,18700608200,1,0,142800
ru2205,20220218,20220218,112843000,11:28:43,14280,132339,253831,18700608200,0,0,0
ru2205,20220218,20220218,112843500,11:28:44,14275,132341,253832,18700893750,2,1,285550
ru2205,20220218,20220218,112844000,11:28:44,14275,132343,253833,18701179250,2,1,285500
ru2205,20220218,20220218,112844500,11:28:44,14280,132345,253835,18701464850,2,2,285600
ru2205,20220218,20220218,112845000,11:28:45,14275,132347,253835,18701750350,2,0,285500
ru2205,20220218,20220218,112845500,11:28:46,14275,132348,253834,18701893100,1,-1,142750
ru2205,20220218,20220218,112846000,11:28:46,14275,132348,253834,18701893100,0,0,0
ru2205,20220218,20220218,112846500,11:28:46,14275,132348,253834,18701893100,0,0,0
ru2205,20220218,20220218,112847000,11:28:47,14275,132350,253832,18702178600,2,-2,285500
ru2205,20220218,20220218,112847500,11:28:48,14280,132351,253833,18702321400,1,1,142800
ru2205,20220218,20220218,112848000,11:28:48,14280,132351,253833,18702321400,0,0,0
ru2205,20220218,20220218,112848500,11:28:48,14280,132352,253834,18702464200,1,1,142800
ru2205,20220218,20220218,112849000,11:28:49,14280,132354,253834,18702749800,2,0,285600
ru2205,20220218,20220218,112849500,11:28:50,14280,132355,253833,18702892600,1,-1,142800
ru2205,20220218,20220218,112850000,11:28:50,14275,132356,253832,18703035350,1,-1,142750
ru2205,20220218,20220218,112850500,11:28:50,14275,132358,253831,18703320850,2,-1,285500
ru2205,20220218,20220218,112851000,11:28:51,14280,132359,253831,18703463650,1,0,142800
ru2205,20220218,20220218,112851500,11:28:51,14275,132364,253829,18704177500,5,-2,713850
ru2205,20220218,20220218,112852000,11:28:52,14280,132367,253827,18704605850,3,-2,428350
ru2205,20220218,20220218,112852500,11:28:53,14280,132374,253822,18705605200,7,-5,999350
ru2205,20220218,20220218,112853000,11:28:54,14280,132374,253822,18705605200,0,0,0
ru2205,20220218,20220218,112853500,11:28:54,14280,132375,253821,18705748000,1,-1,142800
ru2205,20220218,20220218,112854000,11:28:54,14275,132377,253819,18706033500,2,-2,285500
ru2205,20220218,20220218,112854500,11:28:54,14275,132426,253800,18713028250,49,-19,6994750
ru2205,20220218,20220218,112855000,11:28:55,14270,132428,253798,18713313700,2,-2,285450
ru2205,20220218,20220218,112855500,11:28:55,14275,132440,253796,18715026650,12,-2,1712950
ru2205,20220218,20220218,112856000,11:28:56,14275,132441,253795,18715169400,1,-1,142750
ru2205,20220218,20220218,112856500,11:28:56,14275,132461,253775,18718024400,20,-20,2855000
ru2205,20220218,20220218,112857000,11:28:57,14275,132503,253783,18724019900,42,8,5995500
ru2205,20220218,20220218,112857500,11:28:58,14280,132525,253771,18727160450,22,-12,3140550
ru2205,20220218,20220218,112858000,11:28:58,14275,132539,253771,18729158900,14,0,1998450
ru2205,20220218,20220218,112858500,11:28:59,14275,132551,253768,18730871900,12,-3,1713000
ru2205,20220218,20220218,112859000,11:28:59,14275,132553,253766,18731157400,2,-2,285500
ru2205,20220218,20220218,112859500,11:29:00,14275,132556,253766,18731585550,3,0,428150
ru2205,20220218,20220218,112900000,11:29:00,14270,132558,253766,18731870950,2,0,285400
ru2205,20220218,20220218,112900500,11:29:01,14275,132565,253767,18732870200,7,1,999250
ru2205,20220218,20220218,112901000,11:29:01,14275,132566,253767,18733012950,1,0,142750
ru2205,20220218,20220218,112901500,11:29:01,14275,132588,253756,18736152750,22,-11,3139800
ru2205,20220218,20220218,112902000,11:29:02,14275,132590,253755,18736438200,2,-1,285450
ru2205,20220218,20220218,112902500,11:29:03,14275,132590,253755,18736438200,0,0,0
ru2205,20220218,20220218,112903000,11:29:03,14275,132596,253758,18737294650,6,3,856450
ru2205,20220218,20220218,112903500,11:29:04,14275,132598,253759,18737580150,2,1,285500
ru2205,20220218,20220218,112904000,11:29:04,14275,132599,253760,18737722900,1,1,142750
ru2205,20220218,20220218,112904500,11:29:04,14275,132603,253759,18738293750,4,-1,570850
ru2205,20220218,20220218,112905000,11:29:05,14275,132608,253759,18739007500,5,0,713750
ru2205,20220218,20220218,112905500,11:29:06,14270,132610,253760,18739292950,2,1,285450
ru2205,20220218,20220218,112906000,11:29:06,14270,132610,253760,18739292950,0,0,0
ru2205,20220218,20220218,112906500,11:29:06,14270,132621,253749,18740862650,11,-11,1569700
ru2205,20220218,20220218,112907000,11:29:07,14270,132623,253750,18741148100,2,1,285450
ru2205,20220218,20220218,112907500,11:29:08,14270,132623,253750,18741148100,0,0,0
ru2205,20220218,20220218,112908000,11:29:08,14270,132623,253750,18741148100,0,0,0
ru2205,20220218,20220218,112908500,11:29:08,14270,132629,253751,18742004300,6,1,856200
ru2205,20220218,20220218,112909000,11:29:09,14275,132632,253751,18742432450,3,0,428150
ru2205,20220218,20220218,112909500,11:29:09,14275,132632,253751,18742432450,0,0,0
ru2205,20220218,20220218,112910000,11:29:10,14270,132634,253750,18742717850,2,-1,285400
ru2205,20220218,20220218,112910500,11:29:10,14275,132642,253747,18743859800,8,-3,1141950
ru2205,20220218,20220218,112911000,11:29:11,14275,132642,253747,18743859800,0,0,0
ru2205,20220218,20220218,112911500,11:29:12,14270,132653,253740,18745429550,11,-7,1569750
ru2205,20220218,20220218,112912000,11:29:12,14275,132668,253747,18747570650,15,7,2141100
ru2205,20220218,20220218,112912500,11:29:12,14275,132668,253747,18747570650,0,0,0
ru2205,20220218,20220218,112913000,11:29:13,14270,132675,253744,18748569650,7,-3,999000
ru2205,20220218,20220218,112913500,11:29:14,14270,132678,253743,18748997800,3,-1,428150
ru2205,20220218,20220218,112914000,11:29:14,14270,132678,253743,18748997800,0,0,0
ru2205,20220218,20220218,112914500,11:29:15,14275,132683,253738,18749711550,5,-5,713750
ru2205,20220218,20220218,112915000,11:29:15,14270,132696,253736,18751567250,13,-2,1855700
ru2205,20220218,20220218,112915500,11:29:16,14275,132698,253735,18751852750,2,-1,285500
ru2205,20220218,20220218,112916000,11:29:16,14270,132702,253733,18752423600,4,-2,570850
ru2205,20220218,20220218,112916500,11:29:17,14270,132714,253734,18754136550,12,1,1712950
ru2205,20220218,20220218,112917000,11:29:20,14275,132716,253733,18754422050,2,-1,285500
ru2205,20220218,20220218,112917500,11:29:20,14270,132729,253731,18756277250,13,-2,1855200
ru2205,20220218,20220218,112918000,11:29:21,14270,132736,253725,18757276450,7,-6,999200
ru2205,20220218,20220218,112920500,11:29:22,14270,132767,253724,18761700550,31,-1,4424100
ru2205,20220218,20220218,112921000,11:29:22,14270,132779,253720,18763412950,12,-4,1712400
ru2205,20220218,20220218,112921500,11:29:23,14275,132780,253720,18763555700,1,0,142750
ru2205,20220218,20220218,112922000,11:29:24,14275,132781,253720,18763698450,1,0,142750
ru2205,20220218,20220218,112922500,11:29:24,14270,132785,253720,18764269250,4,0,570800
ru2205,20220218,20220218,112923000,11:29:24,14270,132785,253720,18764269250,0,0,0
ru2205,20220218,20220218,112924000,11:29:24,14270,132785,253720,18764269250,0,0,0
ru2205,20220218,20220218,112924500,11:29:24,14270,132785,253720,18764269250,0,0,0
ru2205,20220218,20220218,112925000,11:29:25,14270,132785,253720,18764269250,0,0,0
ru2205,20220218,20220218,112925500,11:29:25,14270,132785,253720,18764269250,0,0,0
ru2205,20220218,20220218,112926000,11:29:26,14270,132790,253720,18764982800,5,0,713550
ru2205,20220218,20220218,112926500,11:29:26,14270,132792,253722,18765268200,2,2,285400
ru2205,20220218,20220218,112927000,11:29:27,14275,132793,253722,18765410950,1,0,142750
ru2205,20220218,20220218,112927500,11:29:27,14270,132797,253721,18765981800,4,-1,570850
ru2205,20220218,20220218,112928000,11:29:28,14270,132800,253721,18766409900,3,0,428100
ru2205,20220218,20220218,112928500,11:29:28,14270,132806,253725,18767266150,6,4,856250
ru2205,20220218,20220218,112929000,11:29:29,14270,132806,253725,18767266150,0,0,0
ru2205,20220218,20220218,112929500,11:29:29,14270,132809,253726,18767694300,3,1,428150
ru2205,20220218,20220218,112930000,11:29:30,14275,132812,253727,18768122550,3,1,428250
ru2205,20220218,20220218,112930500,11:29:30,14270,132820,253730,18769264150,8,3,1141600
ru2205,20220218,20220218,112931000,11:29:32,14270,132821,253731,18769406850,1,1,142700
ru2205,20220218,20220218,112931500,11:29:32,14270,132835,253722,18771404850,14,-9,1998000
ru2205,20220218,20220218,112932000,11:29:32,14275,132838,253721,18771833050,3,-1,428200
ru2205,20220218,20220218,112932500,11:29:36,14275,132838,253721,18771833050,0,0,0
ru2205,20220218,20220218,112933000,11:29:37,14270,132839,253720,18771975750,1,-1,142700
ru2205,20220218,20220218,112933500,11:29:37,14270,132842,253719,18772403950,3,-1,428200
ru2205,20220218,20220218,112936500,11:29:38,14270,132907,253685,18781680050,65,-34,9276100
ru2205,20220218,20220218,112937000,11:29:38,14275,132921,253679,18783678500,14,-6,1998450
ru2205,20220218,20220218,112937500,11:29:38,14270,132923,253677,18783963950,2,-2,285450
ru2205,20220218,20220218,112938000,11:29:38,14275,132930,253677,18784963150,7,0,999200
ru2205,20220218,20220218,112938500,11:29:39,14270,132932,253676,18785248550,2,-1,285400
ru2205,20220218,20220218,112939000,11:29:39,14275,132935,253675,18785676800,3,-1,428250
ru2205,20220218,20220218,112939500,11:29:39,14270,132950,253674,18787817750,15,-1,2140950
ru2205,20220218,20220218,112940000,11:29:40,14270,132954,253673,18788388550,4,-1,570800
ru2205,20220218,20220218,112940500,11:29:40,14275,132960,253672,18789245050,6,-1,856500
ru2205,20220218,20220218,112941000,11:29:41,14275,132961,253672,18789387800,1,0,142750
ru2205,20220218,20220218,112941500,11:29:42,14270,132963,253671,18789673200,2,-1,285400
ru2205,20220218,20220218,112942000,11:29:42,14270,132965,253669,18789958600,2,-2,285400
ru2205,20220218,20220218,112942500,11:29:44,14270,132965,253669,18789958600,0,0,0
ru2205,20220218,20220218,112943000,11:29:45,14270,132968,253666,18790386700,3,-3,428100
ru2205,20220218,20220218,112943500,11:29:45,14270,132972,253662,18790957500,4,-4,570800
ru2205,20220218,20220218,112944000,11:29:45,14275,132973,253661,18791100250,1,-1,142750
ru2205,20220218,20220218,112944500,11:29:46,14270,132974,253661,18791242950,1,0,142700
ru2205,20220218,20220218,112945000,11:29:46,14270,132974,253661,18791242950,0,0,0
ru2205,20220218,20220218,112945500,11:29:46,14270,132974,253661,18791242950,0,0,0
ru2205,20220218,20220218,112946000,11:29:46,14275,133005,253631,18795668150,31,-30,4425200
ru2205,20220218,20220218,112946500,11:29:47,14275,133015,253621,18797095650,10,-10,1427500
ru2205,20220218,20220218,112947000,11:29:47,14270,133017,253622,18797381050,2,1,285400
ru2205,20220218,20220218,112947500,11:29:48,14270,133041,253622,18800806900,24,0,3425850
ru2205,20220218,20220218,112948000,11:29:48,14275,133045,253622,18801377900,4,0,571000
ru2205,20220218,20220218,112948500,11:29:49,14275,133049,253620,18801948850,4,-2,570950
ru2205,20220218,20220218,112949000,11:29:50,14275,133050,253620,18802091600,1,0,142750
ru2205,20220218,20220218,112949500,11:29:50,14275,133051,253619,18802234350,1,-1,142750
ru2205,20220218,20220218,112950000,11:29:51,14275,133056,253617,18802947950,5,-2,713600
ru2205,20220218,20220218,112950500,11:29:51,14275,133061,253612,18803661700,5,-5,713750
ru2205,20220218,20220218,112951500,11:29:52,14275,133061,253612,18803661700,0,0,0
ru2205,20220218,20220218,112952000,11:29:52,14270,133072,253606,18805231700,11,-6,1570000
ru2205,20220218,20220218,112952500,11:29:53,14270,133089,253597,18807657650,17,-9,2425950
ru2205,20220218,20220218,112953000,11:29:53,14275,133099,253596,18809084700,10,-1,1427050
ru2205,20220218,20220218,112953500,11:29:54,14270,133120,253582,18812081400,21,-14,2996700
ru2205,20220218,20220218,112954000,11:29:54,14275,133134,253569,18814079800,14,-13,1998400
ru2205,20220218,20220218,112954500,11:29:54,14270,133146,253558,18815792250,12,-11,1712450
ru2205,20220218,20220218,112955000,11:29:55,14270,133160,253544,18817790700,14,-14,1998450
ru2205,20220218,20220218,112955500,11:29:55,14275,133166,253542,18818647100,6,-2,856400
ru2205,20220218,20220218,112956000,11:29:56,14275,133180,253528,18820645600,14,-14,1998500
ru2205,20220218,20220218,112956500,11:30:00,14275,133190,253521,18822073050,10,-7,1427450
ru2205,20220218,20220218,112957000,11:30:00,14275,133213,253515,18825356300,23,-6,3283250
ru2205,20220218,20220218,112957500,11:30:02,14275,133249,253506,18830495150,36,-9,5138850
ru2205,20220218,20220218,112959500,11:30:02,14275,133249,253506,18830495150,0,0,0
ru2205,20220218,20220218,113000000,11:30:03,14275,133342,253485,18843772800,93,-21,13277650
ru2205,20220218,20220218,113001000,11:30:03,14270,133350,253483,18844914550,8,-2,1141750
ru2205,20220218,20220218,113001500,11:30:03,14270,133350,253483,18844914550,0,0,0
ru2205,20220218,20220218,133002000,13:30:08,14265,133874,253527,18919669500,524,44,74754950
ru2205,20220218,20220218,133002500,13:30:09,14265,133922,253526,18926516550,48,-1,6847050
ru2205,20220218,20220218,133008500,13:30:10,14260,134333,253413,18985144750,411,-113,58628200
ru2205,20220218,20220218,133009500,13:30:11,14255,134616,253363,19025486150,283,-50,40341400
ru2205,20220218,20220218,133010000,13:30:11,14255,134628,253362,19027196600,12,-1,1710450
ru2205,20220218,20220218,133010500,13:30:11,14255,134675,253375,19033896600,47,13,6700000
ru2205,20220218,20220218,133011000,13:30:12,14260,134784,253390,19049441350,109,15,15544750
ru2205,20220218,20220218,133011500,13:30:13,14260,134793,253391,19050724750,9,1,1283400
ru2205,20220218,20220218,133012500,13:30:13,14260,134797,253391,19051295150,4,0,570400
ru2205,20220218,20220218,133013000,13:30:13,14260,134808,253388,19052863800,11,-3,1568650
ru2205,20220218,20220218,133013500,13:30:14,14260,134823,253379,19055002800,15,-9,2139000
ru2205,20220218,20220218,133014000,13:30:15,14260,134834,253374,19056571450,11,-5,1568650
ru2205,20220218,20220218,133014500,13:30:16,14260,134855,253359,19059566050,21,-15,2994600
ru2205,20220218,20220218,133015000,13:30:17,14260,134882,253335,19063416250,27,-24,3850200
ru2205,20220218,20220218,133016500,13:30:18,14255,134889,253333,19064414300,7,-2,998050
ru2205,20220218,20220218,133017000,13:30:18,14260,134890,253333,19064556900,1,0,142600
ru2205,20220218,20220218,133017500,13:30:19,14260,134892,253333,19064842050,2,0,285150
ru2205,20220218,20220218,133018000,13:30:19,14260,134894,253332,19065127250,2,-1,285200
ru2205,20220218,20220218,133018500,13:30:20,14260,134895,253332,19065269850,1,0,142600
ru2205,20220218,20220218,133019000,13:30:20,14260,134908,253325,19067123050,13,-7,1853200
ru2205,20220218,20220218,133019500,13:30:20,14255,134910,253324,19067408200,2,-1,285150
ru2205,20220218,20220218,133020000,13:30:21,14255,134915,253324,19068120950,5,0,712750
ru2205,20220218,20220218,133020500,13:30:21,14255,134923,253323,19069261350,8,-1,1140400
ru2205,20220218,20220218,133021000,13:30:21,14260,134930,253326,19070259300,7,3,997950
ru2205,20220218,20220218,133021500,13:30:22,14255,134941,253318,19071827350,11,-8,1568050
ru2205,20220218,20220218,133022000,13:30:38,14260,134966,253320,19075392150,25,2,3564800
ru2205,20220218,20220218,133022500,13:30:38,14260,135001,253311,19080382900,35,-9,4990750
ru2205,20220218,20220218,133023000,13:30:38,14260,135002,253311,19080525500,1,0,142600
ru2205,20220218,20220218,133038000,13:30:41,14255,135120,253272,19097348850,118,-39,16823350
ru2205,20220218,20220218,133038500,13:30:41,14255,135121,253272,19097491400,1,0,142550
ru2205,20220218,20220218,133040500,13:30:43,14255,135164,253279,19103621300,43,7,6129900
ru2205,20220218,20220218,133041000,13:30:43,14255,135175,253278,19105189350,11,-1,1568050
ru2205,20220218,20220218,133041500,13:30:43,14255,135211,253273,19110321100,36,-5,5131750
ru2205,20220218,20220218,133042500,13:30:44,14255,135240,253277,19114455000,29,4,4133900
ru2205,20220218,20220218,133043000,13:30:44,14255,135267,253283,19118303850,27,6,3848850
ru2205,20220218,20220218,133044500,13:30:46,14255,135267,253283,19118303850,0,0,0
ru2205,20220218,20220218,133045000,13:30:46,14255,135301,253279,19123150550,34,-4,4846700
ru2205,20220218,20220218,133045500,13:30:46,14255,135307,253278,19124005900,6,-1,855350
ru2205,20220218,20220218,133046000,13:30:47,14255,135341,253269,19128852600,34,-9,4846700
ru2205,20220218,20220218,133046500,13:30:47,14250,135358,253270,19131275100,17,1,2422500
ru2205,20220218,20220218,133047000,13:30:47,14255,135382,253279,19134695200,24,9,3420100
ru2205,20220218,20220218,133047500,13:30:48,14250,135384,253278,19134980250,2,-1,285050
ru2205,20220218,20220218,133048000,13:30:48,14255,135385,253277,19135122800,1,-1,142550
ru2205,20220218,20220218,133048500,13:30:49,14250,135405,253276,19137972800,20,-1,2850000
ru2205,20220218,20220218,133049000,13:30:49,14250,135412,253277,19138970500,7,1,997700
ru2205,20220218,20220218,133049500,13:30:50,14255,135519,253284,19154223350,107,7,15252850
ru2205,20220218,20220218,133050000,13:30:50,14255,135519,253284,19154223350,0,0,0
ru2205,20220218,20220218,133050500,13:30:51,14255,135524,253280,19154936100,5,-4,712750
ru2205,20220218,20220218,133051000,13:30:52,14255,135525,253279,19155078650,1,-1,142550
ru2205,20220218,20220218,133051500,13:30:52,14255,135530,253275,19155791550,5,-4,712900
ru2205,20220218,20220218,133052000,13:30:53,14255,135533,253274,19156219200,3,-1,427650
ru2205,20220218,20220218,133052500,13:30:53,14260,135537,253273,19156789600,4,-1,570400
ru2205,20220218,20220218,133053000,13:30:54,14255,135541,253272,19157359800,4,-1,570200
ru2205,20220218,20220218,133053500,13:30:54,14255,135542,253272,19157502350,1,0,142550
ru2205,20220218,20220218,133054000,13:30:54,14255,135546,253272,19158072550,4,0,570200
ru2205,20220218,20220218,133054500,13:30:55,14255,135546,253272,19158072550,0,0,0
ru2205,20220218,20220218,133055000,13:30:55,14260,135554,253274,19159213000,8,2,1140450
ru2205,20220218,20220218,133055500,13:30:56,14255,135560,253274,19160068300,6,0,855300
ru2205,20220218,20220218,133056000,13:30:57,14255,135560,253274,19160068300,0,0,0
ru2205,20220218,20220218,133056500,13:30:57,14255,135600,253243,19165770300,40,-31,5702000
ru2205,20220218,20220218,133057000,13:30:57,14260,135601,253243,19165912900,1,0,142600
ru2205,20220218,20220218,133057500,13:30:58,14255,135616,253242,19168051850,15,-1,2138950
ru2205,20220218,20220218,133058000,13:30:58,14255,135616,253242,19168051850,0,0,0
ru2205,20220218,20220218,133058500,13:30:59,14255,135618,253242,19168336950,2,0,285100
ru2205,20220218,20220218,133059000,13:30:59,14255,135618,253242,19168336950,0,0,0
ru2205,20220218,20220218,133059500,13:31:00,14255,135619,253241,19168479500,1,-1,142550
ru2205,20220218,20220218,133100000,13:31:00,14255,135634,253239,19170617950,15,-2,2138450
ru2205,20220218,20220218,133100500,13:31:00,14255,135635,253238,19170760500,1,-1,142550
ru2205,20220218,20220218,133101000,13:31:01,14260,135636,253239,19170903100,1,1,142600
ru2205,20220218,20220218,133101500,13:31:01,14260,135639,253236,19171330850,3,-3,427750
ru2205,20220218,20220218,133102000,13:31:02,14255,135641,253234,19171615950,2,-2,285100
ru2205,20220218,20220218,133102500,13:31:02,14255,135661,253233,19174467350,20,-1,2851400
ru2205,20220218,20220218,133103000,13:31:03,14260,135742,253258,19186017950,81,25,11550600
ru2205,20220218,20220218,133103500,13:31:04,14260,135744,253257,19186303200,2,-1,285250
ru2205,20220218,20220218,133104000,13:31:06,14265,135806,253212,19195147500,62,-45,8844300
ru2205,20220218,20220218,133104500,13:31:06,14265,135807,253211,19195290150,1,-1,142650
ru2205,20220218,20220218,133105500,13:31:08,14265,135869,253192,19204134450,62,-19,8844300
ru2205,20220218,20220218,133106000,13:31:08,14265,135884,253189,19206274200,15,-3,2139750
ru2205,20220218,20220218,133107500,13:31:09,14265,135884,253189,19206274200,0,0,0
ru2205,20220218,20220218,133108500,13:31:09,14265,135884,253189,19206274200,0,0,0
ru2205,20220218,20220218,133109000,13:31:09,14265,135888,253187,19206844800,4,-2,570600
ru2205,20220218,20220218,133109500,13:31:10,14265,135921,253188,19211552250,33,1,4707450
ru2205,20220218,20220218,133110000,13:31:11,14265,135921,253188,19211552250,0,0,0
ru2205,20220218,20220218,133110500,13:31:11,14265,135921,253188,19211552250,0,0,0
ru2205,20220218,20220218,133111000,13:31:11,14265,135923,253188,19211837550,2,0,285300
ru2205,20220218,20220218,133111500,13:31:12,14270,135924,253189,19211980250,1,1,142700
ru2205,20220218,20220218,133112000,13:31:12,14270,135924,253189,19211980250,0,0,0
ru2205,20220218,20220218,133112500,13:31:13,14270,135924,253189,19211980250,0,0,0
ru2205,20220218,20220218,133113000,13:31:13,14265,135936,253193,19213692550,12,4,1712300
ru2205,20220218,20220218,133113500,13:31:14,14265,135938,253193,19213977900,2,0,285350
ru2205,20220218,20220218,133114000,13:31:15,14265,135938,253193,19213977900,0,0,0
ru2205,20220218,20220218,133114500,13:31:15,14265,135939,253192,19214120550,1,-1,142650
ru2205,20220218,20220218,133115000,13:31:15,14265,135939,253192,19214120550,0,0,0
ru2205,20220218,20220218,133115500,13:31:15,14270,135992,253223,19221683650,53,31,7563100
ru2205,20220218,20220218,133116000,13:31:16,14270,135995,253224,19222111850,3,1,428200
ru2205,20220218,20220218,133116500,13:31:17,14275,136014,253228,19224824050,19,4,2712200
ru2205,20220218,20220218,133117000,13:31:17,14275,136025,253229,19226394300,11,1,1570250
ru2205,20220218,20220218,133117500,13:31:18,14275,136047,253219,19229534800,22,-10,3140500
ru2205,20220218,20220218,133118000,13:31:18,14275,136085,253228,19234959200,38,9,5424400
ru2205,20220218,20220218,133118500,13:31:19,14275,136085,253228,19234959200,0,0,0
ru2205,20220218,20220218,133119000,13:31:19,14275,136087,253230,19235244700,2,2,285500
ru2205,20220218,20220218,133119500,13:31:20,14275,136087,253230,19235244700,0,0,0
ru2205,20220218,20220218,133120000,13:31:20,14270,136088,253231,19235387400,1,1,142700
ru2205,20220218,20220218,133120500,13:31:21,14275,136089,253232,19235530150,1,1,142750
ru2205,20220218,20220218,133121000,13:31:21,14270,136101,253233,19237242900,12,1,1712750
ru2205,20220218,20220218,133121500,13:31:22,14270,136102,253233,19237385600,1,0,142700
ru2205,20220218,20220218,133122000,13:31:22,14270,136102,253233,19237385600,0,0,0
ru2205,20220218,20220218,133122500,13:31:23,14275,136103,253233,19237528350,1,0,142750
ru2205,20220218,20220218,133123000,13:31:25,14275,136103,253233,19237528350,0,0,0
ru2205,20220218,20220218,133123500,13:31:25,14275,136103,253233,19237528350,0,0,0
ru2205,20220218,20220218,133124000,13:31:25,14275,136104,253233,19237671100,1,0,142750
ru2205,20220218,20220218,133124500,13:31:25,14275,136105,253234,19237813850,1,1,142750
ru2205,20220218,20220218,133156000,13:31:56,14275,136107,253235,19238099350,2,1,285500
ru2205,20220218,20220218,133158000,13:31:58,14275,136120,253243,19239955050,13,8,1855700
ru2205,20220218,20220218,133158500,13:31:58,14270,136123,253244,19240383150,3,1,428100
ru2205,20220218,20220218,133159500,13:32:00,14275,136128,253246,19241096750,5,2,713600
ru2205,20220218,20220218,133200500,13:32:01,14275,136128,253246,19241096750,0,0,0
ru2205,20220218,20220218,133201000,13:32:01,14265,136543,253210,19300316900,415,-36,59220150
ru2205,20220218,20220218,133201500,13:32:01,14265,136543,253210,19300316900,0,0,0
ru2205,20220218,20220218,133202000,13:32:03,14270,136548,253209,19301030350,5,-1,713450
ru2205,20220218,20220218,133202500,13:32:03,14270,136548,253209,19301030350,0,0,0
ru2205,20220218,20220218,133203000,13:32:04,14270,136555,253206,19302029000,7,-3,998650
ru2205,20220218,20220218,133203500,13:32:05,14270,136566,253208,19303598300,11,2,1569300
ru2205,20220218,20220218,133204000,13:32:05,14270,136569,253210,19304026300,3,2,428000
ru2205,20220218,20220218,133205000,13:32:06,14265,136595,253210,19307736050,26,0,3709750
ru2205,20220218,20220218,133205500,13:32:06,14270,136596,253210,19307878750,1,0,142700
ru2205,20220218,20220218,133206000,13:32:06,14270,136598,253210,19308164150,2,0,285400
ru2205,20220218,20220218,133206500,13:32:07,14265,136607,253214,19309448050,9,4,1283900
ru2205,20220218,20220218,133207000,13:32:07,14265,136609,253212,19309733350,2,-2,285300
ru2205,20220218,20220218,133207500,13:32:07,14265,136611,253210,19310018650,2,-2,285300
ru2205,20220218,20220218,133208000,13:32:09,14265,136644,253182,19314726100,33,-28,4707450
ru2205,20220218,20220218,133208500,13:32:10,14265,136648,253180,19315296700,4,-2,570600
ru2205,20220218,20220218,133209000,13:32:10,14265,136684,253193,19320432100,36,13,5135400
ru2205,20220218,20220218,133209500,13:32:10,14270,136701,253200,19322857450,17,7,2425350
ru2205,20220218,20220218,133210000,13:32:10,14265,136717,253195,19325139950,16,-5,2282500
ru2205,20220218,20220218,133210500,13:32:13,14265,136726,253195,19326423700,9,0,1283750
ru2205,20220218,20220218,133211000,13:32:14,14265,136742,253186,19328706300,16,-9,2282600
ru2205,20220218,20220218,133213000,13:32:15,14265,136797,253204,19336552050,55,18,7845750
ru2205,20220218,20220218,133213500,13:32:15,14265,136797,253204,19336552050,0,0,0
ru2205,20220218,20220218,133214000,13:32:15,14265,136799,253205,19336837350,2,1,285300
ru2205,20220218,20220218,133214500,13:32:16,14265,136800,253205,19336980000,1,0,142650
ru2205,20220218,20220218,133215000,13:32:16,14265,136800,253205,19336980000,0,0,0
ru2205,20220218,20220218,133215500,13:32:16,14265,136805,253210,19337693250,5,5,713250
ru2205,20220218,20220218,133216000,13:32:17,14265,136815,253220,19339119750,10,10,1426500
ru2205,20220218,20220218,133216500,13:32:17,14265,136839,253224,19342543350,24,4,3423600
ru2205,20220218,20220218,133217000,13:32:17,14270,136857,253221,19345111100,18,-3,2567750
ru2205,20220218,20220218,133217500,13:32:18,14270,136858,253221,19345253800,1,0,142700
ru2205,20220218,20220218,133218000,13:32:18,14265,136863,253223,19345967250,5,2,713450
ru2205,20220218,20220218,133218500,13:32:18,14265,136878,253219,19348107100,15,-4,2139850
ru2205,20220218,20220218,133219000,13:32:19,14265,136885,253224,19349105950,7,5,998850
ru2205,20220218,20220218,133219500,13:32:20,14265,136889,253225,19349676650,4,1,570700
ru2205,20220218,20220218,133220000,13:32:20,14265,136890,253225,19349819300,1,0,142650
ru2205,20220218,20220218,133220500,13:32:21,14265,136891,253225,19349961950,1,0,142650
ru2205,20220218,20220218,133221000,13:32:21,14265,136891,253225,19349961950,0,0,0
ru2205,20220218,20220218,133221500,13:32:22,14265,136892,253225,19350104600,1,0,142650
ru2205,20220218,20220218,133222000,13:32:22,14265,136894,253225,19350389900,2,0,285300
ru2205,20220218,20220218,133222500,13:32:23,14265,136895,253226,19350532550,1,1,142650
ru2205,20220218,20220218,133223000,13:32:24,14265,136901,253223,19351388450,6,-3,855900
ru2205,20220218,20220218,133223500,13:32:24,14265,136901,253223,19351388450,0,0,0
ru2205,20220218,20220218,133224000,13:32:24,14265,136903,253222,19351673800,2,-1,285350
ru2205,20220218,20220218,133224500,13:32:24,14265,136903,253222,19351673800,0,0,0
ru2205,20220218,20220218,133225000,13:32:25,14265,136904,253221,19351816450,1,-1,142650
ru2205,20220218,20220218,133225500,13:32:25,14265,136906,253219,19352101750,2,-2,285300
ru2205,20220218,20220218,133226000,13:32:27,14265,136908,253218,19352387050,2,-1,285300
ru2205,20220218,20220218,133226500,13:32:27,14265,136910,253217,19352672350,2,-1,285300
ru2205,20220218,20220218,133227000,13:32:27,14265,136910,253217,19352672350,0,0,0
ru2205,20220218,20220218,133227500,13:32:28,14265,136923,253206,19354526800,13,-11,1854450
ru2205,20220218,20220218,133228000,13:32:32,14265,136924,253206,19354669450,1,0,142650
ru2205,20220218,20220218,133228500,13:32:32,14265,136925,253206,19354812100,1,0,142650
ru2205,20220218,20220218,133229000,13:32:33,14270,136928,253204,19355240100,3,-2,428000
ru2205,20220218,20220218,133232000,13:32:35,14270,136928,253204,19355240100,0,0,0
ru2205,20220218,20220218,133232500,13:32:35,14265,136981,253194,19362800500,53,-10,7560400
ru2205,20220218,20220218,133234500,13:32:35,14265,137014,253178,19367508000,33,-16,4707500
ru2205,20220218,20220218,133235000,13:32:36,14265,137055,253200,19373356750,41,22,5848750
ru2205,20220218,20220218,133235500,13:32:36,14265,137055,253200,19373356750,0,0,0
ru2205,20220218,20220218,133236000,13:32:36,14265,137056,253200,19373499400,1,0,142650
ru2205,20220218,20220218,133236500,13:32:37,14265,137058,253198,19373784700,2,-2,285300
ru2205,20220218,20220218,133237000,13:32:37,14265,137060,253197,19374070000,2,-1,285300
ru2205,20220218,20220218,133237500,13:32:37,14265,137061,253196,19374212650,1,-1,142650
ru2205,20220218,20220218,133238000,13:32:38,14265,137068,253201,19375211200,7,5,998550
ru2205,20220218,20220218,133238500,13:32:39,14265,137068,253201,19375211200,0,0,0
ru2205,20220218,20220218,133239000,13:32:39,14265,137069,253200,19375353850,1,-1,142650
ru2205,20220218,20220218,133239500,13:32:40,14265,137074,253199,19376067100,5,-1,713250
ru2205,20220218,20220218,133240000,13:32:40,14265,137088,253189,19378064200,14,-10,1997100
ru2205,20220218,20220218,133240500,13:32:40,14265,137088,253189,19378064200,0,0,0
ru2205,20220218,20220218,133241000,13:32:41,14265,137088,253189,19378064200,0,0,0
ru2205,20220218,20220218,133242000,13:32:42,14260,137089,253188,19378206800,1,-1,142600
ru2205,20220218,20220218,133242500,13:32:42,14265,137091,253190,19378492100,2,2,285300
ru2205,20220218,20220218,133243000,13:32:43,14265,137096,253185,19379205350,5,-5,713250
ru2205,20220218,20220218,133243500,13:32:43,14260,137099,253182,19379633150,3,-3,427800
ru2205,20220218,20220218,133244000,13:32:44,14260,137099,253182,19379633150,0,0,0
ru2205,20220218,20220218,133244500,13:32:45,14265,137101,253182,19379918450,2,0,285300
ru2205,20220218,20220218,133245000,13:32:45,14260,137103,253180,19380203650,2,-2,285200
ru2205,20220218,20220218,133245500,13:32:45,14260,137103,253180,19380203650,0,0,0
ru2205,20220218,20220218,133246000,13:32:47,14265,137109,253179,19381059400,6,-1,855750
ru2205,20220218,20220218,133246500,13:32:47,14265,137111,253179,19381344650,2,0,285250
ru2205,20220218,20220218,133247000,13:32:47,14265,137112,253179,19381487300,1,0,142650
ru2205,20220218,20220218,133247500,13:32:48,14260,137205,253234,19394749100,93,55,13261800
ru2205,20220218,20220218,133248000,13:32:48,14260,137216,253243,19396317700,11,9,1568600
ru2205,20220218,20220218,133248500,13:32:49,14260,137263,253274,19403020050,47,31,6702350
ru2205,20220218,20220218,133249000,13:32:49,14265,137264,253273,19403162700,1,-1,142650
ru2205,20220218,20220218,133249500,13:32:50,14260,137272,253267,19404303650,8,-6,1140950
ru2205,20220218,20220218,133250000,13:32:50,14260,137283,253278,19405872250,11,11,1568600
ru2205,20220218,20220218,133250500,13:32:52,14260,137286,253281,19406300050,3,3,427800
ru2205,20220218,20220218,133251000,13:32:52,14260,137287,253281,19406442650,1,0,142600
ru2205,20220218,20220218,133251500,13:32:53,14260,137289,253281,19406727850,2,0,285200
ru2205,20220218,20220218,133252500,13:32:53,14265,137290,253281,19406870500,1,0,142650
ru2205,20220218,20220218,133253000,13:32:53,14260,137294,253281,19407441000,4,0,570500
ru2205,20220218,20220218,133253500,13:32:54,14260,137295,253282,19407583600,1,1,142600
ru2205,20220218,20220218,133254000,13:32:54,14260,137295,253282,19407583600,0,0,0
ru2205,20220218,20220218,133254500,13:32:55,14260,137313,253295,19410150400,18,13,2566800
ru2205,20220218,20220218,133255000,13:32:55,14260,137314,253295,19410293000,1,0,142600
ru2205,20220218,20220218,133255500,13:32:55,14260,137314,253295,19410293000,0,0,0
ru2205,20220218,20220218,133256000,13:32:56,14260,137337,253293,19413572800,23,-2,3279800
ru2205,20220218,20220218,133256500,13:32:56,14260,137344,253291,19414571000,7,-2,998200
ru2205,20220218,20220218,133257000,13:32:59,14260,137346,253289,19414856200,2,-2,285200
ru2205,20220218,20220218,133257500,13:33:00,14260,137346,253289,19414856200,0,0,0
ru2205,20220218,20220218,133258000,13:33:00,14260,137346,253289,19414856200,0,0,0
ru2205,20220218,20220218,133258500,13:33:00,14260,137347,253290,19414998800,1,1,142600
ru2205,20220218,20220218,133259500,13:33:01,14260,137347,253290,19414998800,0,0,0
ru2205,20220218,20220218,133300000,13:33:01,14260,137347,253290,19414998800,0,0,0
ru2205,20220218,20220218,133300500,13:33:01,14260,137353,253287,19415854400,6,-3,855600
ru2205,20220218,20220218,133301000,13:33:02,14260,137355,253286,19416139600,2,-1,285200
ru2205,20220218,20220218,133301500,13:33:02,14260,137356,253285,19416282200,1,-1,142600
ru2205,20220218,20220218,133302000,13:33:02,14260,137356,253285,19416282200,0,0,0
ru2205,20220218,20220218,133302500,13:33:03,14265,137360,253287,19416852800,4,2,570600
ru2205,20220218,20220218,133303000,13:33:03,14260,137361,253286,19416995400,1,-1,142600
ru2205,20220218,20220218,133303500,13:33:04,14265,137362,253287,19417138050,1,1,142650
ru2205,20220218,20220218,133304000,13:33:04,14260,137368,253281,19417993650,6,-6,855600
ru2205,20220218,20220218,133304500,13:33:05,14265,137390,253289,19421130950,22,8,3137300
ru2205,20220218,20220218,133305000,13:33:05,14260,137391,253288,19421273550,1,-1,142600
ru2205,20220218,20220218,133305500,13:33:05,14260,137410,253273,19423982950,19,-15,2709400
ru2205,20220218,20220218,133306000,13:33:06,14260,137411,253272,19424125550,1,-1,142600
ru2205,20220218,20220218,133306500,13:33:06,14260,137411,253272,19424125550,0,0,0
ru2205,20220218,20220218,133307000,13:33:07,14260,137411,253272,19424125550,0,0,0
ru2205,20220218,20220218,133307500,13:33:08,14260,137411,253272,19424125550,0,0,0
ru2205,20220218,20220218,133308000,13:33:08,14260,137417,253266,19424981150,6,-6,855600
ru2205,20220218,20220218,133308500,13:33:09,14260,137436,253250,19427690550,19,-16,2709400
ru2205,20220218,20220218,133309000,13:33:09,14260,137437,253250,19427833150,1,0,142600
ru2205,20220218,20220218,133309500,13:33:10,14260,137437,253250,19427833150,0,0,0
ru2205,20220218,20220218,133310000,13:33:11,14265,137438,253249,19427975800,1,-1,142650
ru2205,20220218,20220218,133310500,13:33:12,14265,137438,253249,19427975800,0,0,0
ru2205,20220218,20220218,133311000,13:33:14,14265,137438,253249,19427975800,0,0,0
ru2205,20220218,20220218,133311500,13:33:14,14265,137438,253249,19427975800,0,0,0
ru2205,20220218,20220218,133312000,13:33:14,14260,137440,253248,19428261000,2,-1,285200
ru2205,20220218,20220218,133312500,13:33:14,14260,137440,253248,19428261000,0,0,0
ru2205,20220218,20220218,133313500,13:33:15,14260,137441,253247,19428403600,1,-1,142600
ru2205,20220218,20220218,133314000,13:33:17,14260,137442,253246,19428546200,1,-1,142600
ru2205,20220218,20220218,133314500,13:33:17,14260,137473,253216,19432966800,31,-30,4420600
ru2205,20220218,20220218,133315000,13:33:18,14265,137474,253216,19433109450,1,0,142650
ru2205,20220218,20220218,133315500,13:33:18,14260,137481,253216,19434107700,7,0,998250
ru2205,20220218,20220218,133317000,13:33:19,14265,137518,253219,19439385550,37,3,5277850
ru2205,20220218,20220218,133317500,13:33:19,14265,137568,253233,19446517700,50,14,7132150
ru2205,20220218,20220218,133318000,13:33:19,14265,137568,253233,19446517700,0,0,0
ru2205,20220218,20220218,133318500,13:33:19,14265,137570,253233,19446803000,2,0,285300
ru2205,20220218,20220218,133319000,13:33:20,14265,137570,253233,19446803000,0,0,0
ru2205,20220218,20220218,133319500,13:33:20,14265,137572,253232,19447088300,2,-1,285300
ru2205,20220218,20220218,133320000,13:33:21,14265,137574,253232,19447373600,2,0,285300
ru2205,20220218,20220218,133320500,13:33:21,14270,137576,253231,19447659000,2,-1,285400
ru2205,20220218,20220218,133321000,13:33:22,14270,137581,253234,19448372450,5,3,713450
ru2205,20220218,20220218,133321500,13:33:22,14265,137583,253233,19448657750,2,-1,285300
ru2205,20220218,20220218,133322000,13:33:22,14265,137585,253234,19448943050,2,1,285300
ru2205,20220218,20220218,133322500,13:33:22,14270,137587,253234,19449228400,2,0,285350
ru2205,20220218,20220218,133323000,13:33:23,14265,137593,253237,19450084300,6,3,855900
ru2205,20220218,20220218,133323500,13:33:24,14265,137635,253206,19456075600,42,-31,5991300
ru2205,20220218,20220218,133324000,13:33:24,14265,137635,253206,19456075600,0,0,0
ru2205,20220218,20220218,133324500,13:33:25,14265,137653,253200,19458643300,18,-6,2567700
ru2205,20220218,20220218,133325000,13:33:26,14260,137656,253200,19459071100,3,0,427800
ru2205,20220218,20220218,133325500,13:33:26,14260,137656,253200,19459071100,0,0,0
ru2205,20220218,20220218,133326000,13:33:27,14260,137656,253200,19459071100,0,0,0
ru2205,20220218,20220218,133326500,13:33:29,14265,137660,253200,19459641650,4,0,570550
ru2205,20220218,20220218,133327000,13:33:29,14265,137660,253200,19459641650,0,0,0
ru2205,20220218,20220218,133327500,13:33:29,14265,137682,253208,19462779950,22,8,3138300
ru2205,20220218,20220218,133328500,13:33:30,14260,137683,253207,19462922550,1,-1,142600
ru2205,20220218,20220218,133329000,13:33:30,14260,137683,253207,19462922550,0,0,0
ru2205,20220218,20220218,133329500,13:33:30,14260,137683,253207,19462922550,0,0,0
ru2205,20220218,20220218,133330000,13:33:30,14260,137683,253207,19462922550,0,0,0
ru2205,20220218,20220218,133330500,13:33:31,14260,137683,253207,19462922550,0,0,0
ru2205,20220218,20220218,133331000,13:33:32,14260,137683,253207,19462922550,0,0,0
ru2205,20220218,20220218,133331500,13:33:32,14260,137683,253207,19462922550,0,0,0
ru2205,20220218,20220218,133332000,13:33:32,14260,137683,253207,19462922550,0,0,0
ru2205,20220218,20220218,133332500,13:33:33,14265,137685,253209,19463207850,2,2,285300
ru2205,20220218,20220218,133333000,13:33:33,14265,137685,253209,19463207850,0,0,0
ru2205,20220218,20220218,133333500,13:33:33,14265,137696,253201,19464776700,11,-8,1568850
ru2205,20220218,20220218,133334000,13:33:34,14265,137696,253201,19464776700,0,0,0
ru2205,20220218,20220218,133334500,13:33:34,14265,137696,253201,19464776700,0,0,0
ru2205,20220218,20220218,133335000,13:33:35,14265,137696,253201,19464776700,0,0,0
ru2205,20220218,20220218,133335500,13:33:35,14260,137697,253201,19464919300,1,0,142600
ru2205,20220218,20220218,133336000,13:33:36,14260,137697,253201,19464919300,0,0,0
ru2205,20220218,20220218,133336500,13:33:36,14260,137744,253168,19471621500,47,-33,6702200
ru2205,20220218,20220218,133337000,13:33:37,14260,137756,253165,19473332700,12,-3,1711200
ru2205,20220218,20220218,133337500,13:33:37,14265,137771,253166,19475471750,15,1,2139050
ru2205,20220218,20220218,133338000,13:33:38,14265,137771,253166,19475471750,0,0,0
ru2205,20220218,20220218,133338500,13:33:39,14265,137781,253171,19476898250,10,5,1426500
ru2205,20220218,20220218,133339000,13:33:39,14260,137816,253155,19481889300,35,-16,4991050
ru2205,20220218,20220218,133339500,13:33:40,14260,137816,253155,19481889300,0,0,0
ru2205,20220218,20220218,133340000,13:33:40,14260,137816,253155,19481889300,0,0,0
ru2205,20220218,20220218,133340500,13:33:41,14260,137816,253155,19481889300,0,0,0
ru2205,20220218,20220218,133341000,13:33:41,14265,137817,253155,19482031950,1,0,142650
ru2205,20220218,20220218,133341500,13:33:42,14260,137818,253155,19482174550,1,0,142600
ru2205,20220218,20220218,133342000,13:33:42,14265,137819,253155,19482317200,1,0,142650
ru2205,20220218,20220218,133342500,13:33:42,14265,137819,253155,19482317200,0,0,0
ru2205,20220218,20220218,133343000,13:33:43,14265,137819,253155,19482317200,0,0,0
ru2205,20220218,20220218,133343500,13:33:44,14265,137819,253155,19482317200,0,0,0
ru2205,20220218,20220218,133344000,13:33:44,14260,137820,253154,19482459800,1,-1,142600
ru2205,20220218,20220218,133344500,13:33:45,14260,137821,253153,19482602400,1,-1,142600
ru2205,20220218,20220218,133345000,13:33:45,14260,137821,253153,19482602400,0,0,0
ru2205,20220218,20220218,133345500,13:33:46,14260,137821,253153,19482602400,0,0,0
ru2205,20220218,20220218,133346000,13:33:47,14260,137838,253142,19485026600,17,-11,2424200
ru2205,20220218,20220218,133346500,13:33:48,14265,137839,253141,19485169250,1,-1,142650
