sn2207,20220218,20220218,112000000,11:20:05,319410,23,1382,7300210,23,3,7300210
sn2207,20220218,20220218,112031000,11:20:32,319410,23,1382,7300210,0,0,0
sn2207,20220218,20220218,112031500,11:20:32,319410,23,1382,7300210,0,0,0
sn2207,20220218,20220218,112032500,11:20:32,319410,23,1382,7300210,0,0,0
sn2207,20220218,20220218,112033500,11:20:33,319410,23,1382,7300210,0,0,0
sn2207,20220218,20220218,112034000,11:20:34,319410,23,1382,7300210,0,0,0
sn2207,20220218,20220218,112034500,11:20:35,319410,23,1382,7300210,0,0,0
sn2207,20220218,20220218,112035000,11:20:35,319410,23,1382,7300210,0,0,0
sn2207,20220218,20220218,112037000,11:20:37,319410,23,1382,7300210,0,0,0
sn2207,20220218,20220218,112037500,11:20:38,319410,23,1382,7300210,0,0,0
sn2207,20220218,20220218,112039000,11:20:39,319410,23,1382,7300210,0,0,0
sn2207,20220218,20220218,112044000,11:20:44,319410,23,1382,7300210,0,0,0
sn2207,20220218,20220218,112047500,11:20:48,319410,23,1382,7300210,0,0,0
sn2207,20220218,20220218,112049000,11:20:50,319410,23,1382,7300210,0,0,0
sn2207,20220218,20220218,112049500,11:20:50,319410,23,1382,7300210,0,0,0
sn2207,20220218,20220218,112050500,11:20:51,319410,23,1382,7300210,0,0,0
sn2207,20220218,20220218,112051500,11:20:52,319410,23,1382,7300210,0,0,0
sn2207,20220218,20220218,112052000,11:20:53,319410,23,1382,7300210,0,0,0
sn2207,20220218,20220218,112108000,11:21:10,319410,23,1382,7300210,0,0,0
sn2207,20220218,20220218,112110000,11:21:11,319410,23,1382,7300210,0,0,0
sn2207,20220218,20220218,112111500,11:21:12,319410,23,1382,7300210,0,0,0
sn2207,20220218,20220218,112114500,11:21:14,319410,23,1382,7300210,0,0,0
sn2207,20220218,20220218,112115000,11:21:15,319410,23,1382,7300210,0,0,0
sn2207,20220218,20220218,112115500,11:21:15,319410,23,1382,7300210,0,0,0
sn2207,20220218,20220218,112116500,11:21:17,319410,23,1382,7300210,0,0,0
sn2207,20220218,20220218,112119500,11:21:20,319410,23,1382,7300210,0,0,0
sn2207,20220218,20220218,112121000,11:21:22,319410,23,1382,7300210,0,0,0
sn2207,20220218,20220218,112121500,11:21:22,319410,23,1382,7300210,0,0,0
sn2207,20220218,20220218,112122000,11:21:22,319410,23,1382,7300210,0,0,0
sn2207,20220218,20220218,112123500,11:21:23,319410,23,1382,7300210,0,0,0
sn2207,20220218,20220218,112124000,11:21:24,319410,23,1382,7300210,0,0,0
sn2207,20220218,20220218,112125000,11:23:32,319410,23,1382,7300210,0,0,0
sn2207,20220218,20220218,112125500,11:23:32,319410,23,1382,7300210,0,0,0
sn2207,20220218,20220218,112126000,11:23:33,319410,23,1382,7300210,0,0,0
sn2207,20220218,20220218,112258500,11:23:33,319410,23,1382,7300210,0,0,0
sn2207,20220218,20220218,112352000,11:23:52,319410,23,1382,7300210,0,0,0
sn2207,20220218,20220218,112352500,11:23:53,319410,23,1382,7300210,0,0,0
sn2207,20220218,20220218,112353000,11:23:53,319410,23,1382,7300210,0,0,0
sn2207,20220218,20220218,112353500,11:23:53,319410,23,1382,7300210,0,0,0
sn2207,20220218,20220218,112355000,11:23:55,319410,23,1382,7300210,0,0,0
sn2207,20220218,20220218,112356000,11:23:56,319410,23,1382,7300210,0,0,0
sn2207,20220218,20220218,112358500,11:23:58,319410,23,1382,7300210,0,0,0
sn2207,20220218,20220218,112514000,11:25:15,319410,23,1382,7300210,0,0,0
sn2207,20220218,20220218,112514500,11:25:15,319410,23,1382,7300210,0,0,0
sn2207,20220218,20220218,112515000,11:25:16,319410,23,1382,7300210,0,0,0
sn2207,20220218,20220218,112515500,11:25:16,319410,23,1382,7300210,0,0,0
sn2207,20220218,20220218,112516000,11:25:16,319410,23,1382,7300210,0,0,0
sn2207,20220218,20220218,112525500,11:25:26,319410,23,1382,7300210,0,0,0
sn2207,20220218,20220218,112526500,11:25:27,319410,23,1382,7300210,0,0,0
sn2207,20220218,20220218,112527000,11:25:28,319410,23,1382,7300210,0,0,0
sn2207,20220218,20220218,112532500,11:25:33,319410,23,1382,7300210,0,0,0
sn2207,20220218,20220218,112533000,11:25:33,319410,23,1382,7300210,0,0,0
sn2207,20220218,20220218,112534000,11:25:34,319410,23,1382,7300210,0,0,0
sn2207,20220218,20220218,112534500,11:25:35,319410,23,1382,7300210,0,0,0
sn2207,20220218,20220218,112546500,11:25:48,319410,23,1382,7300210,0,0,0
sn2207,20220218,20220218,112547000,11:25:48,319410,23,1382,7300210,0,0,0
sn2207,20220218,20220218,112555000,11:25:55,319410,23,1382,7300210,0,0,0
sn2207,20220218,20220218,112556000,11:25:57,319410,23,1382,7300210,0,0,0
sn2207,20220218,20220218,112556500,11:25:57,319410,23,1382,7300210,0,0,0
sn2207,20220218,20220218,112557000,11:25:57,319410,23,1382,7300210,0,0,0
sn2207,20220218,20220218,112558000,11:25:59,319410,23,1382,7300210,0,0,0
sn2207,20220218,20220218,112558500,11:25:59,319410,23,1382,7300210,0,0,0
sn2207,20220218,20220218,112559000,11:26:00,319410,23,1382,7300210,0,0,0
sn2207,20220218,20220218,112559500,11:26:00,319410,23,1382,7300210,0,0,0
sn2207,20220218,20220218,112601000,11:26:01,319410,23,1382,7300210,0,0,0
sn2207,20220218,20220218,112601500,11:26:03,319410,23,1382,7300210,0,0,0
sn2207,20220218,20220218,112602000,11:26:03,319410,23,1382,7300210,0,0,0
sn2207,20220218,20220218,112602500,11:26:03,319410,23,1382,7300210,0,0,0
sn2207,20220218,20220218,112603000,11:26:03,319410,23,1382,7300210,0,0,0
sn2207,20220218,20220218,112635000,11:26:37,319410,23,1382,7300210,0,0,0
sn2207,20220218,20220218,112641500,11:27:12,319410,23,1382,7300210,0,0,0
sn2207,20220218,20220218,112712500,11:27:13,319410,23,1382,7300210,0,0,0
sn2207,20220218,20220218,112731500,11:27:35,319410,23,1382,7300210,0,0,0
sn2207,20220218,20220218,112732000,11:27:36,319410,23,1382,7300210,0,0,0
sn2207,20220218,20220218,112733500,11:27:36,319410,23,1382,7300210,0,0,0
sn2207,20220218,20220218,112736500,11:27:38,319410,23,1382,7300210,0,0,0
sn2207,20220218,20220218,112737000,11:27:38,319410,23,1382,7300210,0,0,0
sn2207,20220218,20220218,112737500,11:27:38,319410,23,1382,7300210,0,0,0
sn2207,20220218,20220218,112740000,11:27:40,319410,23,1382,7300210,0,0,0
sn2207,20220218,20220218,112740500,11:27:40,319410,23,1382,7300210,0,0,0
sn2207,20220218,20220218,112741000,11:27:41,319410,23,1382,7300210,0,0,0
sn2207,20220218,20220218,112742000,11:27:42,319410,23,1382,7300210,0,0,0
sn2207,20220218,20220218,112756500,11:27:56,319410,23,1382,7300210,0,0,0
sn2207,20220218,20220218,112757000,11:27:57,319410,23,1382,7300210,0,0,0
sn2207,20220218,20220218,112758000,11:27:58,319410,23,1382,7300210,0,0,0
sn2207,20220218,20220218,112758500,11:27:59,319410,23,1382,7300210,0,0,0
sn2207,20220218,20220218,112816000,11:28:16,319410,23,1382,7300210,0,0,0
sn2207,20220218,20220218,112826000,11:28:26,319410,23,1382,7300210,0,0,0
sn2207,20220218,20220218,112827000,11:28:27,319410,23,1382,7300210,0,0,0
sn2207,20220218,20220218,112827500,11:28:27,319410,23,1382,7300210,0,0,0
sn2207,20220218,20220218,112828000,11:28:28,319410,23,1382,7300210,0,0,0
sn2207,20220218,20220218,112829000,11:28:29,319410,23,1382,7300210,0,0,0
sn2207,20220218,20220218,112829500,11:28:30,319410,23,1382,7300210,0,0,0
sn2207,20220218,20220218,112830000,11:28:30,319410,23,1382,7300210,0,0,0
sn2207,20220218,20220218,112830500,11:28:31,319410,23,1382,7300210,0,0,0
sn2207,20220218,20220218,112831500,11:28:31,319410,23,1382,7300210,0,0,0
sn2207,20220218,20220218,112832000,11:28:32,319410,23,1382,7300210,0,0,0
sn2207,20220218,20220218,112833500,11:28:34,319410,23,1382,7300210,0,0,0
sn2207,20220218,20220218,112834500,11:28:34,319410,23,1382,7300210,0,0,0
sn2207,20220218,20220218,112835000,11:28:35,319410,23,1382,7300210,0,0,0
sn2207,20220218,20220218,112836000,11:28:37,319410,23,1382,7300210,0,0,0
sn2207,20220218,20220218,112854000,11:28:54,319410,23,1382,7300210,0,0,0
sn2207,20220218,20220218,112854500,11:28:54,319410,23,1382,7300210,0,0,0
sn2207,20220218,20220218,112900500,11:29:01,319410,23,1382,7300210,0,0,0
sn2207,20220218,20220218,112902000,11:29:03,319410,23,1382,7300210,0,0,0
sn2207,20220218,20220218,112902500,11:29:03,319410,23,1382,7300210,0,0,0
sn2207,20220218,20220218,112903000,11:29:03,319410,23,1382,7300210,0,0,0
sn2207,20220218,20220218,112903500,11:29:04,319410,23,1382,7300210,0,0,0
sn2207,20220218,20220218,112921000,11:29:22,319410,23,1382,7300210,0,0,0
sn2207,20220218,20220218,112927000,11:29:27,319410,23,1382,7300210,0,0,0
sn2207,20220218,20220218,112927500,11:29:27,319410,23,1382,7300210,0,0,0
sn2207,20220218,20220218,112929000,11:29:29,319410,23,1382,7300210,0,0,0
sn2207,20220218,20220218,112929500,11:29:29,319410,23,1382,7300210,0,0,0
sn2207,20220218,20220218,112930000,11:29:30,319410,23,1382,7300210,0,0,0
sn2207,20220218,20220218,112930500,11:29:31,319410,23,1382,7300210,0,0,0
sn2207,20220218,20220218,112931000,11:29:32,319410,23,1382,7300210,0,0,0
sn2207,20220218,20220218,112931500,11:29:32,319410,23,1382,7300210,0,0,0
sn2207,20220218,20220218,112932000,11:29:36,319410,23,1382,7300210,0,0,0
sn2207,20220218,20220218,112939000,11:29:39,319410,23,1382,7300210,0,0,0
sn2207,20220218,20220218,112939500,11:29:40,319410,23,1382,7300210,0,0,0
sn2207,20220218,20220218,112946000,11:29:47,319410,23,1382,7300210,0,0,0
sn2207,20220218,20220218,112953500,11:29:54,319410,23,1382,7300210,0,0,0
sn2207,20220218,20220218,112954000,11:29:54,319410,23,1382,7300210,0,0,0
sn2207,20220218,20220218,112954500,11:29:54,319410,23,1382,7300210,0,0,0
sn2207,20220218,20220218,112955500,11:29:56,319410,23,1382,7300210,0,0,0
sn2207,20220218,20220218,112957500,11:30:02,319410,23,1382,7300210,0,0,0
sn2207,20220218,20220218,112959500,11:30:02,319410,23,1382,7300210,0,0,0
sn2207,20220218,20220218,113001500,11:30:03,319410,23,1382,7300210,0,0,0
sn2207,20220218,20220218,133002000,13:30:08,319410,23,1382,7300210,0,0,0
sn2207,20220218,20220218,133002500,13:30:10,319410,23,1382,7300210,0,0,0
sn2207,20220218,20220218,133008000,13:30:10,319410,23,1382,7300210,0,0,0
sn2207,20220218,20220218,133009500,13:30:11,319410,23,1382,7300210,0,0,0
sn2207,20220218,20220218,133010000,13:30:11,319400,24,1383,7619610,1,1,319400
sn2207,20220218,20220218,133010500,13:30:12,319400,24,1383,7619610,0,0,0
sn2207,20220218,20220218,133011000,13:30:13,319400,24,1383,7619610,0,0,0
sn2207,20220218,20220218,133011500,13:30:13,319400,24,1383,7619610,0,0,0
sn2207,20220218,20220218,133012500,13:30:13,319400,24,1383,7619610,0,0,0
sn2207,20220218,20220218,133013000,13:30:14,319400,24,1383,7619610,0,0,0
sn2207,20220218,20220218,133013500,13:30:14,319400,24,1383,7619610,0,0,0
sn2207,20220218,20220218,133014000,13:30:16,319400,24,1383,7619610,0,0,0
sn2207,20220218,20220218,133014500,13:30:16,319400,24,1383,7619610,0,0,0
sn2207,20220218,20220218,133015000,13:30:18,319400,24,1383,7619610,0,0,0
sn2207,20220218,20220218,133016000,13:30:18,319400,24,1383,7619610,0,0,0
sn2207,20220218,20220218,133017000,13:30:18,319400,24,1383,7619610,0,0,0
sn2207,20220218,20220218,133017500,13:30:19,319400,24,1383,7619610,0,0,0
sn2207,20220218,20220218,133018000,13:30:19,319400,24,1383,7619610,0,0,0
sn2207,20220218,20220218,133018500,13:30:20,319400,24,1383,7619610,0,0,0
sn2207,20220218,20220218,133019000,13:30:20,319400,24,1383,7619610,0,0,0
sn2207,20220218,20220218,133019500,13:30:21,319400,24,1383,7619610,0,0,0
sn2207,20220218,20220218,133020000,13:30:21,319400,24,1383,7619610,0,0,0
sn2207,20220218,20220218,133020500,13:30:21,319400,24,1383,7619610,0,0,0
sn2207,20220218,20220218,133021000,13:30:21,319400,24,1383,7619610,0,0,0
sn2207,20220218,20220218,133021500,13:30:22,319400,24,1383,7619610,0,0,0
sn2207,20220218,20220218,133022000,13:30:38,319400,24,1383,7619610,0,0,0
sn2207,20220218,20220218,133022500,13:30:38,319400,24,1383,7619610,0,0,0
sn2207,20220218,20220218,133023000,13:30:40,319400,24,1383,7619610,0,0,0
sn2207,20220218,20220218,133038000,13:30:41,319400,24,1383,7619610,0,0,0
sn2207,20220218,20220218,133038500,13:30:42,319400,24,1383,7619610,0,0,0
sn2207,20220218,20220218,133040500,13:30:43,319400,24,1383,7619610,0,0,0
sn2207,20220218,20220218,133041000,13:30:43,319400,24,1383,7619610,0,0,0
sn2207,20220218,20220218,133042000,13:30:44,319400,24,1383,7619610,0,0,0
sn2207,20220218,20220218,133042500,13:30:44,319400,24,1383,7619610,0,0,0
sn2207,20220218,20220218,133043000,13:30:44,319400,24,1383,7619610,0,0,0
sn2207,20220218,20220218,133044500,13:30:46,319400,24,1383,7619610,0,0,0
sn2207,20220218,20220218,133045000,13:30:46,319400,24,1383,7619610,0,0,0
sn2207,20220218,20220218,133045500,13:30:46,319400,24,1383,7619610,0,0,0
sn2207,20220218,20220218,133046000,13:30:47,319400,24,1383,7619610,0,0,0
sn2207,20220218,20220218,133046500,13:30:47,319400,24,1383,7619610,0,0,0
sn2207,20220218,20220218,133047000,13:30:48,319400,24,1383,7619610,0,0,0
sn2207,20220218,20220218,133047500,13:30:48,319400,24,1383,7619610,0,0,0
sn2207,20220218,20220218,133048000,13:30:49,319400,24,1383,7619610,0,0,0
sn2207,20220218,20220218,133048500,13:30:49,319400,24,1383,7619610,0,0,0
sn2207,20220218,20220218,133049000,13:30:50,319400,24,1383,7619610,0,0,0
sn2207,20220218,20220218,133049500,13:30:50,319400,24,1383,7619610,0,0,0
sn2207,20220218,20220218,133050000,13:30:51,319400,24,1383,7619610,0,0,0
sn2207,20220218,20220218,133050500,13:30:51,319400,24,1383,7619610,0,0,0
sn2207,20220218,20220218,133051000,13:30:52,319400,24,1383,7619610,0,0,0
sn2207,20220218,20220218,133052000,13:30:53,319400,24,1383,7619610,0,0,0
sn2207,20220218,20220218,133052500,13:30:54,319400,24,1383,7619610,0,0,0
sn2207,20220218,20220218,133053000,13:30:54,319400,24,1383,7619610,0,0,0
sn2207,20220218,20220218,133053500,13:30:54,319400,24,1383,7619610,0,0,0
sn2207,20220218,20220218,133054000,13:30:55,319400,24,1383,7619610,0,0,0
sn2207,20220218,20220218,133054500,13:30:55,319400,24,1383,7619610,0,0,0
sn2207,20220218,20220218,133055000,13:30:56,319400,24,1383,7619610,0,0,0
sn2207,20220218,20220218,133055500,13:30:56,319400,24,1383,7619610,0,0,0
sn2207,20220218,20220218,133056500,13:30:57,319400,24,1383,7619610,0,0,0
sn2207,20220218,20220218,133057000,13:30:58,319400,24,1383,7619610,0,0,0
sn2207,20220218,20220218,133057500,13:30:58,319400,24,1383,7619610,0,0,0
sn2207,20220218,20220218,133058000,13:30:58,319400,24,1383,7619610,0,0,0
sn2207,20220218,20220218,133059000,13:30:59,319400,24,1383,7619610,0,0,0
sn2207,20220218,20220218,133059500,13:31:00,319400,24,1383,7619610,0,0,0
sn2207,20220218,20220218,133100000,13:31:00,319400,24,1383,7619610,0,0,0
sn2207,20220218,20220218,133100500,13:31:00,319400,24,1383,7619610,0,0,0
sn2207,20220218,20220218,133101000,13:31:01,319400,24,1383,7619610,0,0,0
sn2207,20220218,20220218,133101500,13:31:01,319400,24,1383,7619610,0,0,0
sn2207,20220218,20220218,133102000,13:31:02,319400,24,1383,7619610,0,0,0
sn2207,20220218,20220218,133102500,13:31:03,319400,24,1383,7619610,0,0,0
sn2207,20220218,20220218,133103000,13:31:03,319400,24,1383,7619610,0,0,0
sn2207,20220218,20220218,133104000,13:31:06,319400,24,1383,7619610,0,0,0
sn2207,20220218,20220218,133104500,13:31:07,319400,24,1383,7619610,0,0,0
sn2207,20220218,20220218,133105500,13:31:08,319400,24,1383,7619610,0,0,0
sn2207,20220218,20220218,133107000,13:31:09,319400,24,1383,7619610,0,0,0
sn2207,20220218,20220218,133107500,13:31:09,319400,24,1383,7619610,0,0,0
sn2207,20220218,20220218,133108000,13:31:09,319400,24,1383,7619610,0,0,0
sn2207,20220218,20220218,133109000,13:31:09,319400,24,1383,7619610,0,0,0
sn2207,20220218,20220218,133109500,13:31:10,319400,24,1383,7619610,0,0,0
sn2207,20220218,20220218,133110000,13:31:11,319400,24,1383,7619610,0,0,0
sn2207,20220218,20220218,133110500,13:31:11,319400,24,1383,7619610,0,0,0
sn2207,20220218,20220218,133111000,13:31:11,319400,24,1383,7619610,0,0,0
sn2207,20220218,20220218,133111500,13:31:12,319400,24,1383,7619610,0,0,0
sn2207,20220218,20220218,133112000,13:31:13,319400,24,1383,7619610,0,0,0
sn2207,20220218,20220218,133112500,13:31:13,319400,24,1383,7619610,0,0,0
sn2207,20220218,20220218,133113500,13:31:14,319400,24,1383,7619610,0,0,0
sn2207,20220218,20220218,133114000,13:31:15,319400,24,1383,7619610,0,0,0
sn2207,20220218,20220218,133114500,13:31:15,319400,24,1383,7619610,0,0,0
sn2207,20220218,20220218,133115000,13:31:15,319400,24,1383,7619610,0,0,0
sn2207,20220218,20220218,133115500,13:31:16,319400,24,1383,7619610,0,0,0
sn2207,20220218,20220218,133116000,13:31:16,319400,24,1383,7619610,0,0,0
sn2207,20220218,20220218,133116500,13:31:17,319400,24,1383,7619610,0,0,0
sn2207,20220218,20220218,133117000,13:31:18,319400,24,1383,7619610,0,0,0
sn2207,20220218,20220218,133117500,13:31:18,319400,24,1383,7619610,0,0,0
sn2207,20220218,20220218,133118000,13:31:19,319400,24,1383,7619610,0,0,0
sn2207,20220218,20220218,133118500,13:31:19,319400,24,1383,7619610,0,0,0
sn2207,20220218,20220218,133119000,13:31:19,319400,24,1383,7619610,0,0,0
sn2207,20220218,20220218,133120000,13:31:20,319400,24,1383,7619610,0,0,0
sn2207,20220218,20220218,133120500,13:31:21,319400,24,1383,7619610,0,0,0
sn2207,20220218,20220218,133121000,13:31:21,319400,24,1383,7619610,0,0,0
sn2207,20220218,20220218,133121500,13:31:22,319400,24,1383,7619610,0,0,0
sn2207,20220218,20220218,133122000,13:31:23,319400,24,1383,7619610,0,0,0
sn2207,20220218,20220218,133122500,13:31:25,319400,24,1383,7619610,0,0,0
sn2207,20220218,20220218,133156000,13:31:56,319400,24,1383,7619610,0,0,0
sn2207,20220218,20220218,133158000,13:31:58,319400,24,1383,7619610,0,0,0
sn2207,20220218,20220218,133158500,13:31:58,319400,24,1383,7619610,0,0,0
sn2207,20220218,20220218,133159500,13:32:00,319400,24,1383,7619610,0,0,0
sn2207,20220218,20220218,133201000,13:32:01,319400,24,1383,7619610,0,0,0
sn2207,20220218,20220218,133201500,13:32:01,319400,24,1383,7619610,0,0,0
sn2207,20220218,20220218,133202000,13:32:03,319400,24,1383,7619610,0,0,0
sn2207,20220218,20220218,133202500,13:32:04,319400,24,1383,7619610,0,0,0
sn2207,20220218,20220218,133203500,13:32:05,319400,24,1383,7619610,0,0,0
sn2207,20220218,20220218,133204000,13:32:05,319400,24,1383,7619610,0,0,0
sn2207,20220218,20220218,133205000,13:32:06,319400,24,1383,7619610,0,0,0
sn2207,20220218,20220218,133206000,13:32:07,319400,24,1383,7619610,0,0,0
sn2207,20220218,20220218,133206500,13:32:07,319400,24,1383,7619610,0,0,0
sn2207,20220218,20220218,133207000,13:32:07,319400,24,1383,7619610,0,0,0
sn2207,20220218,20220218,133207500,13:32:07,319400,24,1383,7619610,0,0,0
sn2207,20220218,20220218,133208500,13:32:10,319400,24,1383,7619610,0,0,0
sn2207,20220218,20220218,133209000,13:32:10,319400,24,1383,7619610,0,0,0
sn2207,20220218,20220218,133209500,13:32:10,319400,24,1383,7619610,0,0,0
sn2207,20220218,20220218,133210000,13:32:12,319400,24,1383,7619610,0,0,0
sn2207,20220218,20220218,133211000,13:32:14,319400,24,1383,7619610,0,0,0
sn2207,20220218,20220218,133213000,13:32:15,319400,24,1383,7619610,0,0,0
sn2207,20220218,20220218,133214000,13:32:15,319400,24,1383,7619610,0,0,0
sn2207,20220218,20220218,133215000,13:32:16,319400,24,1383,7619610,0,0,0
sn2207,20220218,20220218,133215500,13:32:17,319400,24,1383,7619610,0,0,0
sn2207,20220218,20220218,133216000,13:32:17,319400,24,1383,7619610,0,0,0
sn2207,20220218,20220218,133216500,13:32:17,319400,24,1383,7619610,0,0,0
sn2207,20220218,20220218,133217000,13:32:17,319400,24,1383,7619610,0,0,0
sn2207,20220218,20220218,133217500,13:32:18,319400,24,1383,7619610,0,0,0
sn2207,20220218,20220218,133218000,13:32:18,319400,24,1383,7619610,0,0,0
sn2207,20220218,20220218,133218500,13:32:19,319400,24,1383,7619610,0,0,0
sn2207,20220218,20220218,133219000,13:32:20,319400,24,1383,7619610,0,0,0
sn2207,20220218,20220218,133219500,13:32:20,319400,24,1383,7619610,0,0,0
sn2207,20220218,20220218,133220000,13:32:21,319400,24,1383,7619610,0,0,0
sn2207,20220218,20220218,133220500,13:32:21,319400,24,1383,7619610,0,0,0
sn2207,20220218,20220218,133221000,13:32:22,319400,24,1383,7619610,0,0,0
sn2207,20220218,20220218,133222000,13:32:23,319400,24,1383,7619610,0,0,0
sn2207,20220218,20220218,133222500,13:32:24,319400,24,1383,7619610,0,0,0
sn2207,20220218,20220218,133223000,13:32:24,319400,24,1383,7619610,0,0,0
sn2207,20220218,20220218,133223500,13:32:24,319400,24,1383,7619610,0,0,0
sn2207,20220218,20220218,133224500,13:32:25,319400,24,1383,7619610,0,0,0
sn2207,20220218,20220218,133225000,13:32:25,319400,24,1383,7619610,0,0,0
sn2207,20220218,20220218,133225500,13:32:26,319400,24,1383,7619610,0,0,0
sn2207,20220218,20220218,133226000,13:32:27,319400,24,1383,7619610,0,0,0
sn2207,20220218,20220218,133226500,13:32:27,319400,24,1383,7619610,0,0,0
sn2207,20220218,20220218,133227000,13:32:27,319400,24,1383,7619610,0,0,0
sn2207,20220218,20220218,133227500,13:32:31,319400,24,1383,7619610,0,0,0
sn2207,20220218,20220218,133228000,13:32:32,319400,24,1383,7619610,0,0,0
sn2207,20220218,20220218,133228500,13:32:33,319400,24,1383,7619610,0,0,0
sn2207,20220218,20220218,133229000,13:32:33,319400,24,1383,7619610,0,0,0
sn2207,20220218,20220218,133232000,13:32:35,319400,24,1383,7619610,0,0,0
sn2207,20220218,20220218,133234000,13:32:36,319400,24,1383,7619610,0,0,0
sn2207,20220218,20220218,133236000,13:32:37,319400,24,1383,7619610,0,0,0
sn2207,20220218,20220218,133239500,13:32:40,319400,24,1383,7619610,0,0,0
sn2207,20220218,20220218,133240000,13:32:40,319400,24,1383,7619610,0,0,0
sn2207,20220218,20220218,133251500,13:32:53,319400,24,1383,7619610,0,0,0
sn2207,20220218,20220218,133255000,13:32:55,319400,24,1383,7619610,0,0,0
sn2207,20220218,20220218,133302500,13:33:03,319400,24,1383,7619610,0,0,0
sn2207,20220218,20220218,133306000,13:33:06,319400,24,1383,7619610,0,0,0
sn2207,20220218,20220218,133307500,13:33:08,319400,24,1383,7619610,0,0,0
sn2207,20220218,20220218,133308000,13:33:08,319400,24,1383,7619610,0,0,0
sn2207,20220218,20220218,133308500,13:33:09,319400,24,1383,7619610,0,0,0
sn2207,20220218,20220218,133309000,13:33:10,319400,24,1383,7619610,0,0,0
sn2207,20220218,20220218,133309500,13:33:11,319400,24,1383,7619610,0,0,0
sn2207,20220218,20220218,133310000,13:33:11,319400,24,1383,7619610,0,0,0
sn2207,20220218,20220218,133310500,13:33:12,319400,24,1383,7619610,0,0,0
sn2207,20220218,20220218,133311000,13:33:14,319400,24,1383,7619610,0,0,0
sn2207,20220218,20220218,133311500,13:33:14,319400,24,1383,7619610,0,0,0
sn2207,20220218,20220218,133312000,13:33:14,319400,24,1383,7619610,0,0,0
sn2207,20220218,20220218,133313500,13:33:15,319400,24,1383,7619610,0,0,0
sn2207,20220218,20220218,133314000,13:33:17,319400,24,1383,7619610,0,0,0
sn2207,20220218,20220218,133314500,13:33:17,319400,24,1383,7619610,0,0,0
sn2207,20220218,20220218,133315000,13:33:18,319400,24,1383,7619610,0,0,0
sn2207,20220218,20220218,133317000,13:33:19,319400,24,1383,7619610,0,0,0
sn2207,20220218,20220218,133318500,13:33:19,319400,24,1383,7619610,0,0,0
sn2207,20220218,20220218,133324000,13:33:24,319400,24,1383,7619610,0,0,0
sn2207,20220218,20220218,133327000,13:33:29,319400,24,1383,7619610,0,0,0
sn2207,20220218,20220218,133328500,13:33:30,319400,24,1383,7619610,0,0,0
sn2207,20220218,20220218,133329000,13:33:30,319400,24,1383,7619610,0,0,0
sn2207,20220218,20220218,133329500,13:33:30,319400,24,1383,7619610,0,0,0
sn2207,20220218,20220218,133330000,13:33:30,319400,24,1383,7619610,0,0,0
sn2207,20220218,20220218,133331500,13:33:32,319400,24,1383,7619610,0,0,0
sn2207,20220218,20220218,133332000,13:33:32,319400,24,1383,7619610,0,0,0
sn2207,20220218,20220218,133335500,13:33:35,319400,24,1383,7619610,0,0,0
sn2207,20220218,20220218,133346000,13:33:47,319400,24,1383,7619610,0,0,0
sn2207,20220218,20220218,133352500,13:33:52,319400,24,1383,7619610,0,0,0
sn2207,20220218,20220218,133354500,13:33:55,319400,24,1383,7619610,0,0,0
sn2207,20220218,20220218,133355000,13:33:56,319400,24,1383,7619610,0,0,0
sn2207,20220218,20220218,133412500,13:34:13,319400,24,1383,7619610,0,0,0
sn2207,20220218,20220218,133413000,13:34:13,319400,24,1383,7619610,0,0,0
sn2207,20220218,20220218,133413500,13:34:14,319400,24,1383,7619610,0,0,0
sn2207,20220218,20220218,133414000,13:34:14,319400,24,1383,7619610,0,0,0
sn2207,20220218,20220218,133415500,13:34:16,319400,24,1383,7619610,0,0,0
sn2207,20220218,20220218,133418500,13:34:19,319400,24,1383,7619610,0,0,0
sn2207,20220218,20220218,133436000,13:34:36,319400,24,1383,7619610,0,0,0
sn2207,20220218,20220218,133436500,13:34:36,319400,24,1383,7619610,0,0,0
sn2207,20220218,20220218,133437000,13:34:37,319400,24,1383,7619610,0,0,0
sn2207,20220218,20220218,133437500,13:34:38,319400,24,1383,7619610,0,0,0
sn2207,20220218,20220218,133438000,13:34:38,319400,24,1383,7619610,0,0,0
sn2207,20220218,20220218,133438500,13:34:39,319400,24,1383,7619610,0,0,0
sn2207,20220218,20220218,133439000,13:34:39,319400,24,1383,7619610,0,0,0
sn2207,20220218,20220218,133439500,13:34:39,319400,24,1383,7619610,0,0,0
sn2207,20220218,20220218,133440000,13:34:40,319400,24,1383,7619610,0,0,0
sn2207,20220218,20220218,133440500,13:34:41,319400,24,1383,7619610,0,0,0
sn2207,20220218,20220218,133441000,13:34:41,319400,24,1383,7619610,0,0,0
sn2207,20220218,20220218,133441500,13:34:43,319400,24,1383,7619610,0,0,0
sn2207,20220218,20220218,133442000,13:34:44,319400,24,1383,7619610,0,0,0
sn2207,20220218,20220218,133442500,13:34:44,319400,24,1383,7619610,0,0,0
sn2207,20220218,20220218,133443500,13:34:45,319400,24,1383,7619610,0,0,0
sn2207,20220218,20220218,133444000,13:34:45,319400,24,1383,7619610,0,0,0
sn2207,20220218,20220218,133444500,13:34:46,319400,24,1383,7619610,0,0,0
sn2207,20220218,20220218,133445000,13:34:46,319400,24,1383,7619610,0,0,0
sn2207,20220218,20220218,133445500,13:34:46,319400,24,1383,7619610,0,0,0
sn2207,20220218,20220218,133446000,13:34:46,319400,24,1383,7619610,0,0,0
sn2207,20220218,20220218,133446500,13:34:47,319400,24,1383,7619610,0,0,0
sn2207,20220218,20220218,133447000,13:34:47,319400,24,1383,7619610,0,0,0
sn2207,20220218,20220218,133447500,13:34:48,319400,24,1383,7619610,0,0,0
sn2207,20220218,20220218,133448000,13:34:48,319400,24,1383,7619610,0,0,0
sn2207,20220218,20220218,133448500,13:34:49,319400,24,1383,7619610,0,0,0
sn2207,20220218,20220218,133449500,13:34:49,319400,24,1383,7619610,0,0,0
sn2207,20220218,20220218,133510000,13:35:11,319400,24,1383,7619610,0,0,0
sn2207,20220218,20220218,133510500,13:35:11,319400,24,1383,7619610,0,0,0
sn2207,20220218,20220218,133511000,13:35:11,319400,24,1383,7619610,0,0,0
sn2207,20220218,20220218,133512500,13:35:13,319400,24,1383,7619610,0,0,0
sn2207,20220218,20220218,133513000,13:35:13,319400,24,1383,7619610,0,0,0
sn2207,20220218,20220218,133513500,13:35:14,319400,24,1383,7619610,0,0,0
sn2207,20220218,20220218,133520000,13:35:20,319400,24,1383,7619610,0,0,0
sn2207,20220218,20220218,133521000,13:35:21,319400,24,1383,7619610,0,0,0
sn2207,20220218,20220218,133521500,13:35:22,319400,24,1383,7619610,0,0,0
sn2207,20220218,20220218,133522000,13:35:22,319400,24,1383,7619610,0,0,0
sn2207,20220218,20220218,133522500,13:35:23,319400,24,1383,7619610,0,0,0
sn2207,20220218,20220218,133523000,13:35:23,319400,24,1383,7619610,0,0,0
sn2207,20220218,20220218,133523500,13:35:23,319400,24,1383,7619610,0,0,0
sn2207,20220218,20220218,133524000,13:35:25,319400,24,1383,7619610,0,0,0
sn2207,20220218,20220218,133524500,13:35:25,319400,24,1383,7619610,0,0,0
sn2207,20220218,20220218,133526000,13:35:26,319400,24,1383,7619610,0,0,0
sn2207,20220218,20220218,133530500,13:35:35,319400,24,1383,7619610,0,0,0
sn2207,20220218,20220218,133538000,13:35:43,319400,24,1383,7619610,0,0,0
sn2207,20220218,20220218,133544500,13:35:45,319400,24,1383,7619610,0,0,0
sn2207,20220218,20220218,133546500,13:35:46,319400,24,1383,7619610,0,0,0
sn2207,20220218,20220218,133547000,13:35:47,319400,24,1383,7619610,0,0,0
sn2207,20220218,20220218,133549500,13:35:49,319400,24,1383,7619610,0,0,0
sn2207,20220218,20220218,133602500,13:36:04,319400,24,1383,7619610,0,0,0
sn2207,20220218,20220218,133603000,13:36:05,319400,24,1383,7619610,0,0,0
sn2207,20220218,20220218,133603500,13:36:05,319400,24,1383,7619610,0,0,0
sn2207,20220218,20220218,133605000,13:36:06,319400,24,1383,7619610,0,0,0
sn2207,20220218,20220218,133605500,13:36:07,319400,24,1383,7619610,0,0,0
sn2207,20220218,20220218,133606000,13:36:07,319400,24,1383,7619610,0,0,0
sn2207,20220218,20220218,133606500,13:36:07,319400,24,1383,7619610,0,0,0
sn2207,20220218,20220218,133607000,13:36:08,319400,24,1383,7619610,0,0,0
sn2207,20220218,20220218,133607500,13:36:08,319400,24,1383,7619610,0,0,0
sn2207,20220218,20220218,133608000,13:36:08,319400,24,1383,7619610,0,0,0
sn2207,20220218,20220218,133608500,13:36:09,319400,24,1383,7619610,0,0,0
sn2207,20220218,20220218,133609000,13:36:09,319400,24,1383,7619610,0,0,0
sn2207,20220218,20220218,133609500,13:36:10,319400,24,1383,7619610,0,0,0
sn2207,20220218,20220218,133610000,13:36:11,319400,24,1383,7619610,0,0,0
sn2207,20220218,20220218,133610500,13:36:11,319400,24,1383,7619610,0,0,0
sn2207,20220218,20220218,133611000,13:36:12,319400,24,1383,7619610,0,0,0
sn2207,20220218,20220218,133611500,13:36:12,319400,24,1383,7619610,0,0,0
sn2207,20220218,20220218,133612000,13:36:12,319400,24,1383,7619610,0,0,0
sn2207,20220218,20220218,133612500,13:36:12,319400,24,1383,7619610,0,0,0
sn2207,20220218,20220218,133613000,13:36:13,319400,24,1383,7619610,0,0,0
sn2207,20220218,20220218,133613500,13:36:14,319400,24,1383,7619610,0,0,0
sn2207,20220218,20220218,133614000,13:36:14,319400,24,1383,7619610,0,0,0
sn2207,20220218,20220218,133614500,13:36:14,319400,24,1383,7619610,0,0,0
sn2207,20220218,20220218,133615000,13:36:15,319400,24,1383,7619610,0,0,0
sn2207,20220218,20220218,133615500,13:36:15,319400,24,1383,7619610,0,0,0
sn2207,20220218,20220218,133617000,13:36:19,319400,24,1383,7619610,0,0,0
sn2207,20220218,20220218,133630000,13:36:30,319400,24,1383,7619610,0,0,0
sn2207,20220218,20220218,133630500,13:36:31,319400,24,1383,7619610,0,0,0
sn2207,20220218,20220218,133640500,13:36:40,319400,24,1383,7619610,0,0,0
sn2207,20220218,20220218,133646000,13:36:46,319400,24,1383,7619610,0,0,0
sn2207,20220218,20220218,133648000,13:36:48,319400,24,1383,7619610,0,0,0
sn2207,20220218,20220218,133648500,13:36:49,319400,24,1383,7619610,0,0,0
sn2207,20220218,20220218,133649500,13:36:49,319400,24,1383,7619610,0,0,0
sn2207,20220218,20220218,133716500,13:37:17,319400,24,1383,7619610,0,0,0
sn2207,20220218,20220218,133717000,13:37:18,319400,24,1383,7619610,0,0,0
sn2207,20220218,20220218,133718000,13:37:19,319400,24,1383,7619610,0,0,0
sn2207,20220218,20220218,133718500,13:37:19,319400,24,1383,7619610,0,0,0
sn2207,20220218,20220218,133923500,13:39:23,319400,24,1383,7619610,0,0,0
sn2207,20220218,20220218,133930000,13:39:30,319400,24,1383,7619610,0,0,0
sn2207,20220218,20220218,133950500,13:39:50,319400,24,1383,7619610,0,0,0
sn2207,20220218,20220218,134007000,13:40:13,319400,24,1383,7619610,0,0,0
sn2207,20220218,20220218,134028000,13:40:28,319400,24,1383,7619610,0,0,0
sn2207,20220218,20220218,134028500,13:40:30,319400,24,1383,7619610,0,0,0
sn2207,20220218,20220218,134029000,13:40:30,319400,24,1383,7619610,0,0,0
sn2207,20220218,20220218,134029500,13:40:30,319400,24,1383,7619610,0,0,0
sn2207,20220218,20220218,134030000,13:40:30,319400,24,1383,7619610,0,0,0
sn2207,20220218,20220218,134030500,13:40:31,319400,24,1383,7619610,0,0,0
sn2207,20220218,20220218,134031000,13:40:31,319400,24,1383,7619610,0,0,0
sn2207,20220218,20220218,134031500,13:40:32,319400,24,1383,7619610,0,0,0
sn2207,20220218,20220218,134032000,13:40:32,319400,24,1383,7619610,0,0,0
sn2207,20220218,20220218,134032500,13:40:32,319400,24,1383,7619610,0,0,0
sn2207,20220218,20220218,134033500,13:40:34,319400,24,1383,7619610,0,0,0
sn2207,20220218,20220218,134034000,13:40:34,319400,24,1383,7619610,0,0,0
sn2207,20220218,20220218,134037000,13:40:37,319400,24,1383,7619610,0,0,0
sn2207,20220218,20220218,134040000,13:40:41,319400,24,1383,7619610,0,0,0
sn2207,20220218,20220218,134041000,13:40:42,319400,24,1383,7619610,0,0,0
sn2207,20220218,20220218,134041500,13:40:42,319400,24,1383,7619610,0,0,0
sn2207,20220218,20220218,134042000,13:40:42,319400,24,1383,7619610,0,0,0
sn2207,20220218,20220218,134043000,13:40:43,319400,24,1383,7619610,0,0,0
sn2207,20220218,20220218,134043500,13:40:44,319400,24,1383,7619610,0,0,0
sn2207,20220218,20220218,134050000,13:40:50,319400,24,1383,7619610,0,0,0
sn2207,20220218,20220218,134050500,13:40:50,319400,24,1383,7619610,0,0,0
sn2207,20220218,20220218,134051000,13:40:55,319400,24,1383,7619610,0,0,0
sn2207,20220218,20220218,134055000,13:40:56,319400,24,1383,7619610,0,0,0
sn2207,20220218,20220218,134055500,13:40:57,319400,24,1383,7619610,0,0,0
sn2207,20220218,20220218,134056000,13:40:58,319400,24,1383,7619610,0,0,0
sn2207,20220218,20220218,134056500,13:40:58,319400,24,1383,7619610,0,0,0
sn2207,20220218,20220218,134057000,13:40:58,319400,24,1383,7619610,0,0,0
sn2207,20220218,20220218,134057500,13:40:58,319400,24,1383,7619610,0,0,0
sn2207,20220218,20220218,134058000,13:40:58,319400,24,1383,7619610,0,0,0
sn2207,20220218,20220218,134058500,13:40:59,319400,24,1383,7619610,0,0,0
sn2207,20220218,20220218,134059500,13:41:00,319400,24,1383,7619610,0,0,0
sn2207,20220218,20220218,134100000,13:41:00,319400,24,1383,7619610,0,0,0
sn2207,20220218,20220218,134100500,13:41:00,319400,24,1383,7619610,0,0,0
sn2207,20220218,20220218,134101500,13:41:01,319400,24,1383,7619610,0,0,0
sn2207,20220218,20220218,134102000,13:41:02,319400,24,1383,7619610,0,0,0
sn2207,20220218,20220218,134102500,13:41:03,319400,24,1383,7619610,0,0,0
sn2207,20220218,20220218,134103000,13:41:05,319400,24,1383,7619610,0,0,0
sn2207,20220218,20220218,134103500,13:41:05,319400,24,1383,7619610,0,0,0
sn2207,20220218,20220218,134104000,13:41:05,319400,24,1383,7619610,0,0,0
sn2207,20220218,20220218,134105000,13:41:06,319400,24,1383,7619610,0,0,0
sn2207,20220218,20220218,134105500,13:41:06,319400,24,1383,7619610,0,0,0
sn2207,20220218,20220218,134106000,13:41:07,319400,24,1383,7619610,0,0,0
sn2207,20220218,20220218,134107000,13:41:09,319400,24,1383,7619610,0,0,0
sn2207,20220218,20220218,134107500,13:41:09,319400,24,1383,7619610,0,0,0
sn2207,20220218,20220218,134108000,13:41:09,319400,24,1383,7619610,0,0,0
sn2207,20220218,20220218,134109000,13:41:10,319400,24,1383,7619610,0,0,0
sn2207,20220218,20220218,134109500,13:41:10,319400,24,1383,7619610,0,0,0
sn2207,20220218,20220218,134110000,13:41:10,319400,24,1383,7619610,0,0,0
sn2207,20220218,20220218,134111000,13:41:11,319400,24,1383,7619610,0,0,0
sn2207,20220218,20220218,134111500,13:41:12,319400,24,1383,7619610,0,0,0
sn2207,20220218,20220218,134112000,13:41:12,319400,24,1383,7619610,0,0,0
sn2207,20220218,20220218,134113000,13:41:13,319400,24,1383,7619610,0,0,0
sn2207,20220218,20220218,134119500,13:41:20,319400,24,1383,7619610,0,0,0
sn2207,20220218,20220218,134138000,13:41:42,319400,24,1383,7619610,0,0,0
sn2207,20220218,20220218,134159500,13:42:11,319400,24,1383,7619610,0,0,0
sn2207,20220218,20220218,134216000,13:42:16,319400,24,1383,7619610,0,0,0
sn2207,20220218,20220218,134216500,13:42:17,319400,24,1383,7619610,0,0,0
sn2207,20220218,20220218,134217000,13:42:19,319400,24,1383,7619610,0,0,0
sn2207,20220218,20220218,134218000,13:42:20,319400,24,1383,7619610,0,0,0
sn2207,20220218,20220218,134219000,13:42:20,319400,24,1383,7619610,0,0,0
sn2207,20220218,20220218,134222000,13:42:22,319400,24,1383,7619610,0,0,0
sn2207,20220218,20220218,134222500,13:42:22,319400,24,1383,7619610,0,0,0
sn2207,20220218,20220218,134223000,13:42:23,319400,24,1383,7619610,0,0,0
sn2207,20220218,20220218,134223500,13:42:24,319400,24,1383,7619610,0,0,0
sn2207,20220218,20220218,134257000,13:42:59,319400,24,1383,7619610,0,0,0
sn2207,20220218,20220218,134336000,13:43:36,319400,24,1383,7619610,0,0,0
sn2207,20220218,20220218,134336500,13:43:37,319400,24,1383,7619610,0,0,0
sn2207,20220218,20220218,134337000,13:43:37,319400,24,1383,7619610,0,0,0
sn2207,20220218,20220218,134351500,13:44:04,319400,24,1383,7619610,0,0,0
sn2207,20220218,20220218,134418500,13:44:19,319400,24,1383,7619610,0,0,0
sn2207,20220218,20220218,134423000,13:44:23,319400,24,1383,7619610,0,0,0
sn2207,20220218,20220218,134423500,13:44:24,319400,24,1383,7619610,0,0,0
sn2207,20220218,20220218,134424000,13:44:24,319400,24,1383,7619610,0,0,0
sn2207,20220218,20220218,134424500,13:44:25,319400,24,1383,7619610,0,0,0
sn2207,20220218,20220218,134428500,13:44:29,319400,24,1383,7619610,0,0,0
sn2207,20220218,20220218,134430000,13:44:37,319400,24,1383,7619610,0,0,0
sn2207,20220218,20220218,134434500,13:44:37,319400,24,1383,7619610,0,0,0
sn2207,20220218,20220218,134438500,13:44:38,319400,24,1383,7619610,0,0,0
sn2207,20220218,20220218,134446000,13:44:46,319400,24,1383,7619610,0,0,0
sn2207,20220218,20220218,134448500,13:44:48,319400,24,1383,7619610,0,0,0
sn2207,20220218,20220218,134449000,13:44:50,319400,24,1383,7619610,0,0,0
sn2207,20220218,20220218,134449500,13:44:50,319400,24,1383,7619610,0,0,0
sn2207,20220218,20220218,134450000,13:44:50,319400,24,1383,7619610,0,0,0
sn2207,20220218,20220218,134450500,13:44:50,319400,24,1383,7619610,0,0,0
sn2207,20220218,20220218,134451000,13:44:51,319400,24,1383,7619610,0,0,0
sn2207,20220218,20220218,134451500,13:44:52,319400,24,1383,7619610,0,0,0
sn2207,20220218,20220218,134452000,13:44:53,319400,24,1383,7619610,0,0,0
sn2207,20220218,20220218,134453000,13:44:53,319400,24,1383,7619610,0,0,0
sn2207,20220218,20220218,134458000,13:44:58,319400,24,1383,7619610,0,0,0
sn2207,20220218,20220218,134501000,13:45:01,319400,24,1383,7619610,0,0,0
sn2207,20220218,20220218,134513000,13:45:14,319400,24,1383,7619610,0,0,0
sn2207,20220218,20220218,134818000,13:48:19,319400,24,1383,7619610,0,0,0
sn2207,20220218,20220218,134818500,13:48:20,319400,24,1383,7619610,0,0,0
sn2207,20220218,20220218,134819500,13:48:21,319400,24,1383,7619610,0,0,0
sn2207,20220218,20220218,134820000,13:48:22,319400,24,1383,7619610,0,0,0
sn2207,20220218,20220218,134821000,13:48:22,319400,24,1383,7619610,0,0,0
sn2207,20220218,20220218,134822000,13:48:23,319400,24,1383,7619610,0,0,0
sn2207,20220218,20220218,134822500,13:48:23,319400,24,1383,7619610,0,0,0
sn2207,20220218,20220218,134826500,13:48:27,319400,24,1383,7619610,0,0,0
sn2207,20220218,20220218,134827500,13:48:28,319400,24,1383,7619610,0,0,0
sn2207,20220218,20220218,134828000,13:48:28,319400,24,1383,7619610,0,0,0
sn2207,20220218,20220218,134829500,13:48:30,319400,24,1383,7619610,0,0,0
sn2207,20220218,20220218,134830000,13:48:31,319400,24,1383,7619610,0,0,0
sn2207,20220218,20220218,134830500,13:48:31,319400,24,1383,7619610,0,0,0
sn2207,20220218,20220218,134831000,13:48:32,319400,24,1383,7619610,0,0,0
sn2207,20220218,20220218,134831500,13:48:32,319400,24,1383,7619610,0,0,0
sn2207,20220218,20220218,134832000,13:48:32,319400,24,1383,7619610,0,0,0
sn2207,20220218,20220218,134833500,13:48:34,319400,24,1383,7619610,0,0,0
sn2207,20220218,20220218,134834000,13:48:36,319400,24,1383,7619610,0,0,0
sn2207,20220218,20220218,134834500,13:48:36,319400,24,1383,7619610,0,0,0
sn2207,20220218,20220218,134835000,13:48:36,319400,24,1383,7619610,0,0,0
sn2207,20220218,20220218,134851500,13:48:51,319400,24,1383,7619610,0,0,0
sn2207,20220218,20220218,134852500,13:48:52,319400,24,1383,7619610,0,0,0
sn2207,20220218,20220218,134853000,13:48:54,319400,24,1383,7619610,0,0,0
sn2207,20220218,20220218,134853500,13:48:55,319400,24,1383,7619610,0,0,0
sn2207,20220218,20220218,134854000,13:48:56,319400,24,1383,7619610,0,0,0
sn2207,20220218,20220218,134854500,13:48:56,319400,24,1383,7619610,0,0,0
sn2207,20220218,20220218,134855000,13:48:56,319400,24,1383,7619610,0,0,0
sn2207,20220218,20220218,134855500,13:48:56,319400,24,1383,7619610,0,0,0
sn2207,20220218,20220218,134856000,13:48:57,319400,24,1383,7619610,0,0,0
sn2207,20220218,20220218,134856500,13:48:57,319400,24,1383,7619610,0,0,0
sn2207,20220218,20220218,134857000,13:48:57,319400,24,1383,7619610,0,0,0
sn2207,20220218,20220218,134857500,13:48:57,319400,24,1383,7619610,0,0,0
sn2207,20220218,20220218,134858000,13:48:59,319400,24,1383,7619610,0,0,0
sn2207,20220218,20220218,134858500,13:48:59,319400,24,1383,7619610,0,0,0
sn2207,20220218,20220218,134859000,13:48:59,319400,24,1383,7619610,0,0,0
sn2207,20220218,20220218,134859500,13:49:00,319400,24,1383,7619610,0,0,0
sn2207,20220218,20220218,134900000,13:49:00,319400,24,1383,7619610,0,0,0
sn2207,20220218,20220218,134904000,13:49:04,319400,24,1383,7619610,0,0,0
sn2207,20220218,20220218,134905000,13:49:05,319400,24,1383,7619610,0,0,0
sn2207,20220218,20220218,134905500,13:49:05,319400,24,1383,7619610,0,0,0
sn2207,20220218,20220218,134916500,13:49:17,319400,24,1383,7619610,0,0,0
sn2207,20220218,20220218,134917500,13:49:17,319400,24,1383,7619610,0,0,0
sn2207,20220218,20220218,134918000,13:49:18,319400,24,1383,7619610,0,0,0
sn2207,20220218,20220218,134920000,13:49:20,319400,24,1383,7619610,0,0,0
sn2207,20220218,20220218,134921000,13:49:21,319400,24,1383,7619610,0,0,0
sn2207,20220218,20220218,134921500,13:49:21,319400,24,1383,7619610,0,0,0
sn2207,20220218,20220218,134922500,13:49:23,319400,24,1383,7619610,0,0,0
sn2207,20220218,20220218,134923500,13:49:24,319400,24,1383,7619610,0,0,0
sn2207,20220218,20220218,134924000,13:49:24,319400,24,1383,7619610,0,0,0
sn2207,20220218,20220218,134925500,13:49:26,319400,24,1383,7619610,0,0,0
sn2207,20220218,20220218,134926500,13:49:27,319400,24,1383,7619610,0,0,0
sn2207,20220218,20220218,134928500,13:49:29,319400,24,1383,7619610,0,0,0
sn2207,20220218,20220218,134929000,13:49:29,319400,24,1383,7619610,0,0,0
sn2207,20220218,20220218,134930500,13:49:31,319400,24,1383,7619610,0,0,0
sn2207,20220218,20220218,134931500,13:49:32,319400,24,1383,7619610,0,0,0
sn2207,20220218,20220218,134932000,13:49:32,319400,24,1383,7619610,0,0,0
sn2207,20220218,20220218,134933000,13:49:33,319400,24,1383,7619610,0,0,0
sn2207,20220218,20220218,134934000,13:49:34,319400,24,1383,7619610,0,0,0
sn2207,20220218,20220218,134934500,13:49:35,319400,24,1383,7619610,0,0,0
sn2207,20220218,20220218,134935000,13:49:35,319400,24,1383,7619610,0,0,0
sn2207,20220218,20220218,134935500,13:49:36,319400,24,1383,7619610,0,0,0
sn2207,20220218,20220218,134940500,13:49:40,319400,24,1383,7619610,0,0,0
sn2207,20220218,20220218,135004500,13:50:05,319400,24,1383,7619610,0,0,0
sn2207,20220218,20220218,135006500,13:50:07,319400,24,1383,7619610,0,0,0
sn2207,20220218,20220218,135104000,13:51:04,319400,24,1383,7619610,0,0,0
sn2207,20220218,20220218,135106000,13:51:06,319400,24,1383,7619610,0,0,0
sn2207,20220218,20220218,135106500,13:51:17,319400,24,1383,7619610,0,0,0
sn2207,20220218,20220218,135107000,13:51:20,319400,24,1383,7619610,0,0,0
sn2207,20220218,20220218,135111500,13:51:21,319400,24,1383,7619610,0,0,0
sn2207,20220218,20220218,135203500,13:52:04,319400,24,1383,7619610,0,0,0
sn2207,20220218,20220218,135239500,13:52:45,319400,24,1383,7619610,0,0,0
sn2207,20220218,20220218,135248500,13:52:49,319400,24,1383,7619610,0,0,0
sn2207,20220218,20220218,135315000,13:53:15,319400,24,1383,7619610,0,0,0
sn2207,20220218,20220218,135319500,13:53:20,319400,24,1383,7619610,0,0,0
sn2207,20220218,20220218,135320000,13:53:20,319400,24,1383,7619610,0,0,0
sn2207,20220218,20220218,135320500,13:53:21,319400,24,1383,7619610,0,0,0
sn2207,20220218,20220218,135321000,13:53:21,319400,24,1383,7619610,0,0,0
sn2207,20220218,20220218,135321500,13:53:22,319400,24,1383,7619610,0,0,0
sn2207,20220218,20220218,135322000,13:53:22,319400,24,1383,7619610,0,0,0
sn2207,20220218,20220218,135322500,13:53:23,319400,24,1383,7619610,0,0,0
sn2207,20220218,20220218,135323000,13:53:23,319400,24,1383,7619610,0,0,0
sn2207,20220218,20220218,135323500,13:53:23,319400,24,1383,7619610,0,0,0
sn2207,20220218,20220218,135324000,13:53:26,319400,24,1383,7619610,0,0,0
sn2207,20220218,20220218,135324500,13:53:26,319400,24,1383,7619610,0,0,0
sn2207,20220218,20220218,135325000,13:53:26,319400,24,1383,7619610,0,0,0
sn2207,20220218,20220218,135325500,13:53:26,319400,24,1383,7619610,0,0,0
sn2207,20220218,20220218,135326000,13:53:26,319400,24,1383,7619610,0,0,0
sn2207,20220218,20220218,135326500,13:53:26,319400,24,1383,7619610,0,0,0
sn2207,20220218,20220218,135327000,13:53:27,319400,24,1383,7619610,0,0,0
sn2207,20220218,20220218,135327500,13:53:28,319400,24,1383,7619610,0,0,0
sn2207,20220218,20220218,135328000,13:53:29,319400,24,1383,7619610,0,0,0
sn2207,20220218,20220218,135328500,13:53:29,319400,24,1383,7619610,0,0,0
sn2207,20220218,20220218,135329500,13:53:29,319400,24,1383,7619610,0,0,0
sn2207,20220218,20220218,135330000,13:53:30,319400,24,1383,7619610,0,0,0
sn2207,20220218,20220218,135330500,13:53:31,319400,24,1383,7619610,0,0,0
sn2207,20220218,20220218,135331000,13:53:31,319400,24,1383,7619610,0,0,0
sn2207,20220218,20220218,135331500,13:53:32,319400,24,1383,7619610,0,0,0
sn2207,20220218,20220218,135332500,13:53:33,319400,24,1383,7619610,0,0,0
sn2207,20220218,20220218,135333000,13:53:33,319400,24,1383,7619610,0,0,0
sn2207,20220218,20220218,135333500,13:53:33,319400,24,1383,7619610,0,0,0
sn2207,20220218,20220218,135334000,13:53:35,319400,24,1383,7619610,0,0,0
sn2207,20220218,20220218,135334500,13:53:35,319400,24,1383,7619610,0,0,0
sn2207,20220218,20220218,135335000,13:53:36,319400,24,1383,7619610,0,0,0
sn2207,20220218,20220218,135336000,13:53:44,319400,24,1383,7619610,0,0,0
sn2207,20220218,20220218,135336500,13:53:44,319400,24,1383,7619610,0,0,0
sn2207,20220218,20220218,135337000,13:53:45,319400,24,1383,7619610,0,0,0
sn2207,20220218,20220218,135344000,13:53:45,319400,24,1383,7619610,0,0,0
sn2207,20220218,20220218,135344500,13:53:46,319400,24,1383,7619610,0,0,0
sn2207,20220218,20220218,135345000,13:53:46,319400,24,1383,7619610,0,0,0
sn2207,20220218,20220218,135345500,13:53:46,319400,24,1383,7619610,0,0,0
sn2207,20220218,20220218,135346000,13:53:47,319400,24,1383,7619610,0,0,0
sn2207,20220218,20220218,135346500,13:53:47,319400,24,1383,7619610,0,0,0
sn2207,20220218,20220218,135347000,13:53:47,319400,24,1383,7619610,0,0,0
sn2207,20220218,20220218,135347500,13:53:47,319400,24,1383,7619610,0,0,0
sn2207,20220218,20220218,135348500,13:53:49,319400,24,1383,7619610,0,0,0
sn2207,20220218,20220218,135349000,13:53:49,319400,24,1383,7619610,0,0,0
sn2207,20220218,20220218,135351000,13:53:53,319400,24,1383,7619610,0,0,0
sn2207,20220218,20220218,135352500,13:53:53,319400,24,1383,7619610,0,0,0
sn2207,20220218,20220218,135355500,13:53:56,319400,24,1383,7619610,0,0,0
sn2207,20220218,20220218,135356000,13:53:56,319400,24,1383,7619610,0,0,0
sn2207,20220218,20220218,135356500,13:53:57,319400,24,1383,7619610,0,0,0
sn2207,20220218,20220218,135357000,13:53:57,319400,24,1383,7619610,0,0,0
sn2207,20220218,20220218,135357500,13:53:58,319400,24,1383,7619610,0,0,0
sn2207,20220218,20220218,135358000,13:53:59,319400,24,1383,7619610,0,0,0
sn2207,20220218,20220218,135358500,13:54:00,319400,24,1383,7619610,0,0,0
sn2207,20220218,20220218,135359000,13:54:02,319400,24,1383,7619610,0,0,0
sn2207,20220218,20220218,135400000,13:54:08,319400,24,1383,7619610,0,0,0
sn2207,20220218,20220218,135407500,13:54:09,319400,24,1383,7619610,0,0,0
sn2207,20220218,20220218,135408500,13:54:09,319400,24,1383,7619610,0,0,0
sn2207,20220218,20220218,135409000,13:54:10,319400,24,1383,7619610,0,0,0
sn2207,20220218,20220218,135409500,13:54:10,319400,24,1383,7619610,0,0,0
sn2207,20220218,20220218,135410000,13:54:10,319400,24,1383,7619610,0,0,0
sn2207,20220218,20220218,135410500,13:54:11,319400,24,1383,7619610,0,0,0
sn2207,20220218,20220218,135411000,13:54:11,319400,24,1383,7619610,0,0,0
sn2207,20220218,20220218,135411500,13:54:12,319400,24,1383,7619610,0,0,0
sn2207,20220218,20220218,135412000,13:54:12,319400,24,1383,7619610,0,0,0
sn2207,20220218,20220218,135413500,13:54:14,319400,24,1383,7619610,0,0,0
sn2207,20220218,20220218,135416500,13:54:16,319400,24,1383,7619610,0,0,0
sn2207,20220218,20220218,135417000,13:54:17,319400,24,1383,7619610,0,0,0
sn2207,20220218,20220218,135417500,13:54:18,319400,24,1383,7619610,0,0,0
sn2207,20220218,20220218,135418000,13:54:18,319400,24,1383,7619610,0,0,0
sn2207,20220218,20220218,135418500,13:54:18,319400,24,1383,7619610,0,0,0
sn2207,20220218,20220218,135419000,13:54:19,319400,24,1383,7619610,0,0,0
sn2207,20220218,20220218,135419500,13:54:20,319400,24,1383,7619610,0,0,0
sn2207,20220218,20220218,135423500,13:54:23,319400,24,1383,7619610,0,0,0
sn2207,20220218,20220218,135424000,13:54:24,319400,24,1383,7619610,0,0,0
sn2207,20220218,20220218,135424500,13:54:25,319400,24,1383,7619610,0,0,0
sn2207,20220218,20220218,135425500,13:54:26,319400,24,1383,7619610,0,0,0
sn2207,20220218,20220218,135426000,13:54:26,319400,24,1383,7619610,0,0,0
sn2207,20220218,20220218,135429000,13:54:31,319400,24,1383,7619610,0,0,0
sn2207,20220218,20220218,135430500,13:54:32,319400,24,1383,7619610,0,0,0
sn2207,20220218,20220218,135433000,13:54:33,319400,24,1383,7619610,0,0,0
sn2207,20220218,20220218,135433500,13:54:34,319400,24,1383,7619610,0,0,0
sn2207,20220218,20220218,135434000,13:54:34,319400,24,1383,7619610,0,0,0
sn2207,20220218,20220218,135434500,13:54:34,319400,24,1383,7619610,0,0,0
sn2207,20220218,20220218,135435000,13:54:35,319400,24,1383,7619610,0,0,0
sn2207,20220218,20220218,135435500,13:54:35,319400,24,1383,7619610,0,0,0
sn2207,20220218,20220218,135440000,13:54:40,319400,24,1383,7619610,0,0,0
sn2207,20220218,20220218,135440500,13:54:40,319400,24,1383,7619610,0,0,0
sn2207,20220218,20220218,135441000,13:54:41,319400,24,1383,7619610,0,0,0
sn2207,20220218,20220218,135443000,13:54:44,319400,24,1383,7619610,0,0,0
sn2207,20220218,20220218,135443500,13:54:44,319400,24,1383,7619610,0,0,0
sn2207,20220218,20220218,135444000,13:54:44,319400,24,1383,7619610,0,0,0
sn2207,20220218,20220218,135444500,13:54:44,319400,24,1383,7619610,0,0,0
sn2207,20220218,20220218,135445000,13:54:45,319400,24,1383,7619610,0,0,0
sn2207,20220218,20220218,135446500,13:54:47,319400,24,1383,7619610,0,0,0
sn2207,20220218,20220218,135447000,13:54:47,319400,24,1383,7619610,0,0,0
sn2207,20220218,20220218,135447500,13:54:47,319400,24,1383,7619610,0,0,0
sn2207,20220218,20220218,135448000,13:54:48,319400,24,1383,7619610,0,0,0
sn2207,20220218,20220218,135448500,13:54:49,319400,24,1383,7619610,0,0,0
sn2207,20220218,20220218,135449000,13:54:49,319400,24,1383,7619610,0,0,0
sn2207,20220218,20220218,135449500,13:54:50,319400,24,1383,7619610,0,0,0
sn2207,20220218,20220218,135450500,13:54:50,319400,24,1383,7619610,0,0,0
sn2207,20220218,20220218,135452500,13:54:52,319400,24,1383,7619610,0,0,0
sn2207,20220218,20220218,135453000,13:54:53,319400,24,1383,7619610,0,0,0
sn2207,20220218,20220218,135453500,13:54:54,319400,24,1383,7619610,0,0,0
sn2207,20220218,20220218,135454000,13:54:54,319400,24,1383,7619610,0,0,0
sn2207,20220218,20220218,135454500,13:54:55,319400,24,1383,7619610,0,0,0
sn2207,20220218,20220218,135455500,13:54:55,319400,24,1383,7619610,0,0,0
sn2207,20220218,20220218,135456000,13:54:56,319400,24,1383,7619610,0,0,0
sn2207,20220218,20220218,135505500,13:55:06,319400,24,1383,7619610,0,0,0
sn2207,20220218,20220218,135511500,13:55:12,319400,24,1383,7619610,0,0,0
sn2207,20220218,20220218,135512000,13:55:12,319400,24,1383,7619610,0,0,0
sn2207,20220218,20220218,135512500,13:55:13,319400,24,1383,7619610,0,0,0
sn2207,20220218,20220218,135513000,13:55:15,319400,24,1383,7619610,0,0,0
sn2207,20220218,20220218,135522500,13:55:25,319400,24,1383,7619610,0,0,0
sn2207,20220218,20220218,135531000,13:55:31,319400,24,1383,7619610,0,0,0
sn2207,20220218,20220218,135533000,13:55:33,319400,24,1383,7619610,0,0,0
sn2207,20220218,20220218,135533500,13:55:34,319400,24,1383,7619610,0,0,0
sn2207,20220218,20220218,135534000,13:55:34,319400,24,1383,7619610,0,0,0
sn2207,20220218,20220218,135535000,13:55:35,319400,24,1383,7619610,0,0,0
sn2207,20220218,20220218,135535500,13:55:36,319400,24,1383,7619610,0,0,0
sn2207,20220218,20220218,135536000,13:55:37,319400,24,1383,7619610,0,0,0
sn2207,20220218,20220218,135536500,13:55:37,319400,24,1383,7619610,0,0,0
sn2207,20220218,20220218,135537000,13:55:37,319400,24,1383,7619610,0,0,0
sn2207,20220218,20220218,135547000,13:55:47,319400,24,1383,7619610,0,0,0
sn2207,20220218,20220218,135552000,13:55:52,319400,24,1383,7619610,0,0,0
sn2207,20220218,20220218,135558500,13:55:58,319400,24,1383,7619610,0,0,0
sn2207,20220218,20220218,135559000,13:55:59,319400,24,1383,7619610,0,0,0
sn2207,20220218,20220218,135618000,13:56:23,319400,24,1383,7619610,0,0,0
sn2207,20220218,20220218,135639000,13:56:39,319400,24,1383,7619610,0,0,0
sn2207,20220218,20220218,135640000,13:56:40,319400,24,1383,7619610,0,0,0
sn2207,20220218,20220218,135641000,13:56:41,319400,24,1383,7619610,0,0,0
sn2207,20220218,20220218,135641500,13:56:42,319400,24,1383,7619610,0,0,0
sn2207,20220218,20220218,135642000,13:56:43,319400,24,1383,7619610,0,0,0
sn2207,20220218,20220218,135642500,13:56:43,319400,24,1383,7619610,0,0,0
sn2207,20220218,20220218,135643000,13:56:44,319400,24,1383,7619610,0,0,0
sn2207,20220218,20220218,135643500,13:56:44,319400,24,1383,7619610,0,0,0
sn2207,20220218,20220218,135644000,13:56:45,319400,24,1383,7619610,0,0,0
sn2207,20220218,20220218,135644500,13:56:45,319400,24,1383,7619610,0,0,0
sn2207,20220218,20220218,135645000,13:56:47,319400,24,1383,7619610,0,0,0
sn2207,20220218,20220218,135645500,13:56:47,319400,24,1383,7619610,0,0,0
sn2207,20220218,20220218,135647000,13:56:48,319400,24,1383,7619610,0,0,0
sn2207,20220218,20220218,135648000,13:56:50,319400,24,1383,7619610,0,0,0
sn2207,20220218,20220218,135648500,13:56:50,319400,24,1383,7619610,0,0,0
sn2207,20220218,20220218,135649000,13:56:50,319400,24,1383,7619610,0,0,0
sn2207,20220218,20220218,135649500,13:56:50,319400,24,1383,7619610,0,0,0
sn2207,20220218,20220218,135650000,13:56:51,319400,24,1383,7619610,0,0,0
sn2207,20220218,20220218,135650500,13:56:51,319400,24,1383,7619610,0,0,0
sn2207,20220218,20220218,135651500,13:56:52,319400,24,1383,7619610,0,0,0
sn2207,20220218,20220218,135654500,13:56:54,319400,24,1383,7619610,0,0,0
sn2207,20220218,20220218,135655000,13:56:55,319400,24,1383,7619610,0,0,0
sn2207,20220218,20220218,135655500,13:56:55,319400,24,1383,7619610,0,0,0
sn2207,20220218,20220218,135657000,13:56:57,319400,24,1383,7619610,0,0,0
sn2207,20220218,20220218,135658000,13:56:58,319400,24,1383,7619610,0,0,0
sn2207,20220218,20220218,135658500,13:56:59,319400,24,1383,7619610,0,0,0
sn2207,20220218,20220218,135659000,13:57:00,319400,24,1383,7619610,0,0,0
sn2207,20220218,20220218,135659500,13:57:01,319400,24,1383,7619610,0,0,0
sn2207,20220218,20220218,135702000,13:57:02,319400,24,1383,7619610,0,0,0
sn2207,20220218,20220218,135706000,13:57:06,319400,24,1383,7619610,0,0,0
sn2207,20220218,20220218,135708000,13:57:08,319400,24,1383,7619610,0,0,0
