sn2204,20220218,20220218,112003000,11:20:08,333820,11514,11083,3820161980,11514,473,3820161980
sn2204,20220218,20220218,112004500,11:20:10,333820,11514,11083,3820161980,0,0,0
sn2204,20220218,20220218,112006000,11:20:10,333820,11514,11083,3820161980,0,0,0
sn2204,20220218,20220218,112006500,11:20:10,333820,11514,11083,3820161980,0,0,0
sn2204,20220218,20220218,112007000,11:20:10,333820,11514,11083,3820161980,0,0,0
sn2204,20220218,20220218,112007500,11:20:10,333820,11514,11083,3820161980,0,0,0
sn2204,20220218,20220218,112008000,11:20:10,333820,11514,11083,3820161980,0,0,0
sn2204,20220218,20220218,112008500,11:20:10,333820,11514,11083,3820161980,0,0,0
sn2204,20220218,20220218,112009000,11:20:10,333820,11514,11083,3820161980,0,0,0
sn2204,20220218,20220218,112009500,11:20:10,333820,11514,11083,3820161980,0,0,0
sn2204,20220218,20220218,112010000,11:20:10,333820,11514,11083,3820161980,0,0,0
sn2204,20220218,20220218,112010500,11:20:10,333820,11514,11083,3820161980,0,0,0
sn2204,20220218,20220218,112011000,11:20:11,333820,11514,11083,3820161980,0,0,0
sn2204,20220218,20220218,112011500,11:20:12,333820,11514,11083,3820161980,0,0,0
sn2204,20220218,20220218,112012000,11:20:12,333820,11514,11083,3820161980,0,0,0
sn2204,20220218,20220218,112012500,11:20:12,333820,11514,11083,3820161980,0,0,0
sn2204,20220218,20220218,112013000,11:20:13,333820,11514,11083,3820161980,0,0,0
sn2204,20220218,20220218,112013500,11:20:13,333820,11514,11083,3820161980,0,0,0
sn2204,20220218,20220218,112014000,11:20:14,333820,11514,11083,3820161980,0,0,0
sn2204,20220218,20220218,112014500,11:20:14,333820,11514,11083,3820161980,0,0,0
sn2204,20220218,20220218,112015000,11:20:15,333820,11514,11083,3820161980,0,0,0
sn2204,20220218,20220218,112015500,11:20:16,333820,11514,11083,3820161980,0,0,0
sn2204,20220218,20220218,112016000,11:20:16,333820,11514,11083,3820161980,0,0,0
sn2204,20220218,20220218,112016500,11:20:16,333820,11514,11083,3820161980,0,0,0
sn2204,20220218,20220218,112017000,11:20:17,333820,11514,11083,3820161980,0,0,0
sn2204,20220218,20220218,112017500,11:20:17,333820,11514,11083,3820161980,0,0,0
sn2204,20220218,20220218,112018000,11:20:18,333820,11514,11083,3820161980,0,0,0
sn2204,20220218,20220218,112018500,11:20:18,333820,11514,11083,3820161980,0,0,0
sn2204,20220218,20220218,112019000,11:20:19,333820,11514,11083,3820161980,0,0,0
sn2204,20220218,20220218,112019500,11:20:20,333820,11514,11083,3820161980,0,0,0
sn2204,20220218,20220218,112020000,11:20:20,333820,11514,11083,3820161980,0,0,0
sn2204,20220218,20220218,112020500,11:20:21,333820,11514,11083,3820161980,0,0,0
sn2204,20220218,20220218,112021000,11:20:21,333820,11514,11083,3820161980,0,0,0
sn2204,20220218,20220218,112021500,11:20:21,333820,11514,11083,3820161980,0,0,0
sn2204,20220218,20220218,112022000,11:20:22,333920,11515,11083,3820495900,1,0,333920
sn2204,20220218,20220218,112022500,11:20:23,333920,11515,11083,3820495900,0,0,0
sn2204,20220218,20220218,112023000,11:20:23,333920,11515,11083,3820495900,0,0,0
sn2204,20220218,20220218,112023500,11:20:23,333920,11515,11083,3820495900,0,0,0
sn2204,20220218,20220218,112024000,11:20:24,333920,11515,11083,3820495900,0,0,0
sn2204,20220218,20220218,112024500,11:20:24,333890,11516,11083,3820829790,1,0,333890
sn2204,20220218,20220218,112025000,11:20:25,333890,11516,11083,3820829790,0,0,0
sn2204,20220218,20220218,112025500,11:20:25,333890,11516,11083,3820829790,0,0,0
sn2204,20220218,20220218,112026000,11:20:26,333890,11516,11083,3820829790,0,0,0
sn2204,20220218,20220218,112026500,11:20:26,333890,11516,11083,3820829790,0,0,0
sn2204,20220218,20220218,112027000,11:20:27,333890,11516,11083,3820829790,0,0,0
sn2204,20220218,20220218,112027500,11:20:28,333890,11516,11083,3820829790,0,0,0
sn2204,20220218,20220218,112028000,11:20:28,333890,11516,11083,3820829790,0,0,0
sn2204,20220218,20220218,112028500,11:20:28,333890,11516,11083,3820829790,0,0,0
sn2204,20220218,20220218,112029000,11:20:29,333890,11516,11083,3820829790,0,0,0
sn2204,20220218,20220218,112029500,11:20:30,333890,11516,11083,3820829790,0,0,0
sn2204,20220218,20220218,112030000,11:20:31,333890,11516,11083,3820829790,0,0,0
sn2204,20220218,20220218,112030500,11:20:31,333890,11516,11083,3820829790,0,0,0
sn2204,20220218,20220218,112031000,11:20:32,333820,11519,11083,3821831250,3,0,1001460
sn2204,20220218,20220218,112031500,11:20:32,333800,11522,11084,3822832690,3,1,1001440
sn2204,20220218,20220218,112032000,11:20:32,333800,11522,11084,3822832690,0,0,0
sn2204,20220218,20220218,112032500,11:20:32,333800,11522,11084,3822832690,0,0,0
sn2204,20220218,20220218,112033000,11:20:33,333800,11522,11084,3822832690,0,0,0
sn2204,20220218,20220218,112033500,11:20:33,333800,11522,11084,3822832690,0,0,0
sn2204,20220218,20220218,112034000,11:20:34,333800,11522,11084,3822832690,0,0,0
sn2204,20220218,20220218,112034500,11:20:35,333770,11524,11085,3823500200,2,1,667510
sn2204,20220218,20220218,112035000,11:20:35,333770,11524,11085,3823500200,0,0,0
sn2204,20220218,20220218,112035500,11:20:35,333770,11524,11085,3823500200,0,0,0
sn2204,20220218,20220218,112036000,11:20:36,333770,11524,11085,3823500200,0,0,0
sn2204,20220218,20220218,112036500,11:20:37,333770,11524,11085,3823500200,0,0,0
sn2204,20220218,20220218,112037000,11:20:37,333790,11527,11084,3824501390,3,-1,1001190
sn2204,20220218,20220218,112037500,11:20:38,333790,11527,11084,3824501390,0,0,0
sn2204,20220218,20220218,112038000,11:20:38,333790,11527,11084,3824501390,0,0,0
sn2204,20220218,20220218,112038500,11:20:38,333790,11527,11084,3824501390,0,0,0
sn2204,20220218,20220218,112039000,11:20:39,333790,11527,11084,3824501390,0,0,0
sn2204,20220218,20220218,112039500,11:20:40,333790,11527,11084,3824501390,0,0,0
sn2204,20220218,20220218,112040000,11:20:40,333790,11527,11084,3824501390,0,0,0
sn2204,20220218,20220218,112040500,11:20:41,333750,11528,11083,3824835140,1,-1,333750
sn2204,20220218,20220218,112041000,11:20:41,333750,11528,11083,3824835140,0,0,0
sn2204,20220218,20220218,112041500,11:20:41,333750,11528,11083,3824835140,0,0,0
sn2204,20220218,20220218,112042000,11:20:42,333800,11530,11083,3825502730,2,0,667590
sn2204,20220218,20220218,112042500,11:20:42,333800,11530,11083,3825502730,0,0,0
sn2204,20220218,20220218,112043000,11:20:43,333800,11530,11083,3825502730,0,0,0
sn2204,20220218,20220218,112043500,11:20:44,333800,11530,11083,3825502730,0,0,0
sn2204,20220218,20220218,112044000,11:20:44,333800,11530,11083,3825502730,0,0,0
sn2204,20220218,20220218,112044500,11:20:45,333800,11530,11083,3825502730,0,0,0
sn2204,20220218,20220218,112045000,11:20:45,333800,11530,11083,3825502730,0,0,0
sn2204,20220218,20220218,112045500,11:20:46,333800,11530,11083,3825502730,0,0,0
sn2204,20220218,20220218,112046000,11:20:46,333800,11530,11083,3825502730,0,0,0
sn2204,20220218,20220218,112046500,11:20:46,333800,11530,11083,3825502730,0,0,0
sn2204,20220218,20220218,112047000,11:20:47,333860,11531,11082,3825836590,1,-1,333860
sn2204,20220218,20220218,112047500,11:20:48,333860,11531,11082,3825836590,0,0,0
sn2204,20220218,20220218,112048000,11:20:48,333860,11531,11082,3825836590,0,0,0
sn2204,20220218,20220218,112048500,11:20:50,333860,11531,11082,3825836590,0,0,0
sn2204,20220218,20220218,112049000,11:20:50,333860,11531,11082,3825836590,0,0,0
sn2204,20220218,20220218,112049500,11:20:50,333860,11531,11082,3825836590,0,0,0
sn2204,20220218,20220218,112050500,11:20:51,334000,11532,11083,3826170590,1,1,334000
sn2204,20220218,20220218,112051000,11:20:51,333870,11533,11084,3826504460,1,1,333870
sn2204,20220218,20220218,112051500,11:20:52,333870,11535,11084,3827172200,2,0,667740
sn2204,20220218,20220218,112052000,11:20:53,333870,11535,11084,3827172200,0,0,0
sn2204,20220218,20220218,112052500,11:20:53,333870,11535,11084,3827172200,0,0,0
sn2204,20220218,20220218,112053000,11:20:53,333870,11535,11084,3827172200,0,0,0
sn2204,20220218,20220218,112053500,11:20:53,333870,11535,11084,3827172200,0,0,0
sn2204,20220218,20220218,112054000,11:20:54,333870,11535,11084,3827172200,0,0,0
sn2204,20220218,20220218,112054500,11:20:55,333870,11535,11084,3827172200,0,0,0
sn2204,20220218,20220218,112055000,11:20:55,333870,11535,11084,3827172200,0,0,0
sn2204,20220218,20220218,112055500,11:20:56,333870,11535,11084,3827172200,0,0,0
sn2204,20220218,20220218,112056000,11:20:56,333870,11535,11084,3827172200,0,0,0
sn2204,20220218,20220218,112056500,11:20:56,333870,11535,11084,3827172200,0,0,0
sn2204,20220218,20220218,112057000,11:20:58,333870,11535,11084,3827172200,0,0,0
sn2204,20220218,20220218,112057500,11:20:58,333870,11535,11084,3827172200,0,0,0
sn2204,20220218,20220218,112058000,11:20:58,333870,11535,11084,3827172200,0,0,0
sn2204,20220218,20220218,112058500,11:20:59,333870,11535,11084,3827172200,0,0,0
sn2204,20220218,20220218,112059000,11:21:00,333870,11535,11084,3827172200,0,0,0
sn2204,20220218,20220218,112059500,11:21:00,333870,11535,11084,3827172200,0,0,0
sn2204,20220218,20220218,112100000,11:21:00,333870,11535,11084,3827172200,0,0,0
sn2204,20220218,20220218,112100500,11:21:01,333870,11535,11084,3827172200,0,0,0
sn2204,20220218,20220218,112101000,11:21:01,333870,11535,11084,3827172200,0,0,0
sn2204,20220218,20220218,112101500,11:21:02,333870,11535,11084,3827172200,0,0,0
sn2204,20220218,20220218,112102000,11:21:03,333870,11535,11084,3827172200,0,0,0
sn2204,20220218,20220218,112102500,11:21:03,333870,11535,11084,3827172200,0,0,0
sn2204,20220218,20220218,112103000,11:21:03,333870,11535,11084,3827172200,0,0,0
sn2204,20220218,20220218,112103500,11:21:04,333830,11537,11083,3827839870,2,-1,667670
sn2204,20220218,20220218,112104000,11:21:04,333830,11537,11083,3827839870,0,0,0
sn2204,20220218,20220218,112104500,11:21:05,333830,11537,11083,3827839870,0,0,0
sn2204,20220218,20220218,112105000,11:21:06,333830,11537,11083,3827839870,0,0,0
sn2204,20220218,20220218,112105500,11:21:07,333830,11537,11083,3827839870,0,0,0
sn2204,20220218,20220218,112106000,11:21:07,333830,11537,11083,3827839870,0,0,0
sn2204,20220218,20220218,112106500,11:21:08,333830,11537,11083,3827839870,0,0,0
sn2204,20220218,20220218,112107000,11:21:09,333830,11537,11083,3827839870,0,0,0
sn2204,20220218,20220218,112107500,11:21:10,333830,11537,11083,3827839870,0,0,0
sn2204,20220218,20220218,112108000,11:21:10,333830,11537,11083,3827839870,0,0,0
sn2204,20220218,20220218,112110000,11:21:11,333830,11537,11083,3827839870,0,0,0
sn2204,20220218,20220218,112110500,11:21:11,333830,11537,11083,3827839870,0,0,0
sn2204,20220218,20220218,112111000,11:21:11,333830,11537,11083,3827839870,0,0,0
sn2204,20220218,20220218,112111500,11:21:12,333830,11537,11083,3827839870,0,0,0
sn2204,20220218,20220218,112112000,11:21:12,333820,11541,11080,3829175150,4,-3,1335280
sn2204,20220218,20220218,112112500,11:21:13,333780,11544,11080,3830176570,3,0,1001420
sn2204,20220218,20220218,112113000,11:21:13,333790,11545,11080,3830510360,1,0,333790
sn2204,20220218,20220218,112113500,11:21:13,333790,11545,11080,3830510360,0,0,0
sn2204,20220218,20220218,112114000,11:21:14,333790,11545,11080,3830510360,0,0,0
sn2204,20220218,20220218,112114500,11:21:14,333710,11546,11080,3830844070,1,0,333710
sn2204,20220218,20220218,112115000,11:21:15,333710,11546,11080,3830844070,0,0,0
sn2204,20220218,20220218,112115500,11:21:15,333710,11546,11080,3830844070,0,0,0
sn2204,20220218,20220218,112116000,11:21:16,333710,11546,11080,3830844070,0,0,0
sn2204,20220218,20220218,112116500,11:21:17,333710,11546,11080,3830844070,0,0,0
sn2204,20220218,20220218,112117000,11:21:17,333710,11546,11080,3830844070,0,0,0
sn2204,20220218,20220218,112117500,11:21:18,333710,11546,11080,3830844070,0,0,0
sn2204,20220218,20220218,112118000,11:21:18,333710,11546,11080,3830844070,0,0,0
sn2204,20220218,20220218,112118500,11:21:18,333710,11546,11080,3830844070,0,0,0
sn2204,20220218,20220218,112119000,11:21:19,333710,11546,11080,3830844070,0,0,0
sn2204,20220218,20220218,112119500,11:21:19,333710,11546,11080,3830844070,0,0,0
sn2204,20220218,20220218,112120000,11:21:21,333710,11546,11080,3830844070,0,0,0
sn2204,20220218,20220218,112120500,11:21:21,333710,11546,11080,3830844070,0,0,0
sn2204,20220218,20220218,112121000,11:21:22,333710,11546,11080,3830844070,0,0,0
sn2204,20220218,20220218,112121500,11:21:22,333710,11546,11080,3830844070,0,0,0
sn2204,20220218,20220218,112122000,11:21:22,333710,11546,11080,3830844070,0,0,0
sn2204,20220218,20220218,112122500,11:21:22,333710,11546,11080,3830844070,0,0,0
sn2204,20220218,20220218,112123000,11:21:23,333720,11548,11080,3831511520,2,0,667450
sn2204,20220218,20220218,112123500,11:21:23,333720,11548,11080,3831511520,0,0,0
sn2204,20220218,20220218,112124000,11:21:24,333730,11549,11080,3831845250,1,0,333730
sn2204,20220218,20220218,112124500,11:21:25,333700,11550,11081,3832178950,1,1,333700
sn2204,20220218,20220218,112125000,11:23:32,333700,11552,11081,3832846350,2,0,667400
sn2204,20220218,20220218,112125500,11:23:32,333700,11552,11081,3832846350,0,0,0
sn2204,20220218,20220218,112126000,11:23:33,333700,11552,11081,3832846350,0,0,0
sn2204,20220218,20220218,112126500,11:23:33,333700,11552,11081,3832846350,0,0,0
sn2204,20220218,20220218,112332500,11:23:33,333700,11552,11081,3832846350,0,0,0
sn2204,20220218,20220218,112333000,11:23:33,333700,11552,11081,3832846350,0,0,0
sn2204,20220218,20220218,112333500,11:23:33,333700,11552,11081,3832846350,0,0,0
sn2204,20220218,20220218,112334000,11:23:34,333700,11552,11081,3832846350,0,0,0
sn2204,20220218,20220218,112334500,11:23:34,333700,11552,11081,3832846350,0,0,0
sn2204,20220218,20220218,112335000,11:23:35,333700,11552,11081,3832846350,0,0,0
sn2204,20220218,20220218,112335500,11:23:35,333700,11552,11081,3832846350,0,0,0
sn2204,20220218,20220218,112336000,11:23:36,333700,11552,11081,3832846350,0,0,0
sn2204,20220218,20220218,112336500,11:23:38,333700,11552,11081,3832846350,0,0,0
sn2204,20220218,20220218,112337000,11:23:38,333700,11552,11081,3832846350,0,0,0
sn2204,20220218,20220218,112337500,11:23:38,333700,11552,11081,3832846350,0,0,0
sn2204,20220218,20220218,112338000,11:23:38,333700,11552,11081,3832846350,0,0,0
sn2204,20220218,20220218,112338500,11:23:38,333700,11552,11081,3832846350,0,0,0
sn2204,20220218,20220218,112339000,11:23:39,333700,11552,11081,3832846350,0,0,0
sn2204,20220218,20220218,112339500,11:23:39,333700,11552,11081,3832846350,0,0,0
sn2204,20220218,20220218,112340000,11:23:40,333700,11552,11081,3832846350,0,0,0
sn2204,20220218,20220218,112340500,11:23:40,333700,11552,11081,3832846350,0,0,0
sn2204,20220218,20220218,112341000,11:23:41,333700,11552,11081,3832846350,0,0,0
sn2204,20220218,20220218,112341500,11:23:42,333700,11552,11081,3832846350,0,0,0
sn2204,20220218,20220218,112342000,11:23:42,333700,11552,11081,3832846350,0,0,0
sn2204,20220218,20220218,112342500,11:23:42,333700,11552,11081,3832846350,0,0,0
sn2204,20220218,20220218,112343000,11:23:43,333700,11552,11081,3832846350,0,0,0
sn2204,20220218,20220218,112343500,11:23:43,333700,11552,11081,3832846350,0,0,0
sn2204,20220218,20220218,112344000,11:23:45,333700,11552,11081,3832846350,0,0,0
sn2204,20220218,20220218,112344500,11:23:48,333700,11552,11081,3832846350,0,0,0
sn2204,20220218,20220218,112345000,11:23:48,333700,11552,11081,3832846350,0,0,0
sn2204,20220218,20220218,112345500,11:23:48,333700,11552,11081,3832846350,0,0,0
sn2204,20220218,20220218,112348000,11:23:48,333700,11552,11081,3832846350,0,0,0
sn2204,20220218,20220218,112348500,11:23:49,333700,11552,11081,3832846350,0,0,0
sn2204,20220218,20220218,112349000,11:23:49,333700,11552,11081,3832846350,0,0,0
sn2204,20220218,20220218,112349500,11:23:50,333700,11552,11081,3832846350,0,0,0
sn2204,20220218,20220218,112350000,11:23:50,333700,11552,11081,3832846350,0,0,0
sn2204,20220218,20220218,112350500,11:23:50,333700,11552,11081,3832846350,0,0,0
sn2204,20220218,20220218,112351000,11:23:51,333700,11552,11081,3832846350,0,0,0
sn2204,20220218,20220218,112351500,11:23:51,333700,11552,11081,3832846350,0,0,0
sn2204,20220218,20220218,112352000,11:23:52,333700,11552,11081,3832846350,0,0,0
sn2204,20220218,20220218,112352500,11:23:52,333700,11552,11081,3832846350,0,0,0
sn2204,20220218,20220218,112353000,11:23:53,333700,11552,11081,3832846350,0,0,0
sn2204,20220218,20220218,112353500,11:23:53,333700,11552,11081,3832846350,0,0,0
sn2204,20220218,20220218,112354000,11:23:54,333700,11552,11081,3832846350,0,0,0
sn2204,20220218,20220218,112354500,11:23:55,333700,11552,11081,3832846350,0,0,0
sn2204,20220218,20220218,112355000,11:23:55,333700,11552,11081,3832846350,0,0,0
sn2204,20220218,20220218,112355500,11:23:55,333700,11552,11081,3832846350,0,0,0
sn2204,20220218,20220218,112356000,11:23:56,333700,11552,11081,3832846350,0,0,0
sn2204,20220218,20220218,112356500,11:23:56,333700,11552,11081,3832846350,0,0,0
sn2204,20220218,20220218,112357000,11:23:57,333700,11552,11081,3832846350,0,0,0
sn2204,20220218,20220218,112357500,11:23:57,333700,11552,11081,3832846350,0,0,0
sn2204,20220218,20220218,112358000,11:23:58,333700,11552,11081,3832846350,0,0,0
sn2204,20220218,20220218,112358500,11:23:58,333700,11552,11081,3832846350,0,0,0
sn2204,20220218,20220218,112359000,11:23:59,333700,11552,11081,3832846350,0,0,0
sn2204,20220218,20220218,112359500,11:23:59,333700,11552,11081,3832846350,0,0,0
sn2204,20220218,20220218,112400000,11:24:00,333700,11552,11081,3832846350,0,0,0
sn2204,20220218,20220218,112400500,11:24:00,333700,11552,11081,3832846350,0,0,0
sn2204,20220218,20220218,112401000,11:24:01,333700,11552,11081,3832846350,0,0,0
sn2204,20220218,20220218,112401500,11:24:01,333700,11552,11081,3832846350,0,0,0
sn2204,20220218,20220218,112402000,11:24:02,333700,11552,11081,3832846350,0,0,0
sn2204,20220218,20220218,112402500,11:24:02,333700,11552,11081,3832846350,0,0,0
sn2204,20220218,20220218,112403000,11:24:03,333700,11552,11081,3832846350,0,0,0
sn2204,20220218,20220218,112403500,11:24:04,333700,11552,11081,3832846350,0,0,0
sn2204,20220218,20220218,112404000,11:24:04,333700,11552,11081,3832846350,0,0,0
sn2204,20220218,20220218,112404500,11:24:04,333700,11552,11081,3832846350,0,0,0
sn2204,20220218,20220218,112405000,11:24:05,333700,11552,11081,3832846350,0,0,0
sn2204,20220218,20220218,112405500,11:24:05,333700,11552,11081,3832846350,0,0,0
sn2204,20220218,20220218,112406000,11:24:06,333700,11552,11081,3832846350,0,0,0
sn2204,20220218,20220218,112406500,11:24:06,333700,11552,11081,3832846350,0,0,0
sn2204,20220218,20220218,112407000,11:24:07,333700,11552,11081,3832846350,0,0,0
sn2204,20220218,20220218,112407500,11:24:08,333700,11552,11081,3832846350,0,0,0
sn2204,20220218,20220218,112408000,11:24:08,333700,11552,11081,3832846350,0,0,0
sn2204,20220218,20220218,112408500,11:24:08,333700,11552,11081,3832846350,0,0,0
sn2204,20220218,20220218,112409000,11:24:11,333700,11552,11081,3832846350,0,0,0
sn2204,20220218,20220218,112409500,11:24:11,333700,11552,11081,3832846350,0,0,0
sn2204,20220218,20220218,112410000,11:24:12,333700,11552,11081,3832846350,0,0,0
sn2204,20220218,20220218,112410500,11:24:12,333700,11552,11081,3832846350,0,0,0
sn2204,20220218,20220218,112411500,11:24:12,333700,11552,11081,3832846350,0,0,0
sn2204,20220218,20220218,112412000,11:24:12,333700,11552,11081,3832846350,0,0,0
sn2204,20220218,20220218,112412500,11:24:13,333700,11552,11081,3832846350,0,0,0
sn2204,20220218,20220218,112413000,11:24:13,333700,11552,11081,3832846350,0,0,0
sn2204,20220218,20220218,112413500,11:24:14,333720,11581,11079,3842521610,29,-2,9675260
sn2204,20220218,20220218,112414000,11:24:14,333720,11581,11079,3842521610,0,0,0
sn2204,20220218,20220218,112414500,11:24:15,333720,11581,11079,3842521610,0,0,0
sn2204,20220218,20220218,112415000,11:24:15,333720,11581,11079,3842521610,0,0,0
sn2204,20220218,20220218,112415500,11:24:15,333720,11581,11079,3842521610,0,0,0
sn2204,20220218,20220218,112416000,11:24:16,333720,11581,11079,3842521610,0,0,0
sn2204,20220218,20220218,112416500,11:24:17,333720,11581,11079,3842521610,0,0,0
sn2204,20220218,20220218,112417000,11:24:17,333720,11581,11079,3842521610,0,0,0
sn2204,20220218,20220218,112417500,11:24:18,333720,11581,11079,3842521610,0,0,0
sn2204,20220218,20220218,112418000,11:24:18,333720,11581,11079,3842521610,0,0,0
sn2204,20220218,20220218,112418500,11:24:19,333720,11581,11079,3842521610,0,0,0
sn2204,20220218,20220218,112419000,11:24:19,333720,11581,11079,3842521610,0,0,0
sn2204,20220218,20220218,112419500,11:24:20,333720,11581,11079,3842521610,0,0,0
sn2204,20220218,20220218,112420000,11:24:20,333720,11581,11079,3842521610,0,0,0
sn2204,20220218,20220218,112420500,11:24:20,333720,11581,11079,3842521610,0,0,0
sn2204,20220218,20220218,112421000,11:24:21,333720,11581,11079,3842521610,0,0,0
sn2204,20220218,20220218,112421500,11:24:22,333720,11581,11079,3842521610,0,0,0
sn2204,20220218,20220218,112422000,11:24:22,333720,11581,11079,3842521610,0,0,0
sn2204,20220218,20220218,112422500,11:24:23,333720,11581,11079,3842521610,0,0,0
sn2204,20220218,20220218,112423000,11:24:23,333720,11581,11079,3842521610,0,0,0
sn2204,20220218,20220218,112423500,11:24:23,333720,11581,11079,3842521610,0,0,0
sn2204,20220218,20220218,112424000,11:24:24,333720,11581,11079,3842521610,0,0,0
sn2204,20220218,20220218,112424500,11:24:24,333720,11581,11079,3842521610,0,0,0
sn2204,20220218,20220218,112425000,11:24:25,333720,11581,11079,3842521610,0,0,0
sn2204,20220218,20220218,112425500,11:24:25,333720,11581,11079,3842521610,0,0,0
sn2204,20220218,20220218,112426000,11:24:26,333720,11581,11079,3842521610,0,0,0
sn2204,20220218,20220218,112426500,11:24:26,333720,11581,11079,3842521610,0,0,0
sn2204,20220218,20220218,112427000,11:24:27,333720,11581,11079,3842521610,0,0,0
sn2204,20220218,20220218,112427500,11:24:28,333720,11581,11079,3842521610,0,0,0
sn2204,20220218,20220218,112428000,11:24:28,333720,11581,11079,3842521610,0,0,0
sn2204,20220218,20220218,112428500,11:24:28,333720,11581,11079,3842521610,0,0,0
sn2204,20220218,20220218,112429000,11:24:29,333720,11581,11079,3842521610,0,0,0
sn2204,20220218,20220218,112429500,11:24:29,333720,11581,11079,3842521610,0,0,0
sn2204,20220218,20220218,112430000,11:24:30,333720,11581,11079,3842521610,0,0,0
sn2204,20220218,20220218,112430500,11:24:30,333720,11581,11079,3842521610,0,0,0
sn2204,20220218,20220218,112431000,11:24:31,333720,11581,11079,3842521610,0,0,0
sn2204,20220218,20220218,112431500,11:24:31,333720,11581,11079,3842521610,0,0,0
sn2204,20220218,20220218,112432000,11:24:32,333720,11581,11079,3842521610,0,0,0
sn2204,20220218,20220218,112432500,11:24:32,333720,11581,11079,3842521610,0,0,0
sn2204,20220218,20220218,112433000,11:24:33,333720,11581,11079,3842521610,0,0,0
sn2204,20220218,20220218,112433500,11:24:33,333720,11581,11079,3842521610,0,0,0
sn2204,20220218,20220218,112434000,11:24:34,333720,11581,11079,3842521610,0,0,0
sn2204,20220218,20220218,112434500,11:24:34,333720,11581,11079,3842521610,0,0,0
sn2204,20220218,20220218,112435000,11:24:35,333720,11581,11079,3842521610,0,0,0
sn2204,20220218,20220218,112435500,11:24:35,333720,11581,11079,3842521610,0,0,0
sn2204,20220218,20220218,112436000,11:24:36,333720,11581,11079,3842521610,0,0,0
sn2204,20220218,20220218,112436500,11:24:36,333720,11581,11079,3842521610,0,0,0
sn2204,20220218,20220218,112437000,11:24:37,333720,11581,11079,3842521610,0,0,0
sn2204,20220218,20220218,112437500,11:24:37,333720,11581,11079,3842521610,0,0,0
sn2204,20220218,20220218,112438000,11:24:39,333720,11581,11079,3842521610,0,0,0
sn2204,20220218,20220218,112438500,11:24:39,333720,11581,11079,3842521610,0,0,0
sn2204,20220218,20220218,112439000,11:24:40,333720,11581,11079,3842521610,0,0,0
sn2204,20220218,20220218,112439500,11:24:40,333720,11581,11079,3842521610,0,0,0
sn2204,20220218,20220218,112440000,11:24:40,333720,11581,11079,3842521610,0,0,0
sn2204,20220218,20220218,112440500,11:24:40,333720,11581,11079,3842521610,0,0,0
sn2204,20220218,20220218,112441000,11:24:41,333720,11581,11079,3842521610,0,0,0
sn2204,20220218,20220218,112441500,11:24:41,333720,11581,11079,3842521610,0,0,0
sn2204,20220218,20220218,112442000,11:24:42,333720,11581,11079,3842521610,0,0,0
sn2204,20220218,20220218,112442500,11:24:42,333720,11581,11079,3842521610,0,0,0
sn2204,20220218,20220218,112443000,11:24:43,333720,11581,11079,3842521610,0,0,0
sn2204,20220218,20220218,112443500,11:24:43,333720,11581,11079,3842521610,0,0,0
sn2204,20220218,20220218,112444000,11:24:44,333720,11581,11079,3842521610,0,0,0
sn2204,20220218,20220218,112444500,11:24:44,333720,11581,11079,3842521610,0,0,0
sn2204,20220218,20220218,112445000,11:24:45,333720,11581,11079,3842521610,0,0,0
sn2204,20220218,20220218,112445500,11:24:45,333720,11581,11079,3842521610,0,0,0
sn2204,20220218,20220218,112446000,11:24:46,333720,11581,11079,3842521610,0,0,0
sn2204,20220218,20220218,112446500,11:24:46,333720,11581,11079,3842521610,0,0,0
sn2204,20220218,20220218,112447000,11:24:47,333720,11581,11079,3842521610,0,0,0
sn2204,20220218,20220218,112447500,11:24:47,333720,11582,11078,3842855330,1,-1,333720
sn2204,20220218,20220218,112448000,11:24:48,333720,11582,11078,3842855330,0,0,0
sn2204,20220218,20220218,112448500,11:24:48,333720,11582,11078,3842855330,0,0,0
sn2204,20220218,20220218,112449000,11:24:49,333720,11582,11078,3842855330,0,0,0
sn2204,20220218,20220218,112449500,11:24:49,333720,11582,11078,3842855330,0,0,0
sn2204,20220218,20220218,112450000,11:24:50,333720,11582,11078,3842855330,0,0,0
sn2204,20220218,20220218,112450500,11:24:50,333720,11582,11078,3842855330,0,0,0
sn2204,20220218,20220218,112451000,11:24:51,333720,11582,11078,3842855330,0,0,0
sn2204,20220218,20220218,112451500,11:24:52,333720,11582,11078,3842855330,0,0,0
sn2204,20220218,20220218,112452000,11:24:52,333720,11582,11078,3842855330,0,0,0
sn2204,20220218,20220218,112452500,11:24:52,333720,11582,11078,3842855330,0,0,0
sn2204,20220218,20220218,112453000,11:24:53,333720,11582,11078,3842855330,0,0,0
sn2204,20220218,20220218,112453500,11:24:53,333720,11582,11078,3842855330,0,0,0
sn2204,20220218,20220218,112454000,11:24:54,333720,11582,11078,3842855330,0,0,0
sn2204,20220218,20220218,112454500,11:24:54,333720,11582,11078,3842855330,0,0,0
sn2204,20220218,20220218,112455000,11:24:55,333720,11582,11078,3842855330,0,0,0
sn2204,20220218,20220218,112455500,11:24:56,333720,11582,11078,3842855330,0,0,0
sn2204,20220218,20220218,112456000,11:24:56,333720,11582,11078,3842855330,0,0,0
sn2204,20220218,20220218,112456500,11:24:56,333720,11582,11078,3842855330,0,0,0
sn2204,20220218,20220218,112457000,11:24:57,333720,11582,11078,3842855330,0,0,0
sn2204,20220218,20220218,112457500,11:24:57,333720,11582,11078,3842855330,0,0,0
sn2204,20220218,20220218,112458000,11:24:58,333720,11582,11078,3842855330,0,0,0
sn2204,20220218,20220218,112458500,11:24:58,333720,11582,11078,3842855330,0,0,0
sn2204,20220218,20220218,112459000,11:24:59,333720,11582,11078,3842855330,0,0,0
sn2204,20220218,20220218,112459500,11:24:59,333720,11582,11078,3842855330,0,0,0
sn2204,20220218,20220218,112500000,11:25:00,333720,11582,11078,3842855330,0,0,0
sn2204,20220218,20220218,112500500,11:25:01,333720,11582,11078,3842855330,0,0,0
sn2204,20220218,20220218,112501000,11:25:02,333720,11582,11078,3842855330,0,0,0
sn2204,20220218,20220218,112501500,11:25:04,333720,11582,11078,3842855330,0,0,0
sn2204,20220218,20220218,112502000,11:25:05,333720,11582,11078,3842855330,0,0,0
sn2204,20220218,20220218,112502500,11:25:06,333720,11582,11078,3842855330,0,0,0
sn2204,20220218,20220218,112504500,11:25:06,333720,11582,11078,3842855330,0,0,0
sn2204,20220218,20220218,112505000,11:25:06,333720,11582,11078,3842855330,0,0,0
sn2204,20220218,20220218,112505500,11:25:06,333720,11582,11078,3842855330,0,0,0
sn2204,20220218,20220218,112506000,11:25:06,333720,11582,11078,3842855330,0,0,0
sn2204,20220218,20220218,112506500,11:25:07,333720,11582,11078,3842855330,0,0,0
sn2204,20220218,20220218,112507000,11:25:07,333720,11582,11078,3842855330,0,0,0
sn2204,20220218,20220218,112507500,11:25:07,333720,11582,11078,3842855330,0,0,0
sn2204,20220218,20220218,112508000,11:25:08,333720,11582,11078,3842855330,0,0,0
sn2204,20220218,20220218,112508500,11:25:08,333720,11582,11078,3842855330,0,0,0
sn2204,20220218,20220218,112509000,11:25:09,333720,11582,11078,3842855330,0,0,0
sn2204,20220218,20220218,112509500,11:25:09,333720,11582,11078,3842855330,0,0,0
sn2204,20220218,20220218,112510000,11:25:10,333720,11582,11078,3842855330,0,0,0
sn2204,20220218,20220218,112510500,11:25:10,333720,11582,11078,3842855330,0,0,0
sn2204,20220218,20220218,112511000,11:25:11,333720,11582,11078,3842855330,0,0,0
sn2204,20220218,20220218,112511500,11:25:11,333720,11582,11078,3842855330,0,0,0
sn2204,20220218,20220218,112512000,11:25:12,333720,11582,11078,3842855330,0,0,0
sn2204,20220218,20220218,112512500,11:25:12,333720,11582,11078,3842855330,0,0,0
sn2204,20220218,20220218,112513000,11:25:13,333720,11582,11078,3842855330,0,0,0
sn2204,20220218,20220218,112513500,11:25:15,333720,11582,11078,3842855330,0,0,0
sn2204,20220218,20220218,112514000,11:25:15,333720,11582,11078,3842855330,0,0,0
sn2204,20220218,20220218,112514500,11:25:15,333720,11582,11078,3842855330,0,0,0
sn2204,20220218,20220218,112515000,11:25:16,333720,11582,11078,3842855330,0,0,0
sn2204,20220218,20220218,112515500,11:25:16,333720,11582,11078,3842855330,0,0,0
sn2204,20220218,20220218,112516000,11:25:16,333720,11582,11078,3842855330,0,0,0
sn2204,20220218,20220218,112516500,11:25:16,333720,11582,11078,3842855330,0,0,0
sn2204,20220218,20220218,112517000,11:25:18,333720,11582,11078,3842855330,0,0,0
sn2204,20220218,20220218,112517500,11:25:18,333720,11582,11078,3842855330,0,0,0
sn2204,20220218,20220218,112518000,11:25:18,333810,11583,11077,3843189140,1,-1,333810
sn2204,20220218,20220218,112518500,11:25:19,333810,11583,11077,3843189140,0,0,0
sn2204,20220218,20220218,112519000,11:25:19,333810,11583,11077,3843189140,0,0,0
sn2204,20220218,20220218,112519500,11:25:19,333810,11583,11077,3843189140,0,0,0
sn2204,20220218,20220218,112520000,11:25:21,333810,11583,11077,3843189140,0,0,0
sn2204,20220218,20220218,112520500,11:25:21,333810,11583,11077,3843189140,0,0,0
sn2204,20220218,20220218,112521000,11:25:21,333810,11583,11077,3843189140,0,0,0
sn2204,20220218,20220218,112521500,11:25:22,333810,11583,11077,3843189140,0,0,0
sn2204,20220218,20220218,112522000,11:25:22,333810,11583,11077,3843189140,0,0,0
sn2204,20220218,20220218,112522500,11:25:22,333810,11583,11077,3843189140,0,0,0
sn2204,20220218,20220218,112523000,11:25:23,333810,11583,11077,3843189140,0,0,0
sn2204,20220218,20220218,112523500,11:25:24,333810,11583,11077,3843189140,0,0,0
sn2204,20220218,20220218,112524000,11:25:25,333690,11584,11078,3843522830,1,1,333690
sn2204,20220218,20220218,112524500,11:25:25,333650,11587,11080,3844523810,3,2,1000980
sn2204,20220218,20220218,112525000,11:25:25,333650,11587,11080,3844523810,0,0,0
sn2204,20220218,20220218,112525500,11:25:26,333630,11590,11080,3845524710,3,0,1000900
sn2204,20220218,20220218,112526000,11:25:26,333630,11590,11080,3845524710,0,0,0
sn2204,20220218,20220218,112526500,11:25:27,333630,11590,11080,3845524710,0,0,0
sn2204,20220218,20220218,112527000,11:25:27,333550,11593,11077,3846525360,3,-3,1000650
sn2204,20220218,20220218,112527500,11:25:28,333550,11593,11077,3846525360,0,0,0
sn2204,20220218,20220218,112528000,11:25:28,333630,11595,11079,3847192620,2,2,667260
sn2204,20220218,20220218,112528500,11:25:28,333630,11595,11079,3847192620,0,0,0
sn2204,20220218,20220218,112529000,11:25:29,333630,11595,11079,3847192620,0,0,0
sn2204,20220218,20220218,112529500,11:25:30,333630,11595,11079,3847192620,0,0,0
sn2204,20220218,20220218,112530000,11:25:31,333630,11595,11079,3847192620,0,0,0
sn2204,20220218,20220218,112530500,11:25:31,333630,11595,11079,3847192620,0,0,0
sn2204,20220218,20220218,112531000,11:25:31,333630,11595,11079,3847192620,0,0,0
sn2204,20220218,20220218,112531500,11:25:32,333640,11598,11077,3848193540,3,-2,1000920
sn2204,20220218,20220218,112532000,11:25:32,333640,11600,11075,3848860820,2,-2,667280
sn2204,20220218,20220218,112532500,11:25:33,333630,11601,11075,3849194450,1,0,333630
sn2204,20220218,20220218,112533000,11:25:33,333630,11601,11075,3849194450,0,0,0
sn2204,20220218,20220218,112533500,11:25:33,333640,11602,11074,3849528090,1,-1,333640
sn2204,20220218,20220218,112534000,11:25:34,333640,11602,11074,3849528090,0,0,0
sn2204,20220218,20220218,112534500,11:25:35,333640,11602,11074,3849528090,0,0,0
sn2204,20220218,20220218,112535000,11:25:36,333640,11602,11074,3849528090,0,0,0
sn2204,20220218,20220218,112535500,11:25:37,333640,11602,11074,3849528090,0,0,0
sn2204,20220218,20220218,112536000,11:25:37,333640,11602,11074,3849528090,0,0,0
sn2204,20220218,20220218,112536500,11:25:37,333640,11602,11074,3849528090,0,0,0
sn2204,20220218,20220218,112537000,11:25:38,333640,11602,11074,3849528090,0,0,0
sn2204,20220218,20220218,112537500,11:25:38,333640,11602,11074,3849528090,0,0,0
sn2204,20220218,20220218,112538000,11:25:38,333640,11602,11074,3849528090,0,0,0
sn2204,20220218,20220218,112538500,11:25:39,333640,11602,11074,3849528090,0,0,0
sn2204,20220218,20220218,112539000,11:25:39,333640,11602,11074,3849528090,0,0,0
sn2204,20220218,20220218,112539500,11:25:40,333640,11602,11074,3849528090,0,0,0
sn2204,20220218,20220218,112540000,11:25:40,333640,11602,11074,3849528090,0,0,0
sn2204,20220218,20220218,112540500,11:25:41,333640,11602,11074,3849528090,0,0,0
sn2204,20220218,20220218,112541000,11:25:41,333640,11602,11074,3849528090,0,0,0
sn2204,20220218,20220218,112541500,11:25:41,333640,11602,11074,3849528090,0,0,0
sn2204,20220218,20220218,112542000,11:25:42,333640,11602,11074,3849528090,0,0,0
sn2204,20220218,20220218,112542500,11:25:42,333630,11603,11073,3849861720,1,-1,333630
sn2204,20220218,20220218,112543000,11:25:43,333630,11603,11073,3849861720,0,0,0
sn2204,20220218,20220218,112543500,11:25:43,333630,11603,11073,3849861720,0,0,0
sn2204,20220218,20220218,112544000,11:25:44,333640,11606,11072,3850862640,3,-1,1000920
sn2204,20220218,20220218,112544500,11:25:44,333610,11607,11072,3851196250,1,0,333610
sn2204,20220218,20220218,112545000,11:25:45,333610,11607,11072,3851196250,0,0,0
sn2204,20220218,20220218,112545500,11:25:46,333610,11607,11072,3851196250,0,0,0
sn2204,20220218,20220218,112546000,11:25:47,333610,11607,11072,3851196250,0,0,0
sn2204,20220218,20220218,112546500,11:25:48,333610,11607,11072,3851196250,0,0,0
sn2204,20220218,20220218,112547000,11:25:48,333610,11607,11072,3851196250,0,0,0
sn2204,20220218,20220218,112547500,11:25:48,333610,11607,11072,3851196250,0,0,0
sn2204,20220218,20220218,112548000,11:25:48,333610,11607,11072,3851196250,0,0,0
sn2204,20220218,20220218,112548500,11:25:48,333610,11607,11072,3851196250,0,0,0
sn2204,20220218,20220218,112549000,11:25:49,333610,11607,11072,3851196250,0,0,0
sn2204,20220218,20220218,112549500,11:25:49,333610,11607,11072,3851196250,0,0,0
sn2204,20220218,20220218,112550000,11:25:50,333610,11607,11072,3851196250,0,0,0
sn2204,20220218,20220218,112550500,11:25:51,333610,11607,11072,3851196250,0,0,0
sn2204,20220218,20220218,112551000,11:25:51,333610,11607,11072,3851196250,0,0,0
sn2204,20220218,20220218,112551500,11:25:51,333610,11607,11072,3851196250,0,0,0
sn2204,20220218,20220218,112552000,11:25:52,333610,11607,11072,3851196250,0,0,0
sn2204,20220218,20220218,112552500,11:25:52,333610,11607,11072,3851196250,0,0,0
sn2204,20220218,20220218,112553000,11:25:53,333610,11607,11072,3851196250,0,0,0
sn2204,20220218,20220218,112553500,11:25:54,333610,11607,11072,3851196250,0,0,0
sn2204,20220218,20220218,112554000,11:25:54,333610,11607,11072,3851196250,0,0,0
sn2204,20220218,20220218,112554500,11:25:55,333610,11607,11072,3851196250,0,0,0
sn2204,20220218,20220218,112555000,11:25:55,333610,11607,11072,3851196250,0,0,0
sn2204,20220218,20220218,112555500,11:25:56,333610,11607,11072,3851196250,0,0,0
sn2204,20220218,20220218,112556000,11:25:57,333610,11607,11072,3851196250,0,0,0
sn2204,20220218,20220218,112556500,11:25:57,333610,11607,11072,3851196250,0,0,0
sn2204,20220218,20220218,112557000,11:25:57,333610,11607,11072,3851196250,0,0,0
sn2204,20220218,20220218,112557500,11:25:57,333610,11607,11072,3851196250,0,0,0
sn2204,20220218,20220218,112558000,11:25:59,333610,11607,11072,3851196250,0,0,0
sn2204,20220218,20220218,112558500,11:25:59,333610,11607,11072,3851196250,0,0,0
sn2204,20220218,20220218,112559000,11:26:00,333610,11607,11072,3851196250,0,0,0
sn2204,20220218,20220218,112559500,11:26:00,333610,11607,11072,3851196250,0,0,0
sn2204,20220218,20220218,112600000,11:26:00,333610,11607,11072,3851196250,0,0,0
sn2204,20220218,20220218,112600500,11:26:01,333610,11609,11072,3851863470,2,0,667220
sn2204,20220218,20220218,112601000,11:26:01,333610,11609,11072,3851863470,0,0,0
sn2204,20220218,20220218,112601500,11:26:02,333610,11609,11072,3851863470,0,0,0
sn2204,20220218,20220218,112602000,11:26:03,333610,11609,11072,3851863470,0,0,0
sn2204,20220218,20220218,112602500,11:26:03,333610,11609,11072,3851863470,0,0,0
sn2204,20220218,20220218,112603000,11:26:03,333610,11609,11072,3851863470,0,0,0
sn2204,20220218,20220218,112603500,11:26:04,333610,11609,11072,3851863470,0,0,0
sn2204,20220218,20220218,112604000,11:26:05,333610,11609,11072,3851863470,0,0,0
sn2204,20220218,20220218,112604500,11:26:05,333610,11609,11072,3851863470,0,0,0
sn2204,20220218,20220218,112605000,11:26:05,333690,11610,11072,3852197160,1,0,333690
sn2204,20220218,20220218,112605500,11:26:06,333690,11610,11072,3852197160,0,0,0
sn2204,20220218,20220218,112606000,11:26:06,333690,11610,11072,3852197160,0,0,0
sn2204,20220218,20220218,112606500,11:26:09,333690,11610,11072,3852197160,0,0,0
sn2204,20220218,20220218,112607000,11:26:09,333690,11610,11072,3852197160,0,0,0
sn2204,20220218,20220218,112607500,11:26:09,333660,11611,11071,3852530820,1,-1,333660
sn2204,20220218,20220218,112608000,11:26:09,333660,11611,11071,3852530820,0,0,0
sn2204,20220218,20220218,112609000,11:26:10,333660,11611,11071,3852530820,0,0,0
sn2204,20220218,20220218,112609500,11:26:10,333660,11611,11071,3852530820,0,0,0
sn2204,20220218,20220218,112610000,11:26:10,333660,11611,11071,3852530820,0,0,0
sn2204,20220218,20220218,112610500,11:26:11,333660,11611,11071,3852530820,0,0,0
sn2204,20220218,20220218,112611000,11:26:11,333660,11611,11071,3852530820,0,0,0
sn2204,20220218,20220218,112611500,11:26:13,333660,11611,11071,3852530820,0,0,0
sn2204,20220218,20220218,112612000,11:26:14,333660,11611,11071,3852530820,0,0,0
sn2204,20220218,20220218,112612500,11:26:14,333660,11611,11071,3852530820,0,0,0
sn2204,20220218,20220218,112613000,11:26:15,333660,11611,11071,3852530820,0,0,0
sn2204,20220218,20220218,112613500,11:26:15,333660,11611,11071,3852530820,0,0,0
sn2204,20220218,20220218,112614000,11:26:15,333660,11611,11071,3852530820,0,0,0
sn2204,20220218,20220218,112614500,11:26:15,333660,11611,11071,3852530820,0,0,0
sn2204,20220218,20220218,112615000,11:26:16,333660,11611,11071,3852530820,0,0,0
sn2204,20220218,20220218,112615500,11:26:16,333660,11611,11071,3852530820,0,0,0
sn2204,20220218,20220218,112616000,11:26:16,333660,11611,11071,3852530820,0,0,0
sn2204,20220218,20220218,112616500,11:26:17,333660,11611,11071,3852530820,0,0,0
sn2204,20220218,20220218,112617000,11:26:17,333660,11611,11071,3852530820,0,0,0
sn2204,20220218,20220218,112617500,11:26:17,333660,11611,11071,3852530820,0,0,0
sn2204,20220218,20220218,112618000,11:26:18,333660,11611,11071,3852530820,0,0,0
sn2204,20220218,20220218,112618500,11:26:19,333660,11611,11071,3852530820,0,0,0
sn2204,20220218,20220218,112619000,11:26:19,333660,11611,11071,3852530820,0,0,0
sn2204,20220218,20220218,112619500,11:26:20,333660,11611,11071,3852530820,0,0,0
sn2204,20220218,20220218,112620000,11:26:20,333660,11611,11071,3852530820,0,0,0
sn2204,20220218,20220218,112620500,11:26:20,333660,11611,11071,3852530820,0,0,0
sn2204,20220218,20220218,112621000,11:26:21,333660,11611,11071,3852530820,0,0,0
sn2204,20220218,20220218,112621500,11:26:21,333660,11611,11071,3852530820,0,0,0
sn2204,20220218,20220218,112622000,11:26:22,333660,11611,11071,3852530820,0,0,0
sn2204,20220218,20220218,112622500,11:26:22,333660,11611,11071,3852530820,0,0,0
sn2204,20220218,20220218,112623000,11:26:23,333660,11611,11071,3852530820,0,0,0
sn2204,20220218,20220218,112623500,11:26:23,333660,11611,11071,3852530820,0,0,0
sn2204,20220218,20220218,112624000,11:26:24,333660,11611,11071,3852530820,0,0,0
sn2204,20220218,20220218,112624500,11:26:24,333660,11611,11071,3852530820,0,0,0
sn2204,20220218,20220218,112625000,11:26:25,333660,11611,11071,3852530820,0,0,0
sn2204,20220218,20220218,112625500,11:26:26,333660,11611,11071,3852530820,0,0,0
sn2204,20220218,20220218,112626000,11:26:26,333660,11611,11071,3852530820,0,0,0
sn2204,20220218,20220218,112626500,11:26:26,333660,11611,11071,3852530820,0,0,0
sn2204,20220218,20220218,112627000,11:26:27,333660,11611,11071,3852530820,0,0,0
sn2204,20220218,20220218,112627500,11:26:27,333660,11611,11071,3852530820,0,0,0
sn2204,20220218,20220218,112628000,11:26:28,333660,11611,11071,3852530820,0,0,0
sn2204,20220218,20220218,112628500,11:26:28,333660,11611,11071,3852530820,0,0,0
sn2204,20220218,20220218,112629000,11:26:29,333660,11611,11071,3852530820,0,0,0
sn2204,20220218,20220218,112629500,11:26:30,333660,11611,11071,3852530820,0,0,0
sn2204,20220218,20220218,112630000,11:26:31,333600,11612,11070,3852864420,1,-1,333600
sn2204,20220218,20220218,112630500,11:26:31,333600,11612,11070,3852864420,0,0,0
sn2204,20220218,20220218,112631000,11:26:31,333600,11612,11070,3852864420,0,0,0
sn2204,20220218,20220218,112631500,11:26:32,333590,11613,11070,3853198010,1,0,333590
sn2204,20220218,20220218,112632000,11:26:32,333590,11613,11070,3853198010,0,0,0
sn2204,20220218,20220218,112632500,11:26:32,333590,11613,11070,3853198010,0,0,0
sn2204,20220218,20220218,112633000,11:26:33,333590,11613,11070,3853198010,0,0,0
sn2204,20220218,20220218,112633500,11:26:34,333590,11613,11070,3853198010,0,0,0
sn2204,20220218,20220218,112634000,11:26:35,333590,11613,11070,3853198010,0,0,0
sn2204,20220218,20220218,112634500,11:26:37,333590,11613,11070,3853198010,0,0,0
sn2204,20220218,20220218,112635000,11:26:37,333590,11613,11070,3853198010,0,0,0
sn2204,20220218,20220218,112635500,11:26:37,333590,11613,11070,3853198010,0,0,0
sn2204,20220218,20220218,112637000,11:26:54,333590,11613,11070,3853198010,0,0,0
sn2204,20220218,20220218,112637500,11:27:10,333710,11616,11069,3854199110,3,-1,1001100
sn2204,20220218,20220218,112638000,11:27:10,333740,11618,11069,3854866590,2,0,667480
sn2204,20220218,20220218,112638500,11:27:10,333780,11619,11070,3855200370,1,1,333780
sn2204,20220218,20220218,112653500,11:27:11,333750,11631,11067,3859205560,12,-3,4005190
sn2204,20220218,20220218,112710000,11:27:12,333750,11631,11067,3859205560,0,0,0
sn2204,20220218,20220218,112710500,11:27:12,333750,11631,11067,3859205560,0,0,0
sn2204,20220218,20220218,112712000,11:27:13,333750,11631,11067,3859205560,0,0,0
sn2204,20220218,20220218,112712500,11:27:13,333750,11631,11067,3859205560,0,0,0
sn2204,20220218,20220218,112713000,11:27:14,333750,11631,11067,3859205560,0,0,0
sn2204,20220218,20220218,112713500,11:27:14,333750,11631,11067,3859205560,0,0,0
sn2204,20220218,20220218,112714000,11:27:15,333750,11631,11067,3859205560,0,0,0
sn2204,20220218,20220218,112714500,11:27:15,333750,11631,11067,3859205560,0,0,0
sn2204,20220218,20220218,112715000,11:27:16,333750,11631,11067,3859205560,0,0,0
sn2204,20220218,20220218,112715500,11:27:16,333750,11631,11067,3859205560,0,0,0
sn2204,20220218,20220218,112716000,11:27:17,333750,11631,11067,3859205560,0,0,0
sn2204,20220218,20220218,112716500,11:27:17,333750,11631,11067,3859205560,0,0,0
sn2204,20220218,20220218,112717000,11:27:17,333750,11631,11067,3859205560,0,0,0
sn2204,20220218,20220218,112717500,11:27:17,333750,11631,11067,3859205560,0,0,0
sn2204,20220218,20220218,112718000,11:27:18,333750,11631,11067,3859205560,0,0,0
sn2204,20220218,20220218,112718500,11:27:19,333750,11631,11067,3859205560,0,0,0
sn2204,20220218,20220218,112719000,11:27:19,333750,11631,11067,3859205560,0,0,0
sn2204,20220218,20220218,112719500,11:27:20,333750,11631,11067,3859205560,0,0,0
sn2204,20220218,20220218,112720000,11:27:20,333750,11631,11067,3859205560,0,0,0
sn2204,20220218,20220218,112720500,11:27:21,333750,11631,11067,3859205560,0,0,0
sn2204,20220218,20220218,112721000,11:27:21,333750,11631,11067,3859205560,0,0,0
sn2204,20220218,20220218,112721500,11:27:22,333750,11631,11067,3859205560,0,0,0
sn2204,20220218,20220218,112722000,11:27:22,333750,11631,11067,3859205560,0,0,0
sn2204,20220218,20220218,112722500,11:27:22,333700,11639,11065,3861875710,8,-2,2670150
sn2204,20220218,20220218,112723000,11:27:26,333660,11641,11065,3862543030,2,0,667320
sn2204,20220218,20220218,112723500,11:27:27,333660,11641,11065,3862543030,0,0,0
sn2204,20220218,20220218,112724000,11:27:27,333660,11641,11065,3862543030,0,0,0
sn2204,20220218,20220218,112726500,11:27:27,333560,11642,11065,3862876590,1,0,333560
sn2204,20220218,20220218,112727000,11:27:27,333560,11642,11065,3862876590,0,0,0
sn2204,20220218,20220218,112727500,11:27:27,333560,11642,11065,3862876590,0,0,0
sn2204,20220218,20220218,112728000,11:27:28,333560,11642,11065,3862876590,0,0,0
sn2204,20220218,20220218,112728500,11:27:28,333560,11642,11065,3862876590,0,0,0
sn2204,20220218,20220218,112729000,11:27:29,333560,11642,11065,3862876590,0,0,0
sn2204,20220218,20220218,112729500,11:27:29,333560,11642,11065,3862876590,0,0,0
sn2204,20220218,20220218,112730000,11:27:30,333560,11642,11065,3862876590,0,0,0
sn2204,20220218,20220218,112730500,11:27:31,333560,11642,11065,3862876590,0,0,0
sn2204,20220218,20220218,112731000,11:27:33,333560,11642,11065,3862876590,0,0,0
sn2204,20220218,20220218,112731500,11:27:35,333560,11642,11065,3862876590,0,0,0
sn2204,20220218,20220218,112732000,11:27:36,333560,11642,11065,3862876590,0,0,0
sn2204,20220218,20220218,112732500,11:27:36,333560,11642,11065,3862876590,0,0,0
sn2204,20220218,20220218,112735500,11:27:36,333560,11642,11065,3862876590,0,0,0
sn2204,20220218,20220218,112736000,11:27:37,333560,11642,11065,3862876590,0,0,0
sn2204,20220218,20220218,112736500,11:27:38,333560,11642,11065,3862876590,0,0,0
sn2204,20220218,20220218,112737000,11:27:38,333560,11642,11065,3862876590,0,0,0
sn2204,20220218,20220218,112737500,11:27:38,333560,11642,11065,3862876590,0,0,0
sn2204,20220218,20220218,112738000,11:27:38,333560,11642,11065,3862876590,0,0,0
sn2204,20220218,20220218,112738500,11:27:39,333560,11642,11065,3862876590,0,0,0
sn2204,20220218,20220218,112739000,11:27:39,333560,11642,11065,3862876590,0,0,0
sn2204,20220218,20220218,112739500,11:27:39,333560,11642,11065,3862876590,0,0,0
sn2204,20220218,20220218,112740000,11:27:40,333560,11642,11065,3862876590,0,0,0
sn2204,20220218,20220218,112740500,11:27:40,333560,11642,11065,3862876590,0,0,0
sn2204,20220218,20220218,112741000,11:27:41,333560,11642,11065,3862876590,0,0,0
sn2204,20220218,20220218,112741500,11:27:42,333560,11642,11065,3862876590,0,0,0
sn2204,20220218,20220218,112742000,11:27:42,333560,11642,11065,3862876590,0,0,0
sn2204,20220218,20220218,112742500,11:27:43,333560,11642,11065,3862876590,0,0,0
sn2204,20220218,20220218,112743000,11:27:43,333550,11643,11064,3863210140,1,-1,333550
sn2204,20220218,20220218,112743500,11:27:43,333550,11643,11064,3863210140,0,0,0
sn2204,20220218,20220218,112744000,11:27:44,333550,11643,11064,3863210140,0,0,0
sn2204,20220218,20220218,112744500,11:27:45,333550,11643,11064,3863210140,0,0,0
sn2204,20220218,20220218,112745000,11:27:45,333550,11643,11064,3863210140,0,0,0
sn2204,20220218,20220218,112745500,11:27:46,333550,11643,11064,3863210140,0,0,0
sn2204,20220218,20220218,112746000,11:27:46,333550,11643,11064,3863210140,0,0,0
sn2204,20220218,20220218,112746500,11:27:47,333550,11643,11064,3863210140,0,0,0
sn2204,20220218,20220218,112747000,11:27:47,333550,11643,11064,3863210140,0,0,0
sn2204,20220218,20220218,112747500,11:27:47,333550,11643,11064,3863210140,0,0,0
sn2204,20220218,20220218,112748000,11:27:53,333550,11643,11064,3863210140,0,0,0
sn2204,20220218,20220218,112748500,11:27:54,333550,11643,11064,3863210140,0,0,0
sn2204,20220218,20220218,112749000,11:27:54,333550,11643,11064,3863210140,0,0,0
sn2204,20220218,20220218,112749500,11:27:54,333550,11643,11064,3863210140,0,0,0
sn2204,20220218,20220218,112754000,11:27:54,333550,11643,11064,3863210140,0,0,0
sn2204,20220218,20220218,112754500,11:27:54,333550,11643,11064,3863210140,0,0,0
sn2204,20220218,20220218,112755000,11:27:55,333550,11643,11064,3863210140,0,0,0
sn2204,20220218,20220218,112755500,11:27:55,333550,11643,11064,3863210140,0,0,0
sn2204,20220218,20220218,112756000,11:27:56,333550,11643,11064,3863210140,0,0,0
sn2204,20220218,20220218,112756500,11:27:56,333550,11643,11064,3863210140,0,0,0
sn2204,20220218,20220218,112757000,11:27:57,333550,11643,11064,3863210140,0,0,0
sn2204,20220218,20220218,112757500,11:27:57,333550,11643,11064,3863210140,0,0,0
sn2204,20220218,20220218,112758000,11:27:58,333560,11644,11065,3863543700,1,1,333560
sn2204,20220218,20220218,112758500,11:27:59,333560,11644,11065,3863543700,0,0,0
sn2204,20220218,20220218,112759000,11:27:59,333530,11645,11065,3863877230,1,0,333530
sn2204,20220218,20220218,112759500,11:27:59,333530,11645,11065,3863877230,0,0,0
sn2204,20220218,20220218,112800000,11:28:00,333530,11645,11065,3863877230,0,0,0
sn2204,20220218,20220218,112800500,11:28:01,333530,11645,11065,3863877230,0,0,0
sn2204,20220218,20220218,112801000,11:28:01,333530,11645,11065,3863877230,0,0,0
sn2204,20220218,20220218,112801500,11:28:02,333580,11647,11066,3864544390,2,1,667160
sn2204,20220218,20220218,112802000,11:28:03,333580,11647,11066,3864544390,0,0,0
sn2204,20220218,20220218,112802500,11:28:03,333580,11647,11066,3864544390,0,0,0
sn2204,20220218,20220218,112803000,11:28:04,333580,11647,11066,3864544390,0,0,0
sn2204,20220218,20220218,112803500,11:28:04,333580,11647,11066,3864544390,0,0,0
sn2204,20220218,20220218,112804000,11:28:05,333580,11647,11066,3864544390,0,0,0
sn2204,20220218,20220218,112804500,11:28:05,333580,11647,11066,3864544390,0,0,0
sn2204,20220218,20220218,112805000,11:28:06,333580,11647,11066,3864544390,0,0,0
sn2204,20220218,20220218,112805500,11:28:06,333580,11647,11066,3864544390,0,0,0
sn2204,20220218,20220218,112806000,11:28:10,333580,11647,11066,3864544390,0,0,0
sn2204,20220218,20220218,112806500,11:28:10,333580,11647,11066,3864544390,0,0,0
sn2204,20220218,20220218,112807000,11:28:10,333580,11647,11066,3864544390,0,0,0
sn2204,20220218,20220218,112810000,11:28:11,333580,11647,11066,3864544390,0,0,0
sn2204,20220218,20220218,112810500,11:28:12,333580,11647,11066,3864544390,0,0,0
sn2204,20220218,20220218,112811000,11:28:12,333580,11647,11066,3864544390,0,0,0
sn2204,20220218,20220218,112811500,11:28:12,333580,11647,11066,3864544390,0,0,0
sn2204,20220218,20220218,112812000,11:28:13,333580,11647,11066,3864544390,0,0,0
sn2204,20220218,20220218,112812500,11:28:13,333580,11647,11066,3864544390,0,0,0
sn2204,20220218,20220218,112813000,11:28:13,333580,11647,11066,3864544390,0,0,0
sn2204,20220218,20220218,112813500,11:28:14,333580,11647,11066,3864544390,0,0,0
sn2204,20220218,20220218,112814000,11:28:14,333580,11647,11066,3864544390,0,0,0
sn2204,20220218,20220218,112814500,11:28:14,333580,11647,11066,3864544390,0,0,0
sn2204,20220218,20220218,112815000,11:28:15,333580,11647,11066,3864544390,0,0,0
sn2204,20220218,20220218,112815500,11:28:15,333580,11647,11066,3864544390,0,0,0
sn2204,20220218,20220218,112816000,11:28:16,333580,11647,11066,3864544390,0,0,0
sn2204,20220218,20220218,112816500,11:28:16,333580,11647,11066,3864544390,0,0,0
sn2204,20220218,20220218,112817000,11:28:17,333580,11647,11066,3864544390,0,0,0
sn2204,20220218,20220218,112817500,11:28:17,333580,11647,11066,3864544390,0,0,0
sn2204,20220218,20220218,112818000,11:28:18,333580,11647,11066,3864544390,0,0,0
sn2204,20220218,20220218,112818500,11:28:18,333580,11647,11066,3864544390,0,0,0
sn2204,20220218,20220218,112819000,11:28:19,333580,11647,11066,3864544390,0,0,0
sn2204,20220218,20220218,112819500,11:28:19,333580,11647,11066,3864544390,0,0,0
sn2204,20220218,20220218,112820000,11:28:20,333580,11647,11066,3864544390,0,0,0
sn2204,20220218,20220218,112820500,11:28:20,333580,11647,11066,3864544390,0,0,0
sn2204,20220218,20220218,112821000,11:28:21,333580,11647,11066,3864544390,0,0,0
sn2204,20220218,20220218,112821500,11:28:22,333580,11647,11066,3864544390,0,0,0
sn2204,20220218,20220218,112822000,11:28:22,333580,11647,11066,3864544390,0,0,0
sn2204,20220218,20220218,112822500,11:28:22,333580,11647,11066,3864544390,0,0,0
sn2204,20220218,20220218,112823000,11:28:23,333580,11647,11066,3864544390,0,0,0
sn2204,20220218,20220218,112823500,11:28:23,333580,11647,11066,3864544390,0,0,0
sn2204,20220218,20220218,112824000,11:28:24,333580,11647,11066,3864544390,0,0,0
sn2204,20220218,20220218,112824500,11:28:24,333580,11647,11066,3864544390,0,0,0
sn2204,20220218,20220218,112825000,11:28:25,333580,11647,11066,3864544390,0,0,0
sn2204,20220218,20220218,112825500,11:28:25,333580,11647,11066,3864544390,0,0,0
sn2204,20220218,20220218,112826000,11:28:26,333580,11647,11066,3864544390,0,0,0
sn2204,20220218,20220218,112826500,11:28:27,333580,11647,11066,3864544390,0,0,0
sn2204,20220218,20220218,112827000,11:28:27,333580,11647,11066,3864544390,0,0,0
sn2204,20220218,20220218,112827500,11:28:27,333580,11647,11066,3864544390,0,0,0
sn2204,20220218,20220218,112828000,11:28:28,333580,11647,11066,3864544390,0,0,0
sn2204,20220218,20220218,112828500,11:28:28,333580,11647,11066,3864544390,0,0,0
sn2204,20220218,20220218,112829000,11:28:29,333580,11647,11066,3864544390,0,0,0
sn2204,20220218,20220218,112829500,11:28:30,333580,11647,11066,3864544390,0,0,0
sn2204,20220218,20220218,112830000,11:28:30,333580,11647,11066,3864544390,0,0,0
sn2204,20220218,20220218,112830500,11:28:31,333580,11647,11066,3864544390,0,0,0
sn2204,20220218,20220218,112831000,11:28:31,333580,11647,11066,3864544390,0,0,0
sn2204,20220218,20220218,112831500,11:28:31,333580,11647,11066,3864544390,0,0,0
sn2204,20220218,20220218,112832000,11:28:32,333580,11647,11066,3864544390,0,0,0
sn2204,20220218,20220218,112832500,11:28:33,333580,11647,11066,3864544390,0,0,0
sn2204,20220218,20220218,112833000,11:28:33,333580,11648,11065,3864877970,1,-1,333580
sn2204,20220218,20220218,112833500,11:28:34,333580,11648,11065,3864877970,0,0,0
sn2204,20220218,20220218,112834000,11:28:34,333580,11648,11065,3864877970,0,0,0
sn2204,20220218,20220218,112834500,11:28:34,333570,11649,11064,3865211540,1,-1,333570
sn2204,20220218,20220218,112835000,11:28:35,333520,11652,11064,3866212170,3,0,1000630
sn2204,20220218,20220218,112835500,11:28:37,333560,11653,11064,3866545730,1,0,333560
sn2204,20220218,20220218,112836000,11:28:37,333560,11653,11064,3866545730,0,0,0
sn2204,20220218,20220218,112836500,11:28:37,333560,11653,11064,3866545730,0,0,0
sn2204,20220218,20220218,112837000,11:28:37,333560,11653,11064,3866545730,0,0,0
sn2204,20220218,20220218,112837500,11:28:37,333560,11653,11064,3866545730,0,0,0
sn2204,20220218,20220218,112838000,11:28:38,333560,11653,11064,3866545730,0,0,0
sn2204,20220218,20220218,112838500,11:28:38,333560,11653,11064,3866545730,0,0,0
sn2204,20220218,20220218,112839000,11:28:40,333560,11653,11064,3866545730,0,0,0
sn2204,20220218,20220218,112839500,11:28:40,333560,11653,11064,3866545730,0,0,0
sn2204,20220218,20220218,112840000,11:28:40,333560,11653,11064,3866545730,0,0,0
sn2204,20220218,20220218,112840500,11:28:40,333560,11653,11064,3866545730,0,0,0
sn2204,20220218,20220218,112841000,11:28:41,333560,11653,11064,3866545730,0,0,0
sn2204,20220218,20220218,112841500,11:28:41,333560,11653,11064,3866545730,0,0,0
sn2204,20220218,20220218,112842000,11:28:42,333560,11653,11064,3866545730,0,0,0
sn2204,20220218,20220218,112842500,11:28:42,333560,11653,11064,3866545730,0,0,0
sn2204,20220218,20220218,112843000,11:28:43,333560,11653,11064,3866545730,0,0,0
sn2204,20220218,20220218,112843500,11:28:44,333560,11653,11064,3866545730,0,0,0
sn2204,20220218,20220218,112844000,11:28:44,333560,11653,11064,3866545730,0,0,0
sn2204,20220218,20220218,112844500,11:28:44,333560,11653,11064,3866545730,0,0,0
sn2204,20220218,20220218,112845000,11:28:45,333560,11653,11064,3866545730,0,0,0
sn2204,20220218,20220218,112845500,11:28:46,333560,11653,11064,3866545730,0,0,0
sn2204,20220218,20220218,112846000,11:28:46,333560,11653,11064,3866545730,0,0,0
sn2204,20220218,20220218,112846500,11:28:46,333560,11653,11064,3866545730,0,0,0
sn2204,20220218,20220218,112847000,11:28:47,333520,11655,11062,3867212790,2,-2,667060
sn2204,20220218,20220218,112847500,11:28:48,333520,11655,11062,3867212790,0,0,0
sn2204,20220218,20220218,112848000,11:28:48,333520,11655,11062,3867212790,0,0,0
sn2204,20220218,20220218,112848500,11:28:48,333520,11655,11062,3867212790,0,0,0
sn2204,20220218,20220218,112849000,11:28:49,333520,11655,11062,3867212790,0,0,0
sn2204,20220218,20220218,112849500,11:28:50,333520,11655,11062,3867212790,0,0,0
sn2204,20220218,20220218,112850000,11:28:50,333660,11657,11061,3867880060,2,-1,667270
sn2204,20220218,20220218,112850500,11:28:51,333660,11657,11061,3867880060,0,0,0
sn2204,20220218,20220218,112851000,11:28:51,333660,11657,11061,3867880060,0,0,0
sn2204,20220218,20220218,112851500,11:28:51,333660,11657,11061,3867880060,0,0,0
sn2204,20220218,20220218,112852000,11:28:53,333660,11657,11061,3867880060,0,0,0
sn2204,20220218,20220218,112852500,11:28:53,333660,11657,11061,3867880060,0,0,0
sn2204,20220218,20220218,112853000,11:28:54,333660,11657,11061,3867880060,0,0,0
sn2204,20220218,20220218,112853500,11:28:54,333660,11657,11061,3867880060,0,0,0
sn2204,20220218,20220218,112854000,11:28:54,333660,11657,11061,3867880060,0,0,0
sn2204,20220218,20220218,112854500,11:28:54,333660,11657,11061,3867880060,0,0,0
sn2204,20220218,20220218,112855000,11:28:55,333660,11657,11061,3867880060,0,0,0
sn2204,20220218,20220218,112855500,11:28:56,333660,11657,11061,3867880060,0,0,0
sn2204,20220218,20220218,112856000,11:28:56,333660,11657,11061,3867880060,0,0,0
sn2204,20220218,20220218,112856500,11:28:56,333660,11657,11061,3867880060,0,0,0
sn2204,20220218,20220218,112857000,11:28:57,333660,11657,11061,3867880060,0,0,0
sn2204,20220218,20220218,112857500,11:28:58,333660,11657,11061,3867880060,0,0,0
sn2204,20220218,20220218,112858000,11:28:59,333660,11657,11061,3867880060,0,0,0
sn2204,20220218,20220218,112858500,11:28:59,333660,11657,11061,3867880060,0,0,0
sn2204,20220218,20220218,112859000,11:28:59,333660,11657,11061,3867880060,0,0,0
sn2204,20220218,20220218,112859500,11:29:00,333550,11658,11060,3868213610,1,-1,333550
sn2204,20220218,20220218,112900000,11:29:00,333550,11660,11058,3868880710,2,-2,667100
sn2204,20220218,20220218,112900500,11:29:01,333550,11660,11058,3868880710,0,0,0
sn2204,20220218,20220218,112901000,11:29:01,333550,11660,11058,3868880710,0,0,0
sn2204,20220218,20220218,112901500,11:29:02,333680,11661,11058,3869214390,1,0,333680
sn2204,20220218,20220218,112902000,11:29:03,333580,11665,11058,3870548910,4,0,1334520
sn2204,20220218,20220218,112902500,11:29:03,333580,11668,11059,3871549650,3,1,1000740
sn2204,20220218,20220218,112903000,11:29:03,333560,11669,11058,3871883210,1,-1,333560
sn2204,20220218,20220218,112903500,11:29:04,333560,11669,11058,3871883210,0,0,0
sn2204,20220218,20220218,112904000,11:29:04,333560,11669,11058,3871883210,0,0,0
sn2204,20220218,20220218,112904500,11:29:04,333560,11669,11058,3871883210,0,0,0
sn2204,20220218,20220218,112905000,11:29:05,333560,11669,11058,3871883210,0,0,0
sn2204,20220218,20220218,112905500,11:29:06,333560,11669,11058,3871883210,0,0,0
sn2204,20220218,20220218,112906000,11:29:06,333560,11669,11058,3871883210,0,0,0
sn2204,20220218,20220218,112906500,11:29:06,333560,11669,11058,3871883210,0,0,0
sn2204,20220218,20220218,112907000,11:29:08,333560,11669,11058,3871883210,0,0,0
sn2204,20220218,20220218,112907500,11:29:08,333560,11669,11058,3871883210,0,0,0
sn2204,20220218,20220218,112908000,11:29:08,333560,11669,11058,3871883210,0,0,0
sn2204,20220218,20220218,112908500,11:29:08,333560,11669,11058,3871883210,0,0,0
sn2204,20220218,20220218,112909000,11:29:09,333560,11669,11058,3871883210,0,0,0
sn2204,20220218,20220218,112909500,11:29:09,333560,11669,11058,3871883210,0,0,0
sn2204,20220218,20220218,112910000,11:29:10,333560,11669,11058,3871883210,0,0,0
sn2204,20220218,20220218,112910500,11:29:10,333560,11669,11058,3871883210,0,0,0
sn2204,20220218,20220218,112911000,11:29:11,333560,11669,11058,3871883210,0,0,0
sn2204,20220218,20220218,112911500,11:29:12,333560,11669,11058,3871883210,0,0,0
sn2204,20220218,20220218,112912000,11:29:12,333560,11669,11058,3871883210,0,0,0
sn2204,20220218,20220218,112912500,11:29:12,333560,11669,11058,3871883210,0,0,0
sn2204,20220218,20220218,112913000,11:29:13,333560,11669,11058,3871883210,0,0,0
sn2204,20220218,20220218,112913500,11:29:14,333560,11669,11058,3871883210,0,0,0
sn2204,20220218,20220218,112914000,11:29:14,333560,11669,11058,3871883210,0,0,0
sn2204,20220218,20220218,112914500,11:29:15,333560,11669,11058,3871883210,0,0,0
sn2204,20220218,20220218,112915000,11:29:15,333560,11669,11058,3871883210,0,0,0
sn2204,20220218,20220218,112915500,11:29:16,333560,11669,11058,3871883210,0,0,0
sn2204,20220218,20220218,112916000,11:29:16,333560,11669,11058,3871883210,0,0,0
sn2204,20220218,20220218,112916500,11:29:18,333560,11669,11058,3871883210,0,0,0
sn2204,20220218,20220218,112917000,11:29:20,333560,11669,11058,3871883210,0,0,0
sn2204,20220218,20220218,112917500,11:29:21,333560,11669,11058,3871883210,0,0,0
sn2204,20220218,20220218,112918000,11:29:21,333560,11669,11058,3871883210,0,0,0
sn2204,20220218,20220218,112920500,11:29:22,333560,11669,11058,3871883210,0,0,0
sn2204,20220218,20220218,112921000,11:29:22,333560,11669,11058,3871883210,0,0,0
sn2204,20220218,20220218,112921500,11:29:24,333560,11669,11058,3871883210,0,0,0
sn2204,20220218,20220218,112922000,11:29:24,333560,11669,11058,3871883210,0,0,0
sn2204,20220218,20220218,112922500,11:29:24,333560,11669,11058,3871883210,0,0,0
sn2204,20220218,20220218,112923000,11:29:24,333560,11669,11058,3871883210,0,0,0
sn2204,20220218,20220218,112924000,11:29:24,333560,11669,11058,3871883210,0,0,0
sn2204,20220218,20220218,112924500,11:29:24,333560,11669,11058,3871883210,0,0,0
sn2204,20220218,20220218,112925000,11:29:25,333560,11669,11058,3871883210,0,0,0
sn2204,20220218,20220218,112925500,11:29:25,333560,11669,11058,3871883210,0,0,0
sn2204,20220218,20220218,112926000,11:29:26,333560,11669,11058,3871883210,0,0,0
sn2204,20220218,20220218,112926500,11:29:26,333560,11669,11058,3871883210,0,0,0
sn2204,20220218,20220218,112927000,11:29:27,333560,11669,11058,3871883210,0,0,0
sn2204,20220218,20220218,112927500,11:29:27,333560,11669,11058,3871883210,0,0,0
sn2204,20220218,20220218,112928000,11:29:28,333560,11669,11058,3871883210,0,0,0
sn2204,20220218,20220218,112928500,11:29:28,333560,11669,11058,3871883210,0,0,0
sn2204,20220218,20220218,112929000,11:29:29,333560,11669,11058,3871883210,0,0,0
sn2204,20220218,20220218,112929500,11:29:29,333560,11669,11058,3871883210,0,0,0
sn2204,20220218,20220218,112930000,11:29:30,333560,11669,11058,3871883210,0,0,0
sn2204,20220218,20220218,112930500,11:29:31,333560,11669,11058,3871883210,0,0,0
sn2204,20220218,20220218,112931000,11:29:32,333550,11670,11057,3872216760,1,-1,333550
sn2204,20220218,20220218,112931500,11:29:32,333550,11670,11057,3872216760,0,0,0
sn2204,20220218,20220218,112932000,11:29:32,333550,11670,11057,3872216760,0,0,0
sn2204,20220218,20220218,112932500,11:29:36,333550,11670,11057,3872216760,0,0,0
sn2204,20220218,20220218,112933000,11:29:37,333550,11670,11057,3872216760,0,0,0
sn2204,20220218,20220218,112933500,11:29:38,333550,11670,11057,3872216760,0,0,0
sn2204,20220218,20220218,112936500,11:29:38,333550,11670,11057,3872216760,0,0,0
sn2204,20220218,20220218,112940500,11:29:40,333550,11670,11057,3872216760,0,0,0
sn2204,20220218,20220218,112941000,11:29:41,333550,11670,11057,3872216760,0,0,0
sn2204,20220218,20220218,112942000,11:29:44,333550,11670,11057,3872216760,0,0,0
sn2204,20220218,20220218,112942500,11:29:44,333550,11670,11057,3872216760,0,0,0
sn2204,20220218,20220218,112943000,11:29:45,333550,11670,11057,3872216760,0,0,0
sn2204,20220218,20220218,112943500,11:29:45,333550,11670,11057,3872216760,0,0,0
sn2204,20220218,20220218,112946000,11:29:47,333550,11670,11057,3872216760,0,0,0
sn2204,20220218,20220218,112947500,11:29:48,333550,11670,11057,3872216760,0,0,0
sn2204,20220218,20220218,112949000,11:29:50,333550,11670,11057,3872216760,0,0,0
sn2204,20220218,20220218,112949500,11:29:50,333550,11670,11057,3872216760,0,0,0
sn2204,20220218,20220218,112950000,11:29:51,333550,11670,11057,3872216760,0,0,0
sn2204,20220218,20220218,112950500,11:29:51,333550,11670,11057,3872216760,0,0,0
sn2204,20220218,20220218,112953500,11:29:54,333550,11670,11057,3872216760,0,0,0
sn2204,20220218,20220218,112954000,11:29:54,333530,11671,11057,3872550290,1,0,333530
sn2204,20220218,20220218,112954500,11:29:54,333500,11676,11055,3874217830,5,-2,1667540
sn2204,20220218,20220218,112955000,11:29:55,333500,11676,11055,3874217830,0,0,0
sn2204,20220218,20220218,112955500,11:29:56,333500,11676,11055,3874217830,0,0,0
sn2204,20220218,20220218,112956500,11:30:00,333500,11676,11055,3874217830,0,0,0
sn2204,20220218,20220218,112957000,11:30:02,333500,11676,11055,3874217830,0,0,0
sn2204,20220218,20220218,112957500,11:30:02,333500,11676,11055,3874217830,0,0,0
sn2204,20220218,20220218,112959500,11:30:02,333500,11676,11055,3874217830,0,0,0
sn2204,20220218,20220218,113000000,11:30:03,333500,11676,11055,3874217830,0,0,0
sn2204,20220218,20220218,113000500,11:30:03,333500,11676,11055,3874217830,0,0,0
sn2204,20220218,20220218,113001500,11:30:03,333500,11676,11055,3874217830,0,0,0
sn2204,20220218,20220218,133002000,13:30:08,333300,11677,11055,3874551130,1,0,333300
sn2204,20220218,20220218,133002500,13:30:10,333630,11679,11056,3875218380,2,1,667250
sn2204,20220218,20220218,133008000,13:30:10,333510,11691,11052,3879219840,12,-4,4001460
sn2204,20220218,20220218,133009500,13:30:11,333310,11696,11049,3880886770,5,-3,1666930
sn2204,20220218,20220218,133010000,13:30:11,333310,11696,11049,3880886770,0,0,0
sn2204,20220218,20220218,133010500,13:30:12,333260,11703,11049,3883220010,7,0,2333240
sn2204,20220218,20220218,133011000,13:30:13,333350,11704,11049,3883553360,1,0,333350
sn2204,20220218,20220218,133011500,13:30:13,333360,11705,11048,3883886720,1,-1,333360
sn2204,20220218,20220218,133012500,13:30:13,333360,11705,11048,3883886720,0,0,0
sn2204,20220218,20220218,133013000,13:30:14,333360,11705,11048,3883886720,0,0,0
sn2204,20220218,20220218,133013500,13:30:14,333360,11705,11048,3883886720,0,0,0
sn2204,20220218,20220218,133014000,13:30:15,333360,11705,11048,3883886720,0,0,0
sn2204,20220218,20220218,133014500,13:30:16,333360,11705,11048,3883886720,0,0,0
sn2204,20220218,20220218,133015000,13:30:17,333360,11705,11048,3883886720,0,0,0
sn2204,20220218,20220218,133016500,13:30:18,333380,11708,11051,3884886850,3,3,1000130
sn2204,20220218,20220218,133017000,13:30:18,333380,11708,11051,3884886850,0,0,0
sn2204,20220218,20220218,133017500,13:30:19,333340,11719,11059,3888553710,11,8,3666860
sn2204,20220218,20220218,133018000,13:30:19,333320,11728,11058,3891553780,9,-1,3000070
sn2204,20220218,20220218,133018500,13:30:20,333410,11729,11059,3891887190,1,1,333410
sn2204,20220218,20220218,133019000,13:30:20,333420,11730,11058,3892220610,1,-1,333420
sn2204,20220218,20220218,133019500,13:30:20,333400,11732,11058,3892887420,2,0,666810
sn2204,20220218,20220218,133020000,13:30:21,333400,11732,11058,3892887420,0,0,0
sn2204,20220218,20220218,133020500,13:30:21,333330,11739,11055,3895220990,7,-3,2333570
sn2204,20220218,20220218,133021000,13:30:21,333390,11741,11055,3895887750,2,0,666760
sn2204,20220218,20220218,133021500,13:30:22,333390,11741,11055,3895887750,0,0,0
sn2204,20220218,20220218,133022000,13:30:38,333390,11741,11055,3895887750,0,0,0
sn2204,20220218,20220218,133022500,13:30:38,333350,11742,11055,3896221100,1,0,333350
sn2204,20220218,20220218,133023000,13:30:38,333350,11743,11054,3896554450,1,-1,333350
sn2204,20220218,20220218,133038000,13:30:41,333320,11761,11050,3902556220,18,-4,6001770
sn2204,20220218,20220218,133038500,13:30:41,333320,11761,11050,3902556220,0,0,0
sn2204,20220218,20220218,133040500,13:30:43,333320,11761,11050,3902556220,0,0,0
sn2204,20220218,20220218,133041000,13:30:43,333320,11761,11050,3902556220,0,0,0
sn2204,20220218,20220218,133041500,13:30:43,333320,11761,11050,3902556220,0,0,0
sn2204,20220218,20220218,133042000,13:30:44,333320,11761,11050,3902556220,0,0,0
sn2204,20220218,20220218,133042500,13:30:44,333320,11761,11050,3902556220,0,0,0
sn2204,20220218,20220218,133043000,13:30:44,333320,11761,11050,3902556220,0,0,0
sn2204,20220218,20220218,133044500,13:30:46,333320,11761,11050,3902556220,0,0,0
sn2204,20220218,20220218,133045000,13:30:46,333320,11761,11050,3902556220,0,0,0
sn2204,20220218,20220218,133045500,13:30:46,333320,11761,11050,3902556220,0,0,0
sn2204,20220218,20220218,133046000,13:30:47,333380,11770,11046,3905555350,9,-4,2999130
sn2204,20220218,20220218,133046500,13:30:47,333690,11775,11044,3907223190,5,-2,1667840
sn2204,20220218,20220218,133047000,13:30:48,333690,11775,11044,3907223190,0,0,0
sn2204,20220218,20220218,133047500,13:30:48,333690,11775,11044,3907223190,0,0,0
sn2204,20220218,20220218,133048000,13:30:48,333350,11776,11044,3907556540,1,0,333350
sn2204,20220218,20220218,133048500,13:30:49,333350,11776,11044,3907556540,0,0,0
sn2204,20220218,20220218,133049000,13:30:49,333350,11776,11044,3907556540,0,0,0
sn2204,20220218,20220218,133049500,13:30:50,333480,11778,11044,3908223490,2,0,666950
sn2204,20220218,20220218,133050000,13:30:51,333480,11778,11044,3908223490,0,0,0
sn2204,20220218,20220218,133050500,13:30:51,333490,11779,11044,3908556980,1,0,333490
sn2204,20220218,20220218,133051000,13:30:52,333500,11780,11044,3908890480,1,0,333500
sn2204,20220218,20220218,133051500,13:30:52,333560,11781,11043,3909224040,1,-1,333560
sn2204,20220218,20220218,133052000,13:30:53,333560,11781,11043,3909224040,0,0,0
sn2204,20220218,20220218,133052500,13:30:54,333560,11781,11043,3909224040,0,0,0
sn2204,20220218,20220218,133053000,13:30:54,333560,11781,11043,3909224040,0,0,0
sn2204,20220218,20220218,133053500,13:30:54,333560,11781,11043,3909224040,0,0,0
sn2204,20220218,20220218,133054000,13:30:55,333560,11781,11043,3909224040,0,0,0
sn2204,20220218,20220218,133054500,13:30:55,333560,11781,11043,3909224040,0,0,0
sn2204,20220218,20220218,133055000,13:30:56,333560,11781,11043,3909224040,0,0,0
sn2204,20220218,20220218,133055500,13:30:56,333560,11781,11043,3909224040,0,0,0
sn2204,20220218,20220218,133056000,13:30:57,333560,11781,11043,3909224040,0,0,0
sn2204,20220218,20220218,133056500,13:30:57,333560,11781,11043,3909224040,0,0,0
sn2204,20220218,20220218,133057000,13:30:58,333560,11781,11043,3909224040,0,0,0
sn2204,20220218,20220218,133058000,13:30:58,333560,11781,11043,3909224040,0,0,0
sn2204,20220218,20220218,133059000,13:30:59,333560,11781,11043,3909224040,0,0,0
sn2204,20220218,20220218,133059500,13:31:00,333560,11781,11043,3909224040,0,0,0
sn2204,20220218,20220218,133100500,13:31:00,333560,11781,11043,3909224040,0,0,0
sn2204,20220218,20220218,133101000,13:31:01,333560,11781,11043,3909224040,0,0,0
sn2204,20220218,20220218,133102000,13:31:02,333560,11781,11043,3909224040,0,0,0
sn2204,20220218,20220218,133102500,13:31:03,333560,11781,11043,3909224040,0,0,0
sn2204,20220218,20220218,133103000,13:31:03,333650,11782,11044,3909557690,1,1,333650
sn2204,20220218,20220218,133103500,13:31:05,333660,11784,11046,3910225010,2,2,667320
sn2204,20220218,20220218,133104000,13:31:06,333660,11787,11045,3911225990,3,-1,1000980
sn2204,20220218,20220218,133104500,13:31:07,333660,11787,11045,3911225990,0,0,0
sn2204,20220218,20220218,133105500,13:31:08,333660,11787,11045,3911225990,0,0,0
sn2204,20220218,20220218,133107000,13:31:09,333660,11787,11045,3911225990,0,0,0
sn2204,20220218,20220218,133107500,13:31:09,333660,11787,11045,3911225990,0,0,0
sn2204,20220218,20220218,133108500,13:31:09,333660,11787,11045,3911225990,0,0,0
sn2204,20220218,20220218,133109000,13:31:09,333660,11787,11045,3911225990,0,0,0
sn2204,20220218,20220218,133109500,13:31:10,333660,11787,11045,3911225990,0,0,0
sn2204,20220218,20220218,133110000,13:31:11,333620,11790,11044,3912226810,3,-1,1000820
sn2204,20220218,20220218,133110500,13:31:11,333620,11790,11044,3912226810,0,0,0
sn2204,20220218,20220218,133111000,13:31:11,333610,11791,11044,3912560420,1,0,333610
sn2204,20220218,20220218,133111500,13:31:12,333610,11791,11044,3912560420,0,0,0
sn2204,20220218,20220218,133112000,13:31:12,333610,11792,11044,3912894030,1,0,333610
sn2204,20220218,20220218,133112500,13:31:13,333610,11792,11044,3912894030,0,0,0
sn2204,20220218,20220218,133113000,13:31:13,333610,11792,11044,3912894030,0,0,0
sn2204,20220218,20220218,133113500,13:31:14,333610,11792,11044,3912894030,0,0,0
sn2204,20220218,20220218,133114000,13:31:15,333680,11795,11047,3913894930,3,3,1000900
sn2204,20220218,20220218,133114500,13:31:15,333680,11795,11047,3913894930,0,0,0
sn2204,20220218,20220218,133115000,13:31:15,333680,11795,11047,3913894930,0,0,0
sn2204,20220218,20220218,133115500,13:31:16,333680,11795,11047,3913894930,0,0,0
sn2204,20220218,20220218,133116000,13:31:16,333680,11795,11047,3913894930,0,0,0
sn2204,20220218,20220218,133116500,13:31:17,333680,11795,11047,3913894930,0,0,0
sn2204,20220218,20220218,133117000,13:31:17,333680,11795,11047,3913894930,0,0,0
sn2204,20220218,20220218,133117500,13:31:18,333780,11802,11044,3916231510,7,-3,2336580
sn2204,20220218,20220218,133118000,13:31:19,333800,11803,11044,3916565310,1,0,333800
sn2204,20220218,20220218,133118500,13:31:19,333800,11803,11044,3916565310,0,0,0
sn2204,20220218,20220218,133119000,13:31:19,333630,11804,11044,3916898940,1,0,333630
sn2204,20220218,20220218,133119500,13:31:20,333630,11804,11044,3916898940,0,0,0
sn2204,20220218,20220218,133120000,13:31:20,333630,11804,11044,3916898940,0,0,0
sn2204,20220218,20220218,133120500,13:31:21,333600,11805,11045,3917232540,1,1,333600
sn2204,20220218,20220218,133121000,13:31:21,333730,11806,11045,3917566270,1,0,333730
sn2204,20220218,20220218,133121500,13:31:22,333730,11806,11045,3917566270,0,0,0
sn2204,20220218,20220218,133122000,13:31:22,333730,11806,11045,3917566270,0,0,0
sn2204,20220218,20220218,133122500,13:31:25,333730,11806,11045,3917566270,0,0,0
sn2204,20220218,20220218,133123000,13:31:25,333730,11806,11045,3917566270,0,0,0
sn2204,20220218,20220218,133123500,13:31:25,333730,11806,11045,3917566270,0,0,0
sn2204,20220218,20220218,133124000,13:31:25,333730,11806,11045,3917566270,0,0,0
sn2204,20220218,20220218,133158000,13:31:58,333730,11806,11045,3917566270,0,0,0
sn2204,20220218,20220218,133158500,13:31:58,333770,11807,11045,3917900040,1,0,333770
sn2204,20220218,20220218,133159500,13:32:00,333770,11807,11045,3917900040,0,0,0
sn2204,20220218,20220218,133201000,13:32:01,333590,11820,11047,3922236980,13,2,4336940
sn2204,20220218,20220218,133201500,13:32:01,333590,11821,11047,3922570570,1,0,333590
sn2204,20220218,20220218,133202000,13:32:03,333590,11821,11047,3922570570,0,0,0
sn2204,20220218,20220218,133202500,13:32:04,333590,11821,11047,3922570570,0,0,0
sn2204,20220218,20220218,133203000,13:32:05,333590,11821,11047,3922570570,0,0,0
sn2204,20220218,20220218,133203500,13:32:05,333590,11821,11047,3922570570,0,0,0
sn2204,20220218,20220218,133204000,13:32:05,333590,11821,11047,3922570570,0,0,0
sn2204,20220218,20220218,133205000,13:32:06,333590,11821,11047,3922570570,0,0,0
sn2204,20220218,20220218,133205500,13:32:06,333590,11821,11047,3922570570,0,0,0
sn2204,20220218,20220218,133206000,13:32:07,333590,11821,11047,3922570570,0,0,0
sn2204,20220218,20220218,133206500,13:32:07,333590,11821,11047,3922570570,0,0,0
sn2204,20220218,20220218,133207000,13:32:07,333590,11821,11047,3922570570,0,0,0
sn2204,20220218,20220218,133207500,13:32:07,333590,11821,11047,3922570570,0,0,0
sn2204,20220218,20220218,133208000,13:32:09,333590,11821,11047,3922570570,0,0,0
sn2204,20220218,20220218,133208500,13:32:10,333590,11821,11047,3922570570,0,0,0
sn2204,20220218,20220218,133209000,13:32:10,333590,11821,11047,3922570570,0,0,0
sn2204,20220218,20220218,133209500,13:32:10,333520,11822,11048,3922904090,1,1,333520
sn2204,20220218,20220218,133210000,13:32:11,333510,11824,11050,3923571110,2,2,667020
sn2204,20220218,20220218,133210500,13:32:14,333480,11825,11051,3923904590,1,1,333480
sn2204,20220218,20220218,133211000,13:32:14,333520,11827,11050,3924571600,2,-1,667010
sn2204,20220218,20220218,133213000,13:32:15,333520,11827,11050,3924571600,0,0,0
sn2204,20220218,20220218,133214000,13:32:15,333520,11827,11050,3924571600,0,0,0
sn2204,20220218,20220218,133214500,13:32:16,333520,11827,11050,3924571600,0,0,0
sn2204,20220218,20220218,133215000,13:32:16,333520,11827,11050,3924571600,0,0,0
sn2204,20220218,20220218,133215500,13:32:16,333520,11827,11050,3924571600,0,0,0
sn2204,20220218,20220218,133216000,13:32:17,333520,11827,11050,3924571600,0,0,0
sn2204,20220218,20220218,133216500,13:32:17,333520,11827,11050,3924571600,0,0,0
sn2204,20220218,20220218,133217000,13:32:17,333520,11827,11050,3924571600,0,0,0
sn2204,20220218,20220218,133217500,13:32:18,333520,11827,11050,3924571600,0,0,0
sn2204,20220218,20220218,133218000,13:32:18,333520,11827,11050,3924571600,0,0,0
sn2204,20220218,20220218,133218500,13:32:19,333520,11827,11050,3924571600,0,0,0
sn2204,20220218,20220218,133219000,13:32:20,333520,11827,11050,3924571600,0,0,0
sn2204,20220218,20220218,133219500,13:32:20,333520,11827,11050,3924571600,0,0,0
sn2204,20220218,20220218,133220000,13:32:20,333520,11827,11050,3924571600,0,0,0
sn2204,20220218,20220218,133220500,13:32:21,333410,11829,11049,3925238440,2,-1,666840
sn2204,20220218,20220218,133221000,13:32:21,333410,11829,11049,3925238440,0,0,0
sn2204,20220218,20220218,133221500,13:32:22,333410,11829,11049,3925238440,0,0,0
sn2204,20220218,20220218,133222000,13:32:23,333430,11830,11048,3925571870,1,-1,333430
sn2204,20220218,20220218,133222500,13:32:24,333430,11830,11048,3925571870,0,0,0
sn2204,20220218,20220218,133223000,13:32:24,333430,11830,11048,3925571870,0,0,0
sn2204,20220218,20220218,133223500,13:32:24,333430,11830,11048,3925571870,0,0,0
sn2204,20220218,20220218,133224000,13:32:24,333430,11830,11048,3925571870,0,0,0
sn2204,20220218,20220218,133224500,13:32:25,333430,11830,11048,3925571870,0,0,0
sn2204,20220218,20220218,133225000,13:32:25,333430,11830,11048,3925571870,0,0,0
sn2204,20220218,20220218,133225500,13:32:25,333430,11830,11048,3925571870,0,0,0
sn2204,20220218,20220218,133226000,13:32:27,333430,11830,11048,3925571870,0,0,0
sn2204,20220218,20220218,133226500,13:32:27,333430,11830,11048,3925571870,0,0,0
sn2204,20220218,20220218,133227000,13:32:27,333430,11830,11048,3925571870,0,0,0
sn2204,20220218,20220218,133227500,13:32:28,333430,11830,11048,3925571870,0,0,0
sn2204,20220218,20220218,133228000,13:32:32,333430,11830,11048,3925571870,0,0,0
sn2204,20220218,20220218,133228500,13:32:32,333430,11830,11048,3925571870,0,0,0
sn2204,20220218,20220218,133229000,13:32:33,333430,11830,11048,3925571870,0,0,0
sn2204,20220218,20220218,133232000,13:32:35,333430,11830,11048,3925571870,0,0,0
sn2204,20220218,20220218,133232500,13:32:35,333430,11830,11048,3925571870,0,0,0
sn2204,20220218,20220218,133234500,13:32:35,333430,11830,11048,3925571870,0,0,0
sn2204,20220218,20220218,133235000,13:32:36,333430,11830,11048,3925571870,0,0,0
sn2204,20220218,20220218,133235500,13:32:36,333430,11830,11048,3925571870,0,0,0
sn2204,20220218,20220218,133236000,13:32:37,333430,11830,11048,3925571870,0,0,0
sn2204,20220218,20220218,133236500,13:32:37,333430,11830,11048,3925571870,0,0,0
sn2204,20220218,20220218,133237000,13:32:37,333430,11830,11048,3925571870,0,0,0
sn2204,20220218,20220218,133237500,13:32:37,333430,11830,11048,3925571870,0,0,0
sn2204,20220218,20220218,133238000,13:32:38,333430,11830,11048,3925571870,0,0,0
sn2204,20220218,20220218,133238500,13:32:39,333430,11830,11048,3925571870,0,0,0
sn2204,20220218,20220218,133239000,13:32:39,333430,11830,11048,3925571870,0,0,0
sn2204,20220218,20220218,133239500,13:32:40,333430,11830,11048,3925571870,0,0,0
sn2204,20220218,20220218,133240000,13:32:40,333430,11830,11048,3925571870,0,0,0
sn2204,20220218,20220218,133240500,13:32:41,333430,11830,11048,3925571870,0,0,0
sn2204,20220218,20220218,133241000,13:32:41,333430,11830,11048,3925571870,0,0,0
sn2204,20220218,20220218,133241500,13:32:42,333430,11830,11048,3925571870,0,0,0
sn2204,20220218,20220218,133242000,13:32:42,333430,11830,11048,3925571870,0,0,0
sn2204,20220218,20220218,133242500,13:32:42,333430,11830,11048,3925571870,0,0,0
sn2204,20220218,20220218,133243000,13:32:43,333430,11830,11048,3925571870,0,0,0
sn2204,20220218,20220218,133243500,13:32:43,333430,11830,11048,3925571870,0,0,0
sn2204,20220218,20220218,133244000,13:32:44,333430,11830,11048,3925571870,0,0,0
sn2204,20220218,20220218,133244500,13:32:45,333430,11830,11048,3925571870,0,0,0
sn2204,20220218,20220218,133245000,13:32:45,333430,11830,11048,3925571870,0,0,0
sn2204,20220218,20220218,133245500,13:32:45,333430,11830,11048,3925571870,0,0,0
sn2204,20220218,20220218,133246000,13:32:47,333470,11831,11047,3925905340,1,-1,333470
sn2204,20220218,20220218,133246500,13:32:47,333470,11831,11047,3925905340,0,0,0
sn2204,20220218,20220218,133247000,13:32:47,333470,11831,11047,3925905340,0,0,0
sn2204,20220218,20220218,133247500,13:32:48,333470,11831,11047,3925905340,0,0,0
sn2204,20220218,20220218,133248000,13:32:49,333470,11831,11047,3925905340,0,0,0
sn2204,20220218,20220218,133248500,13:32:49,333470,11831,11047,3925905340,0,0,0
sn2204,20220218,20220218,133249000,13:32:49,333470,11831,11047,3925905340,0,0,0
sn2204,20220218,20220218,133249500,13:32:50,333470,11831,11047,3925905340,0,0,0
sn2204,20220218,20220218,133250000,13:32:50,333470,11831,11047,3925905340,0,0,0
sn2204,20220218,20220218,133250500,13:32:52,333470,11831,11047,3925905340,0,0,0
sn2204,20220218,20220218,133251000,13:32:52,333470,11831,11047,3925905340,0,0,0
sn2204,20220218,20220218,133251500,13:32:53,333470,11831,11047,3925905340,0,0,0
sn2204,20220218,20220218,133252500,13:32:53,333470,11831,11047,3925905340,0,0,0
sn2204,20220218,20220218,133253000,13:32:53,333470,11831,11047,3925905340,0,0,0
sn2204,20220218,20220218,133253500,13:32:54,333470,11831,11047,3925905340,0,0,0
sn2204,20220218,20220218,133254000,13:32:54,333340,11833,11049,3926572060,2,2,666720
sn2204,20220218,20220218,133254500,13:32:55,333340,11833,11049,3926572060,0,0,0
sn2204,20220218,20220218,133255000,13:32:55,333340,11833,11049,3926572060,0,0,0
sn2204,20220218,20220218,133255500,13:32:55,333340,11833,11049,3926572060,0,0,0
sn2204,20220218,20220218,133256000,13:32:56,333340,11833,11049,3926572060,0,0,0
sn2204,20220218,20220218,133256500,13:32:56,333340,11833,11049,3926572060,0,0,0
sn2204,20220218,20220218,133257000,13:32:59,333340,11833,11049,3926572060,0,0,0
sn2204,20220218,20220218,133257500,13:33:00,333340,11833,11049,3926572060,0,0,0
sn2204,20220218,20220218,133258000,13:33:00,333340,11833,11049,3926572060,0,0,0
sn2204,20220218,20220218,133258500,13:33:00,333340,11833,11049,3926572060,0,0,0
sn2204,20220218,20220218,133259500,13:33:01,333340,11833,11049,3926572060,0,0,0
sn2204,20220218,20220218,133300000,13:33:01,333340,11833,11049,3926572060,0,0,0
sn2204,20220218,20220218,133300500,13:33:01,333340,11833,11049,3926572060,0,0,0
sn2204,20220218,20220218,133301000,13:33:02,333340,11833,11049,3926572060,0,0,0
sn2204,20220218,20220218,133301500,13:33:02,333310,11834,11050,3926905370,1,1,333310
sn2204,20220218,20220218,133302000,13:33:03,333400,11835,11050,3927238770,1,0,333400
sn2204,20220218,20220218,133302500,13:33:03,333400,11836,11050,3927572170,1,0,333400
sn2204,20220218,20220218,133303000,13:33:04,333400,11836,11050,3927572170,0,0,0
sn2204,20220218,20220218,133303500,13:33:04,333320,11837,11050,3927905490,1,0,333320
sn2204,20220218,20220218,133304000,13:33:04,333320,11837,11050,3927905490,0,0,0
sn2204,20220218,20220218,133304500,13:33:05,333320,11837,11050,3927905490,0,0,0
sn2204,20220218,20220218,133305000,13:33:05,333320,11837,11050,3927905490,0,0,0
sn2204,20220218,20220218,133305500,13:33:05,333320,11837,11050,3927905490,0,0,0
sn2204,20220218,20220218,133306000,13:33:06,333320,11837,11050,3927905490,0,0,0
sn2204,20220218,20220218,133306500,13:33:06,333310,11838,11051,3928238800,1,1,333310
sn2204,20220218,20220218,133307000,13:33:07,333310,11838,11051,3928238800,0,0,0
sn2204,20220218,20220218,133307500,13:33:08,333310,11838,11051,3928238800,0,0,0
sn2204,20220218,20220218,133308000,13:33:08,333240,11839,11051,3928572040,1,0,333240
sn2204,20220218,20220218,133308500,13:33:09,333200,11840,11051,3928905240,1,0,333200
sn2204,20220218,20220218,133309000,13:33:09,333200,11840,11051,3928905240,0,0,0
sn2204,20220218,20220218,133309500,13:33:10,333200,11840,11051,3928905240,0,0,0
sn2204,20220218,20220218,133310000,13:33:11,333260,11841,11052,3929238500,1,1,333260
sn2204,20220218,20220218,133310500,13:33:12,333270,11842,11051,3929571770,1,-1,333270
sn2204,20220218,20220218,133311000,13:33:14,333270,11842,11051,3929571770,0,0,0
sn2204,20220218,20220218,133311500,13:33:14,333270,11842,11051,3929571770,0,0,0
sn2204,20220218,20220218,133312000,13:33:14,333270,11842,11051,3929571770,0,0,0
sn2204,20220218,20220218,133313500,13:33:15,333270,11842,11051,3929571770,0,0,0
sn2204,20220218,20220218,133314000,13:33:17,333270,11842,11051,3929571770,0,0,0
sn2204,20220218,20220218,133314500,13:33:17,333270,11842,11051,3929571770,0,0,0
sn2204,20220218,20220218,133315000,13:33:18,333270,11842,11051,3929571770,0,0,0
sn2204,20220218,20220218,133315500,13:33:18,333270,11842,11051,3929571770,0,0,0
sn2204,20220218,20220218,133317000,13:33:19,333200,11843,11052,3929904970,1,1,333200
sn2204,20220218,20220218,133318000,13:33:19,333200,11843,11052,3929904970,0,0,0
sn2204,20220218,20220218,133318500,13:33:19,333200,11843,11052,3929904970,0,0,0
sn2204,20220218,20220218,133319000,13:33:20,333200,11843,11052,3929904970,0,0,0
sn2204,20220218,20220218,133319500,13:33:20,333200,11843,11052,3929904970,0,0,0
sn2204,20220218,20220218,133320000,13:33:21,333200,11843,11052,3929904970,0,0,0
sn2204,20220218,20220218,133320500,13:33:21,333200,11843,11052,3929904970,0,0,0
sn2204,20220218,20220218,133321000,13:33:22,333200,11843,11052,3929904970,0,0,0
sn2204,20220218,20220218,133321500,13:33:22,333200,11843,11052,3929904970,0,0,0
sn2204,20220218,20220218,133322000,13:33:22,333200,11843,11052,3929904970,0,0,0
sn2204,20220218,20220218,133322500,13:33:22,333200,11843,11052,3929904970,0,0,0
sn2204,20220218,20220218,133323000,13:33:23,333200,11843,11052,3929904970,0,0,0
sn2204,20220218,20220218,133323500,13:33:24,333200,11843,11052,3929904970,0,0,0
sn2204,20220218,20220218,133324000,13:33:24,333200,11843,11052,3929904970,0,0,0
sn2204,20220218,20220218,133324500,13:33:25,333200,11843,11052,3929904970,0,0,0
sn2204,20220218,20220218,133325000,13:33:26,333200,11843,11052,3929904970,0,0,0
sn2204,20220218,20220218,133325500,13:33:27,333200,11843,11052,3929904970,0,0,0
sn2204,20220218,20220218,133326000,13:33:28,333200,11843,11052,3929904970,0,0,0
sn2204,20220218,20220218,133326500,13:33:29,333200,11843,11052,3929904970,0,0,0
sn2204,20220218,20220218,133327000,13:33:29,333200,11843,11052,3929904970,0,0,0
sn2204,20220218,20220218,133328500,13:33:30,333200,11843,11052,3929904970,0,0,0
sn2204,20220218,20220218,133329000,13:33:30,333200,11843,11052,3929904970,0,0,0
sn2204,20220218,20220218,133329500,13:33:30,333200,11843,11052,3929904970,0,0,0
sn2204,20220218,20220218,133330000,13:33:30,333200,11843,11052,3929904970,0,0,0
sn2204,20220218,20220218,133330500,13:33:31,333200,11843,11052,3929904970,0,0,0
sn2204,20220218,20220218,133331000,13:33:32,333200,11843,11052,3929904970,0,0,0
sn2204,20220218,20220218,133331500,13:33:32,333200,11843,11052,3929904970,0,0,0
sn2204,20220218,20220218,133332000,13:33:32,333200,11843,11052,3929904970,0,0,0
sn2204,20220218,20220218,133332500,13:33:33,333200,11843,11052,3929904970,0,0,0
sn2204,20220218,20220218,133333000,13:33:33,333200,11843,11052,3929904970,0,0,0
sn2204,20220218,20220218,133333500,13:33:33,333200,11843,11052,3929904970,0,0,0
sn2204,20220218,20220218,133334000,13:33:34,333200,11843,11052,3929904970,0,0,0
sn2204,20220218,20220218,133334500,13:33:34,333200,11843,11052,3929904970,0,0,0
sn2204,20220218,20220218,133335000,13:33:35,333200,11843,11052,3929904970,0,0,0
sn2204,20220218,20220218,133335500,13:33:35,333200,11843,11052,3929904970,0,0,0
sn2204,20220218,20220218,133336000,13:33:36,333200,11843,11052,3929904970,0,0,0
sn2204,20220218,20220218,133336500,13:33:36,333200,11843,11052,3929904970,0,0,0
sn2204,20220218,20220218,133337000,13:33:37,333200,11843,11052,3929904970,0,0,0
sn2204,20220218,20220218,133337500,13:33:37,333380,11845,11052,3930571700,2,0,666730
sn2204,20220218,20220218,133338000,13:33:38,333380,11845,11052,3930571700,0,0,0
sn2204,20220218,20220218,133338500,13:33:39,333380,11845,11052,3930571700,0,0,0
sn2204,20220218,20220218,133339000,13:33:39,333380,11845,11052,3930571700,0,0,0
sn2204,20220218,20220218,133339500,13:33:40,333380,11845,11052,3930571700,0,0,0
sn2204,20220218,20220218,133340000,13:33:40,333380,11845,11052,3930571700,0,0,0
sn2204,20220218,20220218,133340500,13:33:41,333380,11845,11052,3930571700,0,0,0
sn2204,20220218,20220218,133341000,13:33:41,333380,11845,11052,3930571700,0,0,0
sn2204,20220218,20220218,133341500,13:33:42,333380,11845,11052,3930571700,0,0,0
sn2204,20220218,20220218,133342000,13:33:42,333380,11845,11052,3930571700,0,0,0
sn2204,20220218,20220218,133342500,13:33:42,333380,11845,11052,3930571700,0,0,0
sn2204,20220218,20220218,133343000,13:33:43,333380,11845,11052,3930571700,0,0,0
sn2204,20220218,20220218,133343500,13:33:44,333380,11845,11052,3930571700,0,0,0
sn2204,20220218,20220218,133344000,13:33:45,333380,11845,11052,3930571700,0,0,0
sn2204,20220218,20220218,133344500,13:33:45,333380,11845,11052,3930571700,0,0,0
sn2204,20220218,20220218,133345000,13:33:45,333380,11845,11052,3930571700,0,0,0
sn2204,20220218,20220218,133345500,13:33:47,333380,11845,11052,3930571700,0,0,0
sn2204,20220218,20220218,133346000,13:33:47,333380,11845,11052,3930571700,0,0,0
sn2204,20220218,20220218,133346500,13:33:48,333380,11845,11052,3930571700,0,0,0
sn2204,20220218,20220218,133347000,13:33:48,333460,11846,11052,3930905160,1,0,333460
sn2204,20220218,20220218,133347500,13:33:49,333380,11847,11051,3931238540,1,-1,333380
sn2204,20220218,20220218,133348000,13:33:49,333380,11847,11051,3931238540,0,0,0
sn2204,20220218,20220218,133348500,13:33:49,333380,11847,11051,3931238540,0,0,0
sn2204,20220218,20220218,133349000,13:33:50,333380,11847,11051,3931238540,0,0,0
sn2204,20220218,20220218,133349500,13:33:50,333380,11847,11051,3931238540,0,0,0
sn2204,20220218,20220218,133350000,13:33:50,333380,11847,11051,3931238540,0,0,0
sn2204,20220218,20220218,133350500,13:33:50,333380,11847,11051,3931238540,0,0,0
sn2204,20220218,20220218,133351000,13:33:51,333380,11847,11051,3931238540,0,0,0
sn2204,20220218,20220218,133351500,13:33:52,333380,11847,11051,3931238540,0,0,0
sn2204,20220218,20220218,133352000,13:33:52,333380,11847,11051,3931238540,0,0,0
sn2204,20220218,20220218,133352500,13:33:52,333380,11847,11051,3931238540,0,0,0
sn2204,20220218,20220218,133353000,13:33:53,333380,11847,11051,3931238540,0,0,0
sn2204,20220218,20220218,133353500,13:33:53,333380,11847,11051,3931238540,0,0,0
sn2204,20220218,20220218,133354000,13:33:54,333380,11847,11051,3931238540,0,0,0
sn2204,20220218,20220218,133354500,13:33:55,333380,11847,11051,3931238540,0,0,0
sn2204,20220218,20220218,133355000,13:33:56,333380,11847,11051,3931238540,0,0,0
sn2204,20220218,20220218,133355500,13:33:56,333380,11847,11051,3931238540,0,0,0
sn2204,20220218,20220218,133356000,13:33:57,333380,11847,11051,3931238540,0,0,0
sn2204,20220218,20220218,133356500,13:33:57,333380,11847,11051,3931238540,0,0,0
sn2204,20220218,20220218,133357000,13:33:57,333380,11847,11051,3931238540,0,0,0
sn2204,20220218,20220218,133357500,13:33:58,333380,11847,11051,3931238540,0,0,0
sn2204,20220218,20220218,133358000,13:33:58,333380,11847,11051,3931238540,0,0,0
sn2204,20220218,20220218,133358500,13:33:59,333380,11847,11051,3931238540,0,0,0
sn2204,20220218,20220218,133359000,13:33:59,333380,11847,11051,3931238540,0,0,0
sn2204,20220218,20220218,133359500,13:34:00,333380,11847,11051,3931238540,0,0,0
sn2204,20220218,20220218,133400000,13:34:00,333380,11847,11051,3931238540,0,0,0
sn2204,20220218,20220218,133400500,13:34:01,333380,11847,11051,3931238540,0,0,0
sn2204,20220218,20220218,133401000,13:34:02,333380,11847,11051,3931238540,0,0,0
sn2204,20220218,20220218,133401500,13:34:02,333460,11848,11051,3931572000,1,0,333460
sn2204,20220218,20220218,133402000,13:34:10,333460,11848,11051,3931572000,0,0,0
sn2204,20220218,20220218,133402500,13:34:10,333460,11848,11051,3931572000,0,0,0
sn2204,20220218,20220218,133403000,13:34:10,333460,11848,11051,3931572000,0,0,0
sn2204,20220218,20220218,133410000,13:34:12,333460,11848,11051,3931572000,0,0,0
sn2204,20220218,20220218,133410500,13:34:12,333460,11848,11051,3931572000,0,0,0
sn2204,20220218,20220218,133411500,13:34:12,333460,11848,11051,3931572000,0,0,0
sn2204,20220218,20220218,133412000,13:34:12,333460,11848,11051,3931572000,0,0,0
sn2204,20220218,20220218,133412500,13:34:13,333460,11848,11051,3931572000,0,0,0
sn2204,20220218,20220218,133413000,13:34:13,333460,11848,11051,3931572000,0,0,0
sn2204,20220218,20220218,133413500,13:34:14,333460,11848,11051,3931572000,0,0,0
sn2204,20220218,20220218,133414000,13:34:14,333460,11848,11051,3931572000,0,0,0
sn2204,20220218,20220218,133414500,13:34:15,333460,11848,11051,3931572000,0,0,0
sn2204,20220218,20220218,133415000,13:34:15,333460,11848,11051,3931572000,0,0,0
sn2204,20220218,20220218,133415500,13:34:16,333460,11848,11051,3931572000,0,0,0
sn2204,20220218,20220218,133416000,13:34:16,333460,11848,11051,3931572000,0,0,0
sn2204,20220218,20220218,133416500,13:34:17,333460,11848,11051,3931572000,0,0,0
sn2204,20220218,20220218,133417000,13:34:17,333460,11848,11051,3931572000,0,0,0
sn2204,20220218,20220218,133417500,13:34:17,333460,11848,11051,3931572000,0,0,0
sn2204,20220218,20220218,133418000,13:34:18,333460,11848,11051,3931572000,0,0,0
sn2204,20220218,20220218,133418500,13:34:19,333460,11848,11051,3931572000,0,0,0
sn2204,20220218,20220218,133419000,13:34:19,333460,11848,11051,3931572000,0,0,0
sn2204,20220218,20220218,133419500,13:34:20,333460,11848,11051,3931572000,0,0,0
sn2204,20220218,20220218,133420000,13:34:20,333460,11848,11051,3931572000,0,0,0
sn2204,20220218,20220218,133420500,13:34:23,333460,11848,11051,3931572000,0,0,0
sn2204,20220218,20220218,133421000,13:34:23,333460,11848,11051,3931572000,0,0,0
sn2204,20220218,20220218,133421500,13:34:23,333460,11848,11051,3931572000,0,0,0
sn2204,20220218,20220218,133423000,13:34:24,333460,11848,11051,3931572000,0,0,0
sn2204,20220218,20220218,133423500,13:34:24,333460,11848,11051,3931572000,0,0,0
sn2204,20220218,20220218,133424000,13:34:24,333460,11848,11051,3931572000,0,0,0
sn2204,20220218,20220218,133424500,13:34:24,333460,11848,11051,3931572000,0,0,0
sn2204,20220218,20220218,133425000,13:34:25,333460,11848,11051,3931572000,0,0,0
sn2204,20220218,20220218,133425500,13:34:25,333330,11849,11051,3931905330,1,0,333330
sn2204,20220218,20220218,133426000,13:34:26,333330,11849,11051,3931905330,0,0,0
sn2204,20220218,20220218,133426500,13:34:26,333320,11850,11052,3932238650,1,1,333320
sn2204,20220218,20220218,133427000,13:34:27,333320,11850,11052,3932238650,0,0,0
sn2204,20220218,20220218,133427500,13:34:28,333320,11850,11052,3932238650,0,0,0
sn2204,20220218,20220218,133428000,13:34:28,333320,11850,11052,3932238650,0,0,0
sn2204,20220218,20220218,133428500,13:34:29,333320,11850,11052,3932238650,0,0,0
sn2204,20220218,20220218,133429000,13:34:29,333320,11850,11052,3932238650,0,0,0
sn2204,20220218,20220218,133429500,13:34:29,333320,11850,11052,3932238650,0,0,0
sn2204,20220218,20220218,133430000,13:34:30,333380,11851,11052,3932572030,1,0,333380
sn2204,20220218,20220218,133430500,13:34:30,333300,11854,11052,3933571950,3,0,999920
sn2204,20220218,20220218,133431000,13:34:31,333300,11861,11057,3935905050,7,5,2333100
sn2204,20220218,20220218,133431500,13:34:31,333310,11862,11058,3936238360,1,1,333310
sn2204,20220218,20220218,133432000,13:34:32,333310,11863,11057,3936571670,1,-1,333310
sn2204,20220218,20220218,133432500,13:34:32,333310,11863,11057,3936571670,0,0,0
sn2204,20220218,20220218,133433000,13:34:34,333310,11863,11057,3936571670,0,0,0
sn2204,20220218,20220218,133433500,13:34:34,333310,11863,11057,3936571670,0,0,0
sn2204,20220218,20220218,133434000,13:34:34,333310,11863,11057,3936571670,0,0,0
sn2204,20220218,20220218,133434500,13:34:35,333210,11867,11054,3937904630,4,-3,1332960
sn2204,20220218,20220218,133435000,13:34:35,333210,11867,11054,3937904630,0,0,0
sn2204,20220218,20220218,133435500,13:34:36,333220,11869,11056,3938571070,2,2,666440
sn2204,20220218,20220218,133436000,13:34:36,333180,11870,11057,3938904250,1,1,333180
sn2204,20220218,20220218,133436500,13:34:36,333150,11872,11058,3939570520,2,1,666270
sn2204,20220218,20220218,133437000,13:34:37,333150,11874,11060,3940236820,2,2,666300
sn2204,20220218,20220218,133437500,13:34:38,333150,11874,11060,3940236820,0,0,0
sn2204,20220218,20220218,133438000,13:34:38,333180,11875,11059,3940570000,1,-1,333180
sn2204,20220218,20220218,133438500,13:34:38,333220,11876,11058,3940903220,1,-1,333220
sn2204,20220218,20220218,133439000,13:34:39,333220,11876,11058,3940903220,0,0,0
sn2204,20220218,20220218,133439500,13:34:39,333220,11876,11058,3940903220,0,0,0
sn2204,20220218,20220218,133440000,13:34:40,333220,11876,11058,3940903220,0,0,0
sn2204,20220218,20220218,133440500,13:34:41,333220,11876,11058,3940903220,0,0,0
sn2204,20220218,20220218,133441000,13:34:41,333220,11876,11058,3940903220,0,0,0
sn2204,20220218,20220218,133441500,13:34:42,333220,11876,11058,3940903220,0,0,0
sn2204,20220218,20220218,133442000,13:34:44,333220,11876,11058,3940903220,0,0,0
sn2204,20220218,20220218,133442500,13:34:44,333220,11876,11058,3940903220,0,0,0
sn2204,20220218,20220218,133443500,13:34:45,333220,11876,11058,3940903220,0,0,0
sn2204,20220218,20220218,133444000,13:34:45,333220,11876,11058,3940903220,0,0,0
sn2204,20220218,20220218,133444500,13:34:46,333220,11876,11058,3940903220,0,0,0
sn2204,20220218,20220218,133445000,13:34:46,333220,11876,11058,3940903220,0,0,0
sn2204,20220218,20220218,133445500,13:34:46,333220,11876,11058,3940903220,0,0,0
sn2204,20220218,20220218,133446000,13:34:46,333220,11876,11058,3940903220,0,0,0
sn2204,20220218,20220218,133446500,13:34:47,333220,11876,11058,3940903220,0,0,0
sn2204,20220218,20220218,133447000,13:34:47,333220,11876,11058,3940903220,0,0,0
sn2204,20220218,20220218,133447500,13:34:47,333220,11876,11058,3940903220,0,0,0
sn2204,20220218,20220218,133448000,13:34:48,333220,11876,11058,3940903220,0,0,0
sn2204,20220218,20220218,133448500,13:34:49,333220,11876,11058,3940903220,0,0,0
sn2204,20220218,20220218,133449000,13:34:49,333220,11876,11058,3940903220,0,0,0
sn2204,20220218,20220218,133449500,13:34:49,333220,11876,11058,3940903220,0,0,0
sn2204,20220218,20220218,133450000,13:34:51,333220,11876,11058,3940903220,0,0,0
sn2204,20220218,20220218,133450500,13:34:51,333220,11876,11058,3940903220,0,0,0
sn2204,20220218,20220218,133451000,13:34:51,333220,11876,11058,3940903220,0,0,0
sn2204,20220218,20220218,133451500,13:34:52,333220,11876,11058,3940903220,0,0,0
sn2204,20220218,20220218,133452000,13:34:52,333220,11876,11058,3940903220,0,0,0
sn2204,20220218,20220218,133452500,13:34:53,333220,11876,11058,3940903220,0,0,0
sn2204,20220218,20220218,133453000,13:34:53,333220,11876,11058,3940903220,0,0,0
sn2204,20220218,20220218,133453500,13:34:55,333110,11877,11059,3941236330,1,1,333110
sn2204,20220218,20220218,133454000,13:34:56,333110,11877,11059,3941236330,0,0,0
sn2204,20220218,20220218,133454500,13:34:56,333110,11877,11059,3941236330,0,0,0
sn2204,20220218,20220218,133455500,13:34:56,333110,11877,11059,3941236330,0,0,0
sn2204,20220218,20220218,133456000,13:34:57,333110,11877,11059,3941236330,0,0,0
sn2204,20220218,20220218,133456500,13:34:57,333110,11877,11059,3941236330,0,0,0
sn2204,20220218,20220218,133457000,13:34:57,333110,11877,11059,3941236330,0,0,0
sn2204,20220218,20220218,133457500,13:34:58,333110,11877,11059,3941236330,0,0,0
sn2204,20220218,20220218,133458000,13:34:58,333110,11877,11059,3941236330,0,0,0
sn2204,20220218,20220218,133458500,13:34:59,333110,11877,11059,3941236330,0,0,0
sn2204,20220218,20220218,133459000,13:34:59,333110,11877,11059,3941236330,0,0,0
sn2204,20220218,20220218,133459500,13:35:00,333110,11877,11059,3941236330,0,0,0
sn2204,20220218,20220218,133500000,13:35:00,333110,11877,11059,3941236330,0,0,0
sn2204,20220218,20220218,133500500,13:35:00,333110,11878,11060,3941569440,1,1,333110
sn2204,20220218,20220218,133501000,13:35:04,333100,11883,11062,3943234970,5,2,1665530
