sn2205,20220218,20220218,112003000,11:20:09,329080,23319,17797,7626624820,23319,1056,7626624820
sn2205,20220218,20220218,112004500,11:20:10,329080,23319,17797,7626624820,0,0,0
sn2205,20220218,20220218,112005000,11:20:10,329080,23319,17797,7626624820,0,0,0
sn2205,20220218,20220218,112006000,11:20:10,329080,23319,17797,7626624820,0,0,0
sn2205,20220218,20220218,112006500,11:20:10,329080,23319,17797,7626624820,0,0,0
sn2205,20220218,20220218,112007000,11:20:10,329080,23319,17797,7626624820,0,0,0
sn2205,20220218,20220218,112007500,11:20:10,329080,23319,17797,7626624820,0,0,0
sn2205,20220218,20220218,112008000,11:20:10,329030,23321,17799,7627282880,2,2,658060
sn2205,20220218,20220218,112008500,11:20:10,329030,23325,17802,7628599000,4,3,1316120
sn2205,20220218,20220218,112009000,11:20:10,329030,23325,17802,7628599000,0,0,0
sn2205,20220218,20220218,112009500,11:20:10,329030,23325,17802,7628599000,0,0,0
sn2205,20220218,20220218,112010000,11:20:10,329030,23325,17802,7628599000,0,0,0
sn2205,20220218,20220218,112010500,11:20:10,329030,23325,17802,7628599000,0,0,0
sn2205,20220218,20220218,112011000,11:20:11,329030,23325,17802,7628599000,0,0,0
sn2205,20220218,20220218,112011500,11:20:12,329030,23325,17802,7628599000,0,0,0
sn2205,20220218,20220218,112012000,11:20:12,329030,23325,17802,7628599000,0,0,0
sn2205,20220218,20220218,112012500,11:20:12,329030,23325,17802,7628599000,0,0,0
sn2205,20220218,20220218,112013000,11:20:13,329030,23325,17802,7628599000,0,0,0
sn2205,20220218,20220218,112013500,11:20:13,329030,23325,17802,7628599000,0,0,0
sn2205,20220218,20220218,112014000,11:20:14,329030,23325,17802,7628599000,0,0,0
sn2205,20220218,20220218,112014500,11:20:14,329030,23325,17802,7628599000,0,0,0
sn2205,20220218,20220218,112015000,11:20:15,329030,23325,17802,7628599000,0,0,0
sn2205,20220218,20220218,112015500,11:20:16,329030,23325,17802,7628599000,0,0,0
sn2205,20220218,20220218,112016000,11:20:16,329030,23325,17802,7628599000,0,0,0
sn2205,20220218,20220218,112016500,11:20:16,329110,23326,17802,7628928110,1,0,329110
sn2205,20220218,20220218,112017000,11:20:17,329110,23328,17802,7629586330,2,0,658220
sn2205,20220218,20220218,112017500,11:20:17,329110,23328,17802,7629586330,0,0,0
sn2205,20220218,20220218,112018000,11:20:18,329110,23328,17802,7629586330,0,0,0
sn2205,20220218,20220218,112018500,11:20:18,329110,23328,17802,7629586330,0,0,0
sn2205,20220218,20220218,112019000,11:20:19,329110,23328,17802,7629586330,0,0,0
sn2205,20220218,20220218,112019500,11:20:20,329110,23328,17802,7629586330,0,0,0
sn2205,20220218,20220218,112020000,11:20:20,329110,23328,17802,7629586330,0,0,0
sn2205,20220218,20220218,112020500,11:20:20,329110,23328,17802,7629586330,0,0,0
sn2205,20220218,20220218,112021000,11:20:21,329110,23328,17802,7629586330,0,0,0
sn2205,20220218,20220218,112021500,11:20:21,329110,23328,17802,7629586330,0,0,0
sn2205,20220218,20220218,112022000,11:20:22,329110,23328,17802,7629586330,0,0,0
sn2205,20220218,20220218,112022500,11:20:23,329110,23328,17802,7629586330,0,0,0
sn2205,20220218,20220218,112023000,11:20:23,329110,23328,17802,7629586330,0,0,0
sn2205,20220218,20220218,112023500,11:20:23,329110,23328,17802,7629586330,0,0,0
sn2205,20220218,20220218,112024000,11:20:24,329110,23328,17802,7629586330,0,0,0
sn2205,20220218,20220218,112024500,11:20:24,329110,23328,17802,7629586330,0,0,0
sn2205,20220218,20220218,112025000,11:20:25,329110,23328,17802,7629586330,0,0,0
sn2205,20220218,20220218,112025500,11:20:25,329110,23328,17802,7629586330,0,0,0
sn2205,20220218,20220218,112026000,11:20:26,329110,23328,17802,7629586330,0,0,0
sn2205,20220218,20220218,112026500,11:20:26,329110,23328,17802,7629586330,0,0,0
sn2205,20220218,20220218,112027000,11:20:27,329110,23328,17802,7629586330,0,0,0
sn2205,20220218,20220218,112027500,11:20:28,329110,23328,17802,7629586330,0,0,0
sn2205,20220218,20220218,112028000,11:20:28,329110,23328,17802,7629586330,0,0,0
sn2205,20220218,20220218,112028500,11:20:28,329110,23328,17802,7629586330,0,0,0
sn2205,20220218,20220218,112029000,11:20:29,329110,23328,17802,7629586330,0,0,0
sn2205,20220218,20220218,112029500,11:20:30,329110,23328,17802,7629586330,0,0,0
sn2205,20220218,20220218,112030000,11:20:31,329110,23328,17802,7629586330,0,0,0
sn2205,20220218,20220218,112030500,11:20:31,329110,23328,17802,7629586330,0,0,0
sn2205,20220218,20220218,112031000,11:20:31,329110,23328,17802,7629586330,0,0,0
sn2205,20220218,20220218,112031500,11:20:32,329020,23330,17802,7630244400,2,0,658070
sn2205,20220218,20220218,112032000,11:20:32,328970,23333,17803,7631231350,3,1,986950
sn2205,20220218,20220218,112032500,11:20:32,328970,23333,17803,7631231350,0,0,0
sn2205,20220218,20220218,112033000,11:20:33,328970,23333,17803,7631231350,0,0,0
sn2205,20220218,20220218,112033500,11:20:33,328970,23334,17803,7631560320,1,0,328970
sn2205,20220218,20220218,112034000,11:20:34,328970,23334,17803,7631560320,0,0,0
sn2205,20220218,20220218,112034500,11:20:35,328970,23334,17803,7631560320,0,0,0
sn2205,20220218,20220218,112035000,11:20:35,328970,23334,17803,7631560320,0,0,0
sn2205,20220218,20220218,112035500,11:20:35,328970,23334,17803,7631560320,0,0,0
sn2205,20220218,20220218,112036000,11:20:36,328970,23334,17803,7631560320,0,0,0
sn2205,20220218,20220218,112036500,11:20:37,328880,23335,17803,7631889200,1,0,328880
sn2205,20220218,20220218,112037000,11:20:37,328880,23339,17802,7633204720,4,-1,1315520
sn2205,20220218,20220218,112037500,11:20:38,328880,23339,17802,7633204720,0,0,0
sn2205,20220218,20220218,112038000,11:20:38,328900,23340,17801,7633533620,1,-1,328900
sn2205,20220218,20220218,112038500,11:20:38,328900,23340,17801,7633533620,0,0,0
sn2205,20220218,20220218,112039000,11:20:39,328920,23341,17800,7633862540,1,-1,328920
sn2205,20220218,20220218,112039500,11:20:40,328920,23341,17800,7633862540,0,0,0
sn2205,20220218,20220218,112040000,11:20:40,328920,23341,17800,7633862540,0,0,0
sn2205,20220218,20220218,112040500,11:20:41,328910,23342,17799,7634191450,1,-1,328910
sn2205,20220218,20220218,112041000,11:20:41,328910,23342,17799,7634191450,0,0,0
sn2205,20220218,20220218,112041500,11:20:41,328990,23343,17799,7634520440,1,0,328990
sn2205,20220218,20220218,112042000,11:20:42,328900,23344,17799,7634849340,1,0,328900
sn2205,20220218,20220218,112042500,11:20:42,328900,23344,17799,7634849340,0,0,0
sn2205,20220218,20220218,112043000,11:20:43,328900,23344,17799,7634849340,0,0,0
sn2205,20220218,20220218,112043500,11:20:44,328900,23344,17799,7634849340,0,0,0
sn2205,20220218,20220218,112044000,11:20:44,328900,23344,17799,7634849340,0,0,0
sn2205,20220218,20220218,112044500,11:20:44,328900,23344,17799,7634849340,0,0,0
sn2205,20220218,20220218,112045000,11:20:45,328990,23345,17798,7635178330,1,-1,328990
sn2205,20220218,20220218,112045500,11:20:46,328990,23347,17797,7635836310,2,-1,657980
sn2205,20220218,20220218,112046000,11:20:46,328990,23348,17796,7636165300,1,-1,328990
sn2205,20220218,20220218,112046500,11:20:46,329080,23349,17797,7636494380,1,1,329080
sn2205,20220218,20220218,112047000,11:20:47,329080,23349,17797,7636494380,0,0,0
sn2205,20220218,20220218,112047500,11:20:48,329080,23349,17797,7636494380,0,0,0
sn2205,20220218,20220218,112048000,11:20:48,329080,23349,17797,7636494380,0,0,0
sn2205,20220218,20220218,112048500,11:20:50,329080,23349,17797,7636494380,0,0,0
sn2205,20220218,20220218,112049000,11:20:50,329080,23349,17797,7636494380,0,0,0
sn2205,20220218,20220218,112049500,11:20:50,329000,23358,17803,7639455380,9,6,2961000
sn2205,20220218,20220218,112050500,11:20:51,329000,23359,17802,7639784380,1,-1,329000
sn2205,20220218,20220218,112051000,11:20:51,329060,23369,17799,7643074440,10,-3,3290060
sn2205,20220218,20220218,112051500,11:20:51,329120,23371,17799,7643732570,2,0,658130
sn2205,20220218,20220218,112052000,11:20:52,329080,23372,17799,7644061650,1,0,329080
sn2205,20220218,20220218,112052500,11:20:53,329080,23372,17799,7644061650,0,0,0
sn2205,20220218,20220218,112053000,11:20:53,329080,23372,17799,7644061650,0,0,0
sn2205,20220218,20220218,112053500,11:20:53,329120,23373,17799,7644390770,1,0,329120
sn2205,20220218,20220218,112054000,11:20:54,329120,23373,17799,7644390770,0,0,0
sn2205,20220218,20220218,112054500,11:20:55,329120,23373,17799,7644390770,0,0,0
sn2205,20220218,20220218,112055000,11:20:55,329120,23373,17799,7644390770,0,0,0
sn2205,20220218,20220218,112055500,11:20:56,329120,23373,17799,7644390770,0,0,0
sn2205,20220218,20220218,112056000,11:20:56,329120,23373,17799,7644390770,0,0,0
sn2205,20220218,20220218,112056500,11:20:56,329120,23373,17799,7644390770,0,0,0
sn2205,20220218,20220218,112057000,11:20:57,329060,23374,17800,7644719830,1,1,329060
sn2205,20220218,20220218,112057500,11:20:58,329060,23374,17800,7644719830,0,0,0
sn2205,20220218,20220218,112058000,11:20:58,329060,23374,17800,7644719830,0,0,0
sn2205,20220218,20220218,112058500,11:20:59,329060,23374,17800,7644719830,0,0,0
sn2205,20220218,20220218,112059000,11:20:59,329060,23374,17800,7644719830,0,0,0
sn2205,20220218,20220218,112059500,11:21:00,329060,23374,17800,7644719830,0,0,0
sn2205,20220218,20220218,112100000,11:21:00,329060,23374,17800,7644719830,0,0,0
sn2205,20220218,20220218,112100500,11:21:01,329060,23374,17800,7644719830,0,0,0
sn2205,20220218,20220218,112101000,11:21:01,329060,23374,17800,7644719830,0,0,0
sn2205,20220218,20220218,112101500,11:21:02,329060,23374,17800,7644719830,0,0,0
sn2205,20220218,20220218,112102000,11:21:02,329060,23374,17800,7644719830,0,0,0
sn2205,20220218,20220218,112102500,11:21:03,329060,23374,17800,7644719830,0,0,0
sn2205,20220218,20220218,112103000,11:21:03,329050,23377,17799,7645707000,3,-1,987170
sn2205,20220218,20220218,112103500,11:21:03,329030,23381,17799,7647023120,4,0,1316120
sn2205,20220218,20220218,112104000,11:21:04,329030,23382,17799,7647352150,1,0,329030
sn2205,20220218,20220218,112104500,11:21:05,329030,23382,17799,7647352150,0,0,0
sn2205,20220218,20220218,112105000,11:21:05,329030,23382,17799,7647352150,0,0,0
sn2205,20220218,20220218,112105500,11:21:07,329030,23382,17799,7647352150,0,0,0
sn2205,20220218,20220218,112106000,11:21:07,329030,23382,17799,7647352150,0,0,0
sn2205,20220218,20220218,112106500,11:21:07,329030,23382,17799,7647352150,0,0,0
sn2205,20220218,20220218,112107000,11:21:09,329030,23382,17799,7647352150,0,0,0
sn2205,20220218,20220218,112107500,11:21:10,329030,23382,17799,7647352150,0,0,0
sn2205,20220218,20220218,112108000,11:21:10,329030,23382,17799,7647352150,0,0,0
sn2205,20220218,20220218,112108500,11:21:10,329030,23382,17799,7647352150,0,0,0
sn2205,20220218,20220218,112110000,11:21:11,329030,23382,17799,7647352150,0,0,0
sn2205,20220218,20220218,112110500,11:21:11,329030,23382,17799,7647352150,0,0,0
sn2205,20220218,20220218,112111000,11:21:11,329030,23382,17799,7647352150,0,0,0
sn2205,20220218,20220218,112111500,11:21:12,329030,23382,17799,7647352150,0,0,0
sn2205,20220218,20220218,112112000,11:21:12,328830,23386,17797,7648667520,4,-2,1315370
sn2205,20220218,20220218,112112500,11:21:12,328890,23402,17793,7653928890,16,-4,5261370
sn2205,20220218,20220218,112113000,11:21:13,328890,23402,17793,7653928890,0,0,0
sn2205,20220218,20220218,112113500,11:21:13,328980,23403,17793,7654257870,1,0,328980
sn2205,20220218,20220218,112114000,11:21:14,328980,23403,17793,7654257870,0,0,0
sn2205,20220218,20220218,112114500,11:21:14,328870,23405,17793,7654915700,2,0,657830
sn2205,20220218,20220218,112115000,11:21:15,328910,23409,17791,7656231340,4,-2,1315640
sn2205,20220218,20220218,112115500,11:21:15,328910,23409,17791,7656231340,0,0,0
sn2205,20220218,20220218,112116000,11:21:16,328910,23409,17791,7656231340,0,0,0
sn2205,20220218,20220218,112116500,11:21:16,328910,23409,17791,7656231340,0,0,0
sn2205,20220218,20220218,112117000,11:21:17,328910,23409,17791,7656231340,0,0,0
sn2205,20220218,20220218,112117500,11:21:18,328910,23409,17791,7656231340,0,0,0
sn2205,20220218,20220218,112118000,11:21:18,328910,23409,17791,7656231340,0,0,0
sn2205,20220218,20220218,112118500,11:21:18,328960,23410,17790,7656560300,1,-1,328960
sn2205,20220218,20220218,112119000,11:21:19,328960,23410,17790,7656560300,0,0,0
sn2205,20220218,20220218,112119500,11:21:19,328950,23411,17791,7656889250,1,1,328950
sn2205,20220218,20220218,112120000,11:21:20,328950,23411,17791,7656889250,0,0,0
sn2205,20220218,20220218,112120500,11:21:21,328950,23411,17791,7656889250,0,0,0
sn2205,20220218,20220218,112121000,11:21:22,328950,23411,17791,7656889250,0,0,0
sn2205,20220218,20220218,112121500,11:21:22,328950,23411,17791,7656889250,0,0,0
sn2205,20220218,20220218,112122000,11:21:22,328830,23421,17789,7660177750,10,-2,3288500
sn2205,20220218,20220218,112122500,11:21:22,328930,23422,17789,7660506680,1,0,328930
sn2205,20220218,20220218,112123000,11:21:23,328910,23424,17790,7661164500,2,1,657820
sn2205,20220218,20220218,112123500,11:21:23,328910,23424,17790,7661164500,0,0,0
sn2205,20220218,20220218,112124000,11:21:24,328830,23426,17791,7661822160,2,1,657660
sn2205,20220218,20220218,112124500,11:21:25,328810,23428,17790,7662479780,2,-1,657620
sn2205,20220218,20220218,112125000,11:21:57,328800,23432,17789,7663795030,4,-1,1315250
sn2205,20220218,20220218,112125500,11:23:32,328800,23438,17793,7665767830,6,4,1972800
sn2205,20220218,20220218,112126000,11:23:32,328790,23439,17794,7666096620,1,1,328790
sn2205,20220218,20220218,112126500,11:23:33,328780,23440,17793,7666425400,1,-1,328780
sn2205,20220218,20220218,112332500,11:23:33,328780,23440,17793,7666425400,0,0,0
sn2205,20220218,20220218,112333000,11:23:33,328780,23440,17793,7666425400,0,0,0
sn2205,20220218,20220218,112333500,11:23:33,328780,23440,17793,7666425400,0,0,0
sn2205,20220218,20220218,112334000,11:23:34,328780,23440,17793,7666425400,0,0,0
sn2205,20220218,20220218,112334500,11:23:34,328780,23440,17793,7666425400,0,0,0
sn2205,20220218,20220218,112335000,11:23:35,328780,23440,17793,7666425400,0,0,0
sn2205,20220218,20220218,112335500,11:23:35,328780,23440,17793,7666425400,0,0,0
sn2205,20220218,20220218,112336000,11:23:36,328780,23440,17793,7666425400,0,0,0
sn2205,20220218,20220218,112336500,11:23:38,328780,23440,17793,7666425400,0,0,0
sn2205,20220218,20220218,112337000,11:23:38,328780,23440,17793,7666425400,0,0,0
sn2205,20220218,20220218,112337500,11:23:38,328780,23440,17793,7666425400,0,0,0
sn2205,20220218,20220218,112338000,11:23:38,328780,23440,17793,7666425400,0,0,0
sn2205,20220218,20220218,112338500,11:23:38,328780,23440,17793,7666425400,0,0,0
sn2205,20220218,20220218,112339000,11:23:39,328780,23440,17793,7666425400,0,0,0
sn2205,20220218,20220218,112339500,11:23:39,328780,23440,17793,7666425400,0,0,0
sn2205,20220218,20220218,112340000,11:23:40,328780,23440,17793,7666425400,0,0,0
sn2205,20220218,20220218,112340500,11:23:40,328780,23440,17793,7666425400,0,0,0
sn2205,20220218,20220218,112341000,11:23:41,328780,23440,17793,7666425400,0,0,0
sn2205,20220218,20220218,112341500,11:23:42,328780,23440,17793,7666425400,0,0,0
sn2205,20220218,20220218,112342000,11:23:42,328780,23440,17793,7666425400,0,0,0
sn2205,20220218,20220218,112342500,11:23:42,328780,23440,17793,7666425400,0,0,0
sn2205,20220218,20220218,112343000,11:23:43,328780,23440,17793,7666425400,0,0,0
sn2205,20220218,20220218,112343500,11:23:43,328780,23440,17793,7666425400,0,0,0
sn2205,20220218,20220218,112344000,11:23:45,328900,23530,17760,7696014620,90,-33,29589220
sn2205,20220218,20220218,112344500,11:23:48,328900,23530,17760,7696014620,0,0,0
sn2205,20220218,20220218,112345000,11:23:48,328900,23530,17760,7696014620,0,0,0
sn2205,20220218,20220218,112345500,11:23:48,328900,23530,17760,7696014620,0,0,0
sn2205,20220218,20220218,112346000,11:23:48,328900,23530,17760,7696014620,0,0,0
sn2205,20220218,20220218,112348000,11:23:48,328900,23530,17760,7696014620,0,0,0
sn2205,20220218,20220218,112348500,11:23:49,328900,23530,17760,7696014620,0,0,0
sn2205,20220218,20220218,112349000,11:23:49,328900,23530,17760,7696014620,0,0,0
sn2205,20220218,20220218,112349500,11:23:50,328900,23530,17760,7696014620,0,0,0
sn2205,20220218,20220218,112350000,11:23:50,328900,23530,17760,7696014620,0,0,0
sn2205,20220218,20220218,112350500,11:23:50,328900,23530,17760,7696014620,0,0,0
sn2205,20220218,20220218,112351000,11:23:51,328900,23530,17760,7696014620,0,0,0
sn2205,20220218,20220218,112351500,11:23:51,328900,23530,17760,7696014620,0,0,0
sn2205,20220218,20220218,112352000,11:23:52,328900,23530,17760,7696014620,0,0,0
sn2205,20220218,20220218,112352500,11:23:52,328910,23532,17762,7696672440,2,2,657820
sn2205,20220218,20220218,112353000,11:23:53,328910,23532,17762,7696672440,0,0,0
sn2205,20220218,20220218,112353500,11:23:53,328910,23532,17762,7696672440,0,0,0
sn2205,20220218,20220218,112354000,11:23:54,328910,23532,17762,7696672440,0,0,0
sn2205,20220218,20220218,112354500,11:23:55,328910,23532,17762,7696672440,0,0,0
sn2205,20220218,20220218,112355000,11:23:55,328910,23532,17762,7696672440,0,0,0
sn2205,20220218,20220218,112355500,11:23:55,328910,23532,17762,7696672440,0,0,0
sn2205,20220218,20220218,112356000,11:23:56,328910,23532,17762,7696672440,0,0,0
sn2205,20220218,20220218,112356500,11:23:56,328910,23532,17762,7696672440,0,0,0
sn2205,20220218,20220218,112357000,11:23:57,328910,23532,17762,7696672440,0,0,0
sn2205,20220218,20220218,112357500,11:23:57,328910,23532,17762,7696672440,0,0,0
sn2205,20220218,20220218,112358000,11:23:58,328910,23532,17762,7696672440,0,0,0
sn2205,20220218,20220218,112358500,11:23:58,328910,23532,17762,7696672440,0,0,0
sn2205,20220218,20220218,112359000,11:23:59,328910,23532,17762,7696672440,0,0,0
sn2205,20220218,20220218,112359500,11:23:59,328910,23532,17762,7696672440,0,0,0
sn2205,20220218,20220218,112400000,11:24:00,328910,23532,17762,7696672440,0,0,0
sn2205,20220218,20220218,112400500,11:24:00,328950,23533,17761,7697001390,1,-1,328950
sn2205,20220218,20220218,112401000,11:24:01,328950,23534,17761,7697330340,1,0,328950
sn2205,20220218,20220218,112401500,11:24:01,328950,23534,17761,7697330340,0,0,0
sn2205,20220218,20220218,112402000,11:24:02,328950,23534,17761,7697330340,0,0,0
sn2205,20220218,20220218,112402500,11:24:02,328950,23534,17761,7697330340,0,0,0
sn2205,20220218,20220218,112403000,11:24:03,328950,23534,17761,7697330340,0,0,0
sn2205,20220218,20220218,112403500,11:24:03,328950,23534,17761,7697330340,0,0,0
sn2205,20220218,20220218,112404000,11:24:04,328950,23534,17761,7697330340,0,0,0
sn2205,20220218,20220218,112404500,11:24:04,328950,23534,17761,7697330340,0,0,0
sn2205,20220218,20220218,112405000,11:24:05,328950,23534,17761,7697330340,0,0,0
sn2205,20220218,20220218,112405500,11:24:05,328950,23534,17761,7697330340,0,0,0
sn2205,20220218,20220218,112406000,11:24:06,328950,23534,17761,7697330340,0,0,0
sn2205,20220218,20220218,112406500,11:24:06,328950,23534,17761,7697330340,0,0,0
sn2205,20220218,20220218,112407000,11:24:07,328950,23535,17761,7697659290,1,0,328950
sn2205,20220218,20220218,112407500,11:24:08,328950,23535,17761,7697659290,0,0,0
sn2205,20220218,20220218,112408000,11:24:08,328950,23535,17761,7697659290,0,0,0
sn2205,20220218,20220218,112408500,11:24:08,328950,23535,17761,7697659290,0,0,0
sn2205,20220218,20220218,112409000,11:24:09,328950,23535,17761,7697659290,0,0,0
sn2205,20220218,20220218,112409500,11:24:11,328950,23535,17761,7697659290,0,0,0
sn2205,20220218,20220218,112410000,11:24:12,328950,23535,17761,7697659290,0,0,0
sn2205,20220218,20220218,112410500,11:24:12,328950,23535,17761,7697659290,0,0,0
sn2205,20220218,20220218,112411000,11:24:12,328950,23535,17761,7697659290,0,0,0
sn2205,20220218,20220218,112411500,11:24:12,328950,23535,17761,7697659290,0,0,0
sn2205,20220218,20220218,112412000,11:24:12,328950,23535,17761,7697659290,0,0,0
sn2205,20220218,20220218,112412500,11:24:12,328950,23535,17761,7697659290,0,0,0
sn2205,20220218,20220218,112413000,11:24:13,328880,23536,17761,7697988170,1,0,328880
sn2205,20220218,20220218,112413500,11:24:14,328880,23536,17761,7697988170,0,0,0
sn2205,20220218,20220218,112414000,11:24:14,328880,23536,17761,7697988170,0,0,0
sn2205,20220218,20220218,112414500,11:24:14,328880,23536,17761,7697988170,0,0,0
sn2205,20220218,20220218,112415000,11:24:15,328880,23536,17761,7697988170,0,0,0
sn2205,20220218,20220218,112415500,11:24:15,328880,23536,17761,7697988170,0,0,0
sn2205,20220218,20220218,112416000,11:24:16,328880,23536,17761,7697988170,0,0,0
sn2205,20220218,20220218,112416500,11:24:17,328880,23536,17761,7697988170,0,0,0
sn2205,20220218,20220218,112417000,11:24:17,328880,23536,17761,7697988170,0,0,0
sn2205,20220218,20220218,112417500,11:24:18,328880,23536,17761,7697988170,0,0,0
sn2205,20220218,20220218,112418000,11:24:18,328880,23536,17761,7697988170,0,0,0
sn2205,20220218,20220218,112418500,11:24:19,328880,23536,17761,7697988170,0,0,0
sn2205,20220218,20220218,112419000,11:24:19,328880,23536,17761,7697988170,0,0,0
sn2205,20220218,20220218,112419500,11:24:19,328880,23536,17761,7697988170,0,0,0
sn2205,20220218,20220218,112420000,11:24:20,328880,23536,17761,7697988170,0,0,0
sn2205,20220218,20220218,112420500,11:24:20,328880,23536,17761,7697988170,0,0,0
sn2205,20220218,20220218,112421000,11:24:21,328880,23536,17761,7697988170,0,0,0
sn2205,20220218,20220218,112421500,11:24:22,328880,23536,17761,7697988170,0,0,0
sn2205,20220218,20220218,112422000,11:24:22,328880,23537,17761,7698317050,1,0,328880
sn2205,20220218,20220218,112422500,11:24:23,328860,23539,17759,7698974770,2,-2,657720
sn2205,20220218,20220218,112423000,11:24:23,328860,23539,17759,7698974770,0,0,0
sn2205,20220218,20220218,112423500,11:24:23,328870,23542,17759,7699961390,3,0,986620
sn2205,20220218,20220218,112424000,11:24:24,328870,23542,17759,7699961390,0,0,0
sn2205,20220218,20220218,112424500,11:24:24,328870,23542,17759,7699961390,0,0,0
sn2205,20220218,20220218,112425000,11:24:25,328870,23542,17759,7699961390,0,0,0
sn2205,20220218,20220218,112425500,11:24:25,328870,23542,17759,7699961390,0,0,0
sn2205,20220218,20220218,112426000,11:24:26,328870,23542,17759,7699961390,0,0,0
sn2205,20220218,20220218,112426500,11:24:26,328870,23542,17759,7699961390,0,0,0
sn2205,20220218,20220218,112427000,11:24:27,328870,23542,17759,7699961390,0,0,0
sn2205,20220218,20220218,112427500,11:24:28,328870,23542,17759,7699961390,0,0,0
sn2205,20220218,20220218,112428000,11:24:28,328870,23542,17759,7699961390,0,0,0
sn2205,20220218,20220218,112428500,11:24:28,328870,23542,17759,7699961390,0,0,0
sn2205,20220218,20220218,112429000,11:24:29,328870,23542,17759,7699961390,0,0,0
sn2205,20220218,20220218,112429500,11:24:29,328870,23542,17759,7699961390,0,0,0
sn2205,20220218,20220218,112430000,11:24:30,328870,23542,17759,7699961390,0,0,0
sn2205,20220218,20220218,112430500,11:24:30,328870,23542,17759,7699961390,0,0,0
sn2205,20220218,20220218,112431000,11:24:31,328870,23542,17759,7699961390,0,0,0
sn2205,20220218,20220218,112431500,11:24:31,328870,23542,17759,7699961390,0,0,0
sn2205,20220218,20220218,112432000,11:24:32,328870,23542,17759,7699961390,0,0,0
sn2205,20220218,20220218,112432500,11:24:32,328870,23542,17759,7699961390,0,0,0
sn2205,20220218,20220218,112433000,11:24:33,328870,23542,17759,7699961390,0,0,0
sn2205,20220218,20220218,112433500,11:24:33,328870,23542,17759,7699961390,0,0,0
sn2205,20220218,20220218,112434000,11:24:34,328870,23543,17760,7700290260,1,1,328870
sn2205,20220218,20220218,112434500,11:24:34,328870,23543,17760,7700290260,0,0,0
sn2205,20220218,20220218,112435000,11:24:35,328870,23543,17760,7700290260,0,0,0
sn2205,20220218,20220218,112435500,11:24:35,328870,23543,17760,7700290260,0,0,0
sn2205,20220218,20220218,112436000,11:24:36,328870,23543,17760,7700290260,0,0,0
sn2205,20220218,20220218,112436500,11:24:36,328870,23543,17760,7700290260,0,0,0
sn2205,20220218,20220218,112437000,11:24:37,328870,23543,17760,7700290260,0,0,0
sn2205,20220218,20220218,112437500,11:24:37,328870,23543,17760,7700290260,0,0,0
sn2205,20220218,20220218,112438000,11:24:39,328870,23543,17760,7700290260,0,0,0
sn2205,20220218,20220218,112438500,11:24:39,328900,23545,17759,7700948060,2,-1,657800
sn2205,20220218,20220218,112439000,11:24:40,328900,23545,17759,7700948060,0,0,0
sn2205,20220218,20220218,112439500,11:24:40,328900,23549,17759,7702263660,4,0,1315600
sn2205,20220218,20220218,112440000,11:24:40,328900,23549,17759,7702263660,0,0,0
sn2205,20220218,20220218,112440500,11:24:40,328900,23549,17759,7702263660,0,0,0
sn2205,20220218,20220218,112441000,11:24:41,328900,23549,17759,7702263660,0,0,0
sn2205,20220218,20220218,112441500,11:24:41,328900,23549,17759,7702263660,0,0,0
sn2205,20220218,20220218,112442000,11:24:42,328900,23549,17759,7702263660,0,0,0
sn2205,20220218,20220218,112442500,11:24:42,328900,23549,17759,7702263660,0,0,0
sn2205,20220218,20220218,112443000,11:24:43,328900,23549,17759,7702263660,0,0,0
sn2205,20220218,20220218,112443500,11:24:43,328900,23549,17759,7702263660,0,0,0
sn2205,20220218,20220218,112444000,11:24:44,328900,23549,17759,7702263660,0,0,0
sn2205,20220218,20220218,112444500,11:24:44,328900,23549,17759,7702263660,0,0,0
sn2205,20220218,20220218,112445000,11:24:45,328900,23549,17759,7702263660,0,0,0
sn2205,20220218,20220218,112445500,11:24:45,328900,23549,17759,7702263660,0,0,0
sn2205,20220218,20220218,112446000,11:24:46,328900,23549,17759,7702263660,0,0,0
sn2205,20220218,20220218,112446500,11:24:46,328900,23549,17759,7702263660,0,0,0
sn2205,20220218,20220218,112447000,11:24:47,328900,23549,17759,7702263660,0,0,0
sn2205,20220218,20220218,112447500,11:24:47,328900,23549,17759,7702263660,0,0,0
sn2205,20220218,20220218,112448000,11:24:48,328900,23549,17759,7702263660,0,0,0
sn2205,20220218,20220218,112448500,11:24:48,328900,23549,17759,7702263660,0,0,0
sn2205,20220218,20220218,112449000,11:24:49,328900,23549,17759,7702263660,0,0,0
sn2205,20220218,20220218,112449500,11:24:49,328900,23549,17759,7702263660,0,0,0
sn2205,20220218,20220218,112450000,11:24:50,328900,23549,17759,7702263660,0,0,0
sn2205,20220218,20220218,112450500,11:24:50,328900,23549,17759,7702263660,0,0,0
sn2205,20220218,20220218,112451000,11:24:51,328900,23549,17759,7702263660,0,0,0
sn2205,20220218,20220218,112451500,11:24:51,328900,23549,17759,7702263660,0,0,0
sn2205,20220218,20220218,112452000,11:24:52,328900,23549,17759,7702263660,0,0,0
sn2205,20220218,20220218,112452500,11:24:52,328900,23549,17759,7702263660,0,0,0
sn2205,20220218,20220218,112453000,11:24:53,328900,23549,17759,7702263660,0,0,0
sn2205,20220218,20220218,112453500,11:24:53,328900,23549,17759,7702263660,0,0,0
sn2205,20220218,20220218,112454000,11:24:54,328900,23549,17759,7702263660,0,0,0
sn2205,20220218,20220218,112454500,11:24:54,328900,23549,17759,7702263660,0,0,0
sn2205,20220218,20220218,112455000,11:24:55,328900,23549,17759,7702263660,0,0,0
sn2205,20220218,20220218,112455500,11:24:56,328900,23549,17759,7702263660,0,0,0
sn2205,20220218,20220218,112456000,11:24:56,328900,23549,17759,7702263660,0,0,0
sn2205,20220218,20220218,112456500,11:24:56,328900,23549,17759,7702263660,0,0,0
sn2205,20220218,20220218,112457000,11:24:57,328900,23549,17759,7702263660,0,0,0
sn2205,20220218,20220218,112457500,11:24:57,328900,23549,17759,7702263660,0,0,0
sn2205,20220218,20220218,112458000,11:24:58,328850,23550,17759,7702592510,1,0,328850
sn2205,20220218,20220218,112458500,11:24:58,328850,23550,17759,7702592510,0,0,0
sn2205,20220218,20220218,112459000,11:24:59,328850,23550,17759,7702592510,0,0,0
sn2205,20220218,20220218,112459500,11:24:59,328850,23550,17759,7702592510,0,0,0
sn2205,20220218,20220218,112500000,11:25:00,328850,23550,17759,7702592510,0,0,0
sn2205,20220218,20220218,112500500,11:25:01,328850,23550,17759,7702592510,0,0,0
sn2205,20220218,20220218,112501000,11:25:01,328850,23550,17759,7702592510,0,0,0
sn2205,20220218,20220218,112501500,11:25:03,328850,23550,17759,7702592510,0,0,0
sn2205,20220218,20220218,112502000,11:25:05,328850,23550,17759,7702592510,0,0,0
sn2205,20220218,20220218,112502500,11:25:06,328850,23550,17759,7702592510,0,0,0
sn2205,20220218,20220218,112503000,11:25:06,328850,23550,17759,7702592510,0,0,0
sn2205,20220218,20220218,112505000,11:25:06,328850,23550,17759,7702592510,0,0,0
sn2205,20220218,20220218,112505500,11:25:06,328850,23550,17759,7702592510,0,0,0
sn2205,20220218,20220218,112506000,11:25:06,328850,23550,17759,7702592510,0,0,0
sn2205,20220218,20220218,112506500,11:25:07,328850,23550,17759,7702592510,0,0,0
sn2205,20220218,20220218,112507000,11:25:07,328850,23550,17759,7702592510,0,0,0
sn2205,20220218,20220218,112507500,11:25:07,328850,23550,17759,7702592510,0,0,0
sn2205,20220218,20220218,112508000,11:25:08,328850,23550,17759,7702592510,0,0,0
sn2205,20220218,20220218,112508500,11:25:08,328850,23550,17759,7702592510,0,0,0
sn2205,20220218,20220218,112509000,11:25:09,328850,23550,17759,7702592510,0,0,0
sn2205,20220218,20220218,112509500,11:25:09,328850,23550,17759,7702592510,0,0,0
sn2205,20220218,20220218,112510000,11:25:10,328850,23550,17759,7702592510,0,0,0
sn2205,20220218,20220218,112510500,11:25:10,328850,23550,17759,7702592510,0,0,0
sn2205,20220218,20220218,112511000,11:25:11,328850,23550,17759,7702592510,0,0,0
sn2205,20220218,20220218,112511500,11:25:11,328850,23550,17759,7702592510,0,0,0
sn2205,20220218,20220218,112512000,11:25:12,328850,23550,17759,7702592510,0,0,0
sn2205,20220218,20220218,112512500,11:25:12,328850,23550,17759,7702592510,0,0,0
sn2205,20220218,20220218,112513000,11:25:13,328850,23550,17759,7702592510,0,0,0
sn2205,20220218,20220218,112513500,11:25:15,328850,23550,17759,7702592510,0,0,0
sn2205,20220218,20220218,112514000,11:25:15,328850,23550,17759,7702592510,0,0,0
sn2205,20220218,20220218,112514500,11:25:15,328850,23550,17759,7702592510,0,0,0
sn2205,20220218,20220218,112515000,11:25:16,328850,23550,17759,7702592510,0,0,0
sn2205,20220218,20220218,112515500,11:25:16,328920,23551,17758,7702921430,1,-1,328920
sn2205,20220218,20220218,112516000,11:25:16,328920,23551,17758,7702921430,0,0,0
sn2205,20220218,20220218,112516500,11:25:16,328920,23551,17758,7702921430,0,0,0
sn2205,20220218,20220218,112517000,11:25:17,328920,23552,17757,7703250350,1,-1,328920
sn2205,20220218,20220218,112517500,11:25:18,328920,23552,17757,7703250350,0,0,0
sn2205,20220218,20220218,112518000,11:25:18,328920,23552,17757,7703250350,0,0,0
sn2205,20220218,20220218,112518500,11:25:19,328920,23552,17757,7703250350,0,0,0
sn2205,20220218,20220218,112519000,11:25:19,328920,23552,17757,7703250350,0,0,0
sn2205,20220218,20220218,112519500,11:25:19,328920,23552,17757,7703250350,0,0,0
sn2205,20220218,20220218,112520000,11:25:20,328860,23553,17756,7703579210,1,-1,328860
sn2205,20220218,20220218,112520500,11:25:21,328860,23553,17756,7703579210,0,0,0
sn2205,20220218,20220218,112521000,11:25:21,328860,23553,17756,7703579210,0,0,0
sn2205,20220218,20220218,112521500,11:25:22,328900,23554,17755,7703908110,1,-1,328900
sn2205,20220218,20220218,112522000,11:25:22,328900,23554,17755,7703908110,0,0,0
sn2205,20220218,20220218,112522500,11:25:22,328900,23554,17755,7703908110,0,0,0
sn2205,20220218,20220218,112523000,11:25:23,328900,23554,17755,7703908110,0,0,0
sn2205,20220218,20220218,112523500,11:25:24,328900,23554,17755,7703908110,0,0,0
sn2205,20220218,20220218,112524000,11:25:24,328900,23554,17755,7703908110,0,0,0
sn2205,20220218,20220218,112524500,11:25:25,328860,23555,17754,7704236970,1,-1,328860
sn2205,20220218,20220218,112525000,11:25:25,328820,23557,17753,7704894630,2,-1,657660
sn2205,20220218,20220218,112525500,11:25:26,328780,23561,17753,7706209790,4,0,1315160
sn2205,20220218,20220218,112526000,11:25:26,328740,23565,17751,7707524770,4,-2,1314980
sn2205,20220218,20220218,112526500,11:25:27,328700,23566,17751,7707853470,1,0,328700
sn2205,20220218,20220218,112527000,11:25:27,328680,23577,17751,7711468960,11,0,3615490
sn2205,20220218,20220218,112527500,11:25:28,328680,23577,17751,7711468960,0,0,0
sn2205,20220218,20220218,112528000,11:25:28,328680,23577,17751,7711468960,0,0,0
sn2205,20220218,20220218,112528500,11:25:28,328770,23578,17750,7711797730,1,-1,328770
sn2205,20220218,20220218,112529000,11:25:29,328770,23578,17750,7711797730,0,0,0
sn2205,20220218,20220218,112529500,11:25:30,328770,23578,17750,7711797730,0,0,0
sn2205,20220218,20220218,112530000,11:25:30,328770,23578,17750,7711797730,0,0,0
sn2205,20220218,20220218,112530500,11:25:31,328770,23578,17750,7711797730,0,0,0
sn2205,20220218,20220218,112531000,11:25:31,328770,23578,17750,7711797730,0,0,0
sn2205,20220218,20220218,112531500,11:25:32,328770,23579,17749,7712126500,1,-1,328770
sn2205,20220218,20220218,112532000,11:25:32,328770,23580,17749,7712455270,1,0,328770
sn2205,20220218,20220218,112532500,11:25:32,328730,23586,17749,7714427650,6,0,1972380
sn2205,20220218,20220218,112533000,11:25:33,328730,23586,17749,7714427650,0,0,0
sn2205,20220218,20220218,112533500,11:25:33,328730,23586,17749,7714427650,0,0,0
sn2205,20220218,20220218,112534000,11:25:34,328660,23587,17748,7714756310,1,-1,328660
sn2205,20220218,20220218,112534500,11:25:34,328660,23587,17748,7714756310,0,0,0
sn2205,20220218,20220218,112535000,11:25:36,328660,23587,17748,7714756310,0,0,0
sn2205,20220218,20220218,112535500,11:25:37,328660,23587,17748,7714756310,0,0,0
sn2205,20220218,20220218,112536000,11:25:37,328660,23587,17748,7714756310,0,0,0
sn2205,20220218,20220218,112536500,11:25:37,328660,23587,17748,7714756310,0,0,0
sn2205,20220218,20220218,112537000,11:25:37,328660,23588,17748,7715084970,1,0,328660
sn2205,20220218,20220218,112537500,11:25:38,328660,23588,17748,7715084970,0,0,0
sn2205,20220218,20220218,112538000,11:25:38,328660,23588,17748,7715084970,0,0,0
sn2205,20220218,20220218,112538500,11:25:39,328660,23588,17748,7715084970,0,0,0
sn2205,20220218,20220218,112539000,11:25:39,328640,23589,17749,7715413610,1,1,328640
sn2205,20220218,20220218,112539500,11:25:40,328640,23589,17749,7715413610,0,0,0
sn2205,20220218,20220218,112540000,11:25:40,328640,23589,17749,7715413610,0,0,0
sn2205,20220218,20220218,112540500,11:25:40,328730,23590,17748,7715742340,1,-1,328730
sn2205,20220218,20220218,112541000,11:25:41,328640,23591,17747,7716070980,1,-1,328640
sn2205,20220218,20220218,112541500,11:25:41,328640,23591,17747,7716070980,0,0,0
sn2205,20220218,20220218,112542000,11:25:42,328640,23591,17747,7716070980,0,0,0
sn2205,20220218,20220218,112542500,11:25:42,328640,23591,17747,7716070980,0,0,0
sn2205,20220218,20220218,112543000,11:25:43,328640,23591,17747,7716070980,0,0,0
sn2205,20220218,20220218,112543500,11:25:43,328640,23591,17747,7716070980,0,0,0
sn2205,20220218,20220218,112544000,11:25:44,328730,23592,17747,7716399710,1,0,328730
sn2205,20220218,20220218,112544500,11:25:44,328740,23593,17748,7716728450,1,1,328740
sn2205,20220218,20220218,112545000,11:25:45,328740,23593,17748,7716728450,0,0,0
sn2205,20220218,20220218,112545500,11:25:46,328740,23593,17748,7716728450,0,0,0
sn2205,20220218,20220218,112546000,11:25:46,328740,23593,17748,7716728450,0,0,0
sn2205,20220218,20220218,112546500,11:25:47,328670,23594,17747,7717057120,1,-1,328670
sn2205,20220218,20220218,112547000,11:25:48,328670,23594,17747,7717057120,0,0,0
sn2205,20220218,20220218,112547500,11:25:48,328670,23594,17747,7717057120,0,0,0
sn2205,20220218,20220218,112548000,11:25:48,328670,23594,17747,7717057120,0,0,0
sn2205,20220218,20220218,112548500,11:25:48,328670,23594,17747,7717057120,0,0,0
sn2205,20220218,20220218,112549000,11:25:49,328670,23594,17747,7717057120,0,0,0
sn2205,20220218,20220218,112549500,11:25:49,328670,23594,17747,7717057120,0,0,0
sn2205,20220218,20220218,112550000,11:25:50,328670,23594,17747,7717057120,0,0,0
sn2205,20220218,20220218,112550500,11:25:50,328660,23595,17747,7717385780,1,0,328660
sn2205,20220218,20220218,112551000,11:25:51,328660,23599,17744,7718700420,4,-3,1314640
sn2205,20220218,20220218,112551500,11:25:51,328660,23599,17744,7718700420,0,0,0
sn2205,20220218,20220218,112552000,11:25:52,328660,23599,17744,7718700420,0,0,0
sn2205,20220218,20220218,112552500,11:25:52,328660,23599,17744,7718700420,0,0,0
sn2205,20220218,20220218,112553000,11:25:53,328660,23599,17744,7718700420,0,0,0
sn2205,20220218,20220218,112553500,11:25:54,328660,23599,17744,7718700420,0,0,0
sn2205,20220218,20220218,112554000,11:25:54,328660,23599,17744,7718700420,0,0,0
sn2205,20220218,20220218,112554500,11:25:54,328670,23600,17743,7719029090,1,-1,328670
sn2205,20220218,20220218,112555000,11:25:55,328670,23600,17743,7719029090,0,0,0
sn2205,20220218,20220218,112555500,11:25:56,328670,23600,17743,7719029090,0,0,0
sn2205,20220218,20220218,112556000,11:25:57,328640,23603,17742,7720015040,3,-1,985950
sn2205,20220218,20220218,112556500,11:25:57,328660,23604,17741,7720343700,1,-1,328660
sn2205,20220218,20220218,112557000,11:25:57,328680,23605,17741,7720672380,1,0,328680
sn2205,20220218,20220218,112557500,11:25:57,328680,23605,17741,7720672380,0,0,0
sn2205,20220218,20220218,112558000,11:25:59,328680,23605,17741,7720672380,0,0,0
sn2205,20220218,20220218,112558500,11:25:59,328680,23605,17741,7720672380,0,0,0
sn2205,20220218,20220218,112559000,11:26:00,328680,23605,17741,7720672380,0,0,0
sn2205,20220218,20220218,112559500,11:26:00,328680,23605,17741,7720672380,0,0,0
sn2205,20220218,20220218,112600000,11:26:00,328680,23605,17741,7720672380,0,0,0
sn2205,20220218,20220218,112600500,11:26:01,328680,23606,17741,7721001060,1,0,328680
sn2205,20220218,20220218,112601000,11:26:01,328660,23607,17741,7721329720,1,0,328660
sn2205,20220218,20220218,112601500,11:26:02,328720,23609,17742,7721987100,2,1,657380
sn2205,20220218,20220218,112602000,11:26:03,328720,23609,17742,7721987100,0,0,0
sn2205,20220218,20220218,112602500,11:26:03,328720,23609,17742,7721987100,0,0,0
sn2205,20220218,20220218,112603000,11:26:03,328720,23609,17742,7721987100,0,0,0
sn2205,20220218,20220218,112603500,11:26:03,328720,23609,17742,7721987100,0,0,0
sn2205,20220218,20220218,112604000,11:26:05,328750,23610,17742,7722315850,1,0,328750
sn2205,20220218,20220218,112604500,11:26:05,328750,23610,17742,7722315850,0,0,0
sn2205,20220218,20220218,112605000,11:26:05,328750,23610,17742,7722315850,0,0,0
sn2205,20220218,20220218,112605500,11:26:05,328750,23610,17742,7722315850,0,0,0
sn2205,20220218,20220218,112606000,11:26:06,328750,23610,17742,7722315850,0,0,0
sn2205,20220218,20220218,112606500,11:26:06,328750,23611,17741,7722644600,1,-1,328750
sn2205,20220218,20220218,112607000,11:26:09,328760,23614,17740,7723630880,3,-1,986280
sn2205,20220218,20220218,112607500,11:26:09,328760,23614,17740,7723630880,0,0,0
sn2205,20220218,20220218,112608000,11:26:09,328750,23617,17740,7724617150,3,0,986270
sn2205,20220218,20220218,112609000,11:26:10,328750,23617,17740,7724617150,0,0,0
sn2205,20220218,20220218,112609500,11:26:10,328750,23617,17740,7724617150,0,0,0
sn2205,20220218,20220218,112610000,11:26:10,328750,23617,17740,7724617150,0,0,0
sn2205,20220218,20220218,112610500,11:26:10,328750,23617,17740,7724617150,0,0,0
sn2205,20220218,20220218,112611000,11:26:11,328750,23617,17740,7724617150,0,0,0
sn2205,20220218,20220218,112611500,11:26:13,328750,23617,17740,7724617150,0,0,0
sn2205,20220218,20220218,112612000,11:26:14,328750,23617,17740,7724617150,0,0,0
sn2205,20220218,20220218,112612500,11:26:14,328750,23617,17740,7724617150,0,0,0
sn2205,20220218,20220218,112613000,11:26:15,328750,23617,17740,7724617150,0,0,0
sn2205,20220218,20220218,112614000,11:26:15,328750,23617,17740,7724617150,0,0,0
sn2205,20220218,20220218,112614500,11:26:15,328750,23617,17740,7724617150,0,0,0
sn2205,20220218,20220218,112615000,11:26:16,328750,23617,17740,7724617150,0,0,0
sn2205,20220218,20220218,112615500,11:26:16,328750,23617,17740,7724617150,0,0,0
sn2205,20220218,20220218,112616000,11:26:16,328750,23617,17740,7724617150,0,0,0
sn2205,20220218,20220218,112616500,11:26:17,328750,23617,17740,7724617150,0,0,0
sn2205,20220218,20220218,112617000,11:26:17,328750,23617,17740,7724617150,0,0,0
sn2205,20220218,20220218,112617500,11:26:17,328750,23617,17740,7724617150,0,0,0
sn2205,20220218,20220218,112618000,11:26:18,328750,23617,17740,7724617150,0,0,0
sn2205,20220218,20220218,112618500,11:26:18,328750,23617,17740,7724617150,0,0,0
sn2205,20220218,20220218,112619000,11:26:19,328750,23617,17740,7724617150,0,0,0
sn2205,20220218,20220218,112619500,11:26:20,328750,23617,17740,7724617150,0,0,0
sn2205,20220218,20220218,112620000,11:26:20,328750,23617,17740,7724617150,0,0,0
sn2205,20220218,20220218,112620500,11:26:20,328750,23617,17740,7724617150,0,0,0
sn2205,20220218,20220218,112621000,11:26:21,328750,23617,17740,7724617150,0,0,0
sn2205,20220218,20220218,112621500,11:26:21,328750,23617,17740,7724617150,0,0,0
sn2205,20220218,20220218,112622000,11:26:22,328750,23617,17740,7724617150,0,0,0
sn2205,20220218,20220218,112622500,11:26:22,328750,23617,17740,7724617150,0,0,0
sn2205,20220218,20220218,112623000,11:26:23,328750,23617,17740,7724617150,0,0,0
sn2205,20220218,20220218,112623500,11:26:23,328750,23617,17740,7724617150,0,0,0
sn2205,20220218,20220218,112624000,11:26:24,328750,23617,17740,7724617150,0,0,0
sn2205,20220218,20220218,112624500,11:26:24,328750,23617,17740,7724617150,0,0,0
sn2205,20220218,20220218,112625000,11:26:25,328750,23617,17740,7724617150,0,0,0
sn2205,20220218,20220218,112625500,11:26:25,328750,23617,17740,7724617150,0,0,0
sn2205,20220218,20220218,112626000,11:26:26,328750,23617,17740,7724617150,0,0,0
sn2205,20220218,20220218,112626500,11:26:26,328750,23617,17740,7724617150,0,0,0
sn2205,20220218,20220218,112627000,11:26:27,328780,23618,17740,7724945930,1,0,328780
sn2205,20220218,20220218,112627500,11:26:27,328780,23618,17740,7724945930,0,0,0
sn2205,20220218,20220218,112628000,11:26:28,328780,23618,17740,7724945930,0,0,0
sn2205,20220218,20220218,112628500,11:26:28,328780,23618,17740,7724945930,0,0,0
sn2205,20220218,20220218,112629000,11:26:29,328780,23618,17740,7724945930,0,0,0
sn2205,20220218,20220218,112629500,11:26:30,328780,23618,17740,7724945930,0,0,0
sn2205,20220218,20220218,112630000,11:26:31,328780,23618,17740,7724945930,0,0,0
sn2205,20220218,20220218,112630500,11:26:31,328780,23618,17740,7724945930,0,0,0
sn2205,20220218,20220218,112631000,11:26:31,328780,23618,17740,7724945930,0,0,0
sn2205,20220218,20220218,112631500,11:26:32,328770,23619,17739,7725274700,1,-1,328770
sn2205,20220218,20220218,112632000,11:26:32,328770,23620,17738,7725603470,1,-1,328770
sn2205,20220218,20220218,112632500,11:26:32,328770,23620,17738,7725603470,0,0,0
sn2205,20220218,20220218,112633000,11:26:33,328770,23620,17738,7725603470,0,0,0
sn2205,20220218,20220218,112633500,11:26:34,328770,23620,17738,7725603470,0,0,0
sn2205,20220218,20220218,112634000,11:26:34,328770,23620,17738,7725603470,0,0,0
sn2205,20220218,20220218,112634500,11:26:37,328770,23620,17738,7725603470,0,0,0
sn2205,20220218,20220218,112635000,11:26:37,328770,23620,17738,7725603470,0,0,0
sn2205,20220218,20220218,112635500,11:26:37,328770,23620,17738,7725603470,0,0,0
sn2205,20220218,20220218,112636000,11:26:38,328770,23620,17738,7725603470,0,0,0
sn2205,20220218,20220218,112637000,11:26:54,328770,23620,17738,7725603470,0,0,0
sn2205,20220218,20220218,112637500,11:26:54,328830,23621,17738,7725932300,1,0,328830
sn2205,20220218,20220218,112638000,11:27:10,328870,23623,17737,7726590040,2,-1,657740
sn2205,20220218,20220218,112638500,11:27:10,328870,23624,17737,7726918910,1,0,328870
sn2205,20220218,20220218,112653500,11:27:11,328870,23624,17737,7726918910,0,0,0
sn2205,20220218,20220218,112654000,11:27:12,328870,23624,17737,7726918910,0,0,0
sn2205,20220218,20220218,112710000,11:27:12,328870,23624,17737,7726918910,0,0,0
sn2205,20220218,20220218,112710500,11:27:12,328870,23624,17737,7726918910,0,0,0
sn2205,20220218,20220218,112712000,11:27:13,328870,23624,17737,7726918910,0,0,0
sn2205,20220218,20220218,112712500,11:27:13,328870,23624,17737,7726918910,0,0,0
sn2205,20220218,20220218,112713000,11:27:13,328870,23624,17737,7726918910,0,0,0
sn2205,20220218,20220218,112713500,11:27:14,328870,23624,17737,7726918910,0,0,0
sn2205,20220218,20220218,112714000,11:27:14,328870,23624,17737,7726918910,0,0,0
sn2205,20220218,20220218,112714500,11:27:15,328870,23624,17737,7726918910,0,0,0
sn2205,20220218,20220218,112715000,11:27:15,328870,23624,17737,7726918910,0,0,0
sn2205,20220218,20220218,112715500,11:27:16,328900,23638,17734,7731523220,14,-3,4604310
sn2205,20220218,20220218,112716000,11:27:16,328900,23639,17734,7731852120,1,0,328900
sn2205,20220218,20220218,112716500,11:27:17,328900,23639,17734,7731852120,0,0,0
sn2205,20220218,20220218,112717000,11:27:17,328900,23639,17734,7731852120,0,0,0
sn2205,20220218,20220218,112717500,11:27:17,328900,23639,17734,7731852120,0,0,0
sn2205,20220218,20220218,112718000,11:27:18,328900,23639,17734,7731852120,0,0,0
sn2205,20220218,20220218,112718500,11:27:19,328900,23639,17734,7731852120,0,0,0
sn2205,20220218,20220218,112719000,11:27:19,328900,23639,17734,7731852120,0,0,0
sn2205,20220218,20220218,112719500,11:27:20,328800,23640,17735,7732180920,1,1,328800
sn2205,20220218,20220218,112720000,11:27:20,328800,23640,17735,7732180920,0,0,0
sn2205,20220218,20220218,112720500,11:27:21,328800,23640,17735,7732180920,0,0,0
sn2205,20220218,20220218,112721000,11:27:21,328800,23640,17735,7732180920,0,0,0
sn2205,20220218,20220218,112721500,11:27:22,328800,23641,17736,7732509720,1,1,328800
sn2205,20220218,20220218,112722000,11:27:22,328790,23642,17736,7732838510,1,0,328790
sn2205,20220218,20220218,112722500,11:27:22,328780,23644,17736,7733496070,2,0,657560
sn2205,20220218,20220218,112723000,11:27:26,328750,23646,17738,7734153570,2,2,657500
sn2205,20220218,20220218,112723500,11:27:27,328720,23647,17737,7734482290,1,-1,328720
sn2205,20220218,20220218,112724000,11:27:27,328720,23647,17737,7734482290,0,0,0
sn2205,20220218,20220218,112724500,11:27:27,328740,23648,17736,7734811030,1,-1,328740
sn2205,20220218,20220218,112726500,11:27:27,328740,23648,17736,7734811030,0,0,0
sn2205,20220218,20220218,112727000,11:27:27,328740,23648,17736,7734811030,0,0,0
sn2205,20220218,20220218,112727500,11:27:27,328740,23648,17736,7734811030,0,0,0
sn2205,20220218,20220218,112728000,11:27:28,328740,23648,17736,7734811030,0,0,0
sn2205,20220218,20220218,112728500,11:27:28,328740,23648,17736,7734811030,0,0,0
sn2205,20220218,20220218,112729000,11:27:29,328740,23648,17736,7734811030,0,0,0
sn2205,20220218,20220218,112729500,11:27:29,328740,23648,17736,7734811030,0,0,0
sn2205,20220218,20220218,112730000,11:27:30,328740,23648,17736,7734811030,0,0,0
sn2205,20220218,20220218,112730500,11:27:31,328740,23648,17736,7734811030,0,0,0
sn2205,20220218,20220218,112731000,11:27:32,328740,23648,17736,7734811030,0,0,0
sn2205,20220218,20220218,112731500,11:27:35,328740,23648,17736,7734811030,0,0,0
sn2205,20220218,20220218,112732000,11:27:35,328740,23648,17736,7734811030,0,0,0
sn2205,20220218,20220218,112732500,11:27:36,328650,23653,17737,7736454300,5,1,1643270
sn2205,20220218,20220218,112735500,11:27:36,328650,23653,17737,7736454300,0,0,0
sn2205,20220218,20220218,112736000,11:27:37,328650,23653,17737,7736454300,0,0,0
sn2205,20220218,20220218,112736500,11:27:37,328700,23656,17738,7737440350,3,1,986050
sn2205,20220218,20220218,112737000,11:27:38,328700,23662,17740,7739412550,6,2,1972200
sn2205,20220218,20220218,112737500,11:27:38,328700,23662,17740,7739412550,0,0,0
sn2205,20220218,20220218,112738000,11:27:38,328700,23662,17740,7739412550,0,0,0
sn2205,20220218,20220218,112738500,11:27:39,328700,23662,17740,7739412550,0,0,0
sn2205,20220218,20220218,112739000,11:27:39,328700,23662,17740,7739412550,0,0,0
sn2205,20220218,20220218,112739500,11:27:39,328700,23662,17740,7739412550,0,0,0
sn2205,20220218,20220218,112740000,11:27:40,328700,23662,17740,7739412550,0,0,0
sn2205,20220218,20220218,112740500,11:27:40,328700,23662,17740,7739412550,0,0,0
sn2205,20220218,20220218,112741000,11:27:41,328700,23662,17740,7739412550,0,0,0
sn2205,20220218,20220218,112741500,11:27:41,328700,23662,17740,7739412550,0,0,0
sn2205,20220218,20220218,112742000,11:27:42,328700,23664,17739,7740069950,2,-1,657400
sn2205,20220218,20220218,112742500,11:27:43,328700,23664,17739,7740069950,0,0,0
sn2205,20220218,20220218,112743000,11:27:43,328700,23664,17739,7740069950,0,0,0
sn2205,20220218,20220218,112743500,11:27:43,328700,23664,17739,7740069950,0,0,0
sn2205,20220218,20220218,112744000,11:27:44,328700,23664,17739,7740069950,0,0,0
sn2205,20220218,20220218,112744500,11:27:45,328700,23664,17739,7740069950,0,0,0
sn2205,20220218,20220218,112745000,11:27:45,328700,23664,17739,7740069950,0,0,0
sn2205,20220218,20220218,112745500,11:27:46,328700,23664,17739,7740069950,0,0,0
sn2205,20220218,20220218,112746000,11:27:46,328700,23664,17739,7740069950,0,0,0
sn2205,20220218,20220218,112746500,11:27:47,328700,23664,17739,7740069950,0,0,0
sn2205,20220218,20220218,112747000,11:27:47,328700,23664,17739,7740069950,0,0,0
sn2205,20220218,20220218,112747500,11:27:47,328700,23664,17739,7740069950,0,0,0
sn2205,20220218,20220218,112748000,11:27:49,328700,23664,17739,7740069950,0,0,0
sn2205,20220218,20220218,112748500,11:27:54,328700,23664,17739,7740069950,0,0,0
sn2205,20220218,20220218,112749000,11:27:54,328700,23664,17739,7740069950,0,0,0
sn2205,20220218,20220218,112749500,11:27:54,328700,23664,17739,7740069950,0,0,0
sn2205,20220218,20220218,112754000,11:27:54,328700,23664,17739,7740069950,0,0,0
sn2205,20220218,20220218,112754500,11:27:54,328700,23664,17739,7740069950,0,0,0
sn2205,20220218,20220218,112755000,11:27:55,328700,23664,17739,7740069950,0,0,0
sn2205,20220218,20220218,112755500,11:27:55,328700,23664,17739,7740069950,0,0,0
sn2205,20220218,20220218,112756000,11:27:56,328700,23664,17739,7740069950,0,0,0
sn2205,20220218,20220218,112756500,11:27:56,328700,23664,17739,7740069950,0,0,0
sn2205,20220218,20220218,112757000,11:27:57,328680,23666,17738,7740727350,2,-1,657400
sn2205,20220218,20220218,112757500,11:27:57,328680,23666,17738,7740727350,0,0,0
sn2205,20220218,20220218,112758000,11:27:58,328680,23666,17738,7740727350,0,0,0
sn2205,20220218,20220218,112758500,11:27:59,328680,23666,17738,7740727350,0,0,0
sn2205,20220218,20220218,112759000,11:27:59,328680,23666,17738,7740727350,0,0,0
sn2205,20220218,20220218,112759500,11:27:59,328680,23666,17738,7740727350,0,0,0
sn2205,20220218,20220218,112800000,11:28:00,328720,23667,17737,7741056070,1,-1,328720
sn2205,20220218,20220218,112800500,11:28:01,328720,23667,17737,7741056070,0,0,0
sn2205,20220218,20220218,112801000,11:28:01,328720,23667,17737,7741056070,0,0,0
sn2205,20220218,20220218,112801500,11:28:02,328720,23667,17737,7741056070,0,0,0
sn2205,20220218,20220218,112802000,11:28:03,328720,23667,17737,7741056070,0,0,0
sn2205,20220218,20220218,112802500,11:28:03,328720,23667,17737,7741056070,0,0,0
sn2205,20220218,20220218,112803000,11:28:04,328720,23667,17737,7741056070,0,0,0
sn2205,20220218,20220218,112803500,11:28:04,328720,23667,17737,7741056070,0,0,0
sn2205,20220218,20220218,112804000,11:28:04,328720,23667,17737,7741056070,0,0,0
sn2205,20220218,20220218,112804500,11:28:05,328720,23667,17737,7741056070,0,0,0
sn2205,20220218,20220218,112805000,11:28:06,328720,23668,17737,7741384790,1,0,328720
sn2205,20220218,20220218,112805500,11:28:06,328720,23668,17737,7741384790,0,0,0
sn2205,20220218,20220218,112806000,11:28:10,328720,23668,17737,7741384790,0,0,0
sn2205,20220218,20220218,112806500,11:28:10,328720,23668,17737,7741384790,0,0,0
sn2205,20220218,20220218,112807000,11:28:10,328720,23668,17737,7741384790,0,0,0
sn2205,20220218,20220218,112807500,11:28:10,328720,23668,17737,7741384790,0,0,0
sn2205,20220218,20220218,112810000,11:28:11,328720,23668,17737,7741384790,0,0,0
sn2205,20220218,20220218,112810500,11:28:11,328680,23670,17736,7742042220,2,-1,657430
sn2205,20220218,20220218,112811000,11:28:12,328680,23670,17736,7742042220,0,0,0
sn2205,20220218,20220218,112811500,11:28:12,328680,23670,17736,7742042220,0,0,0
sn2205,20220218,20220218,112812000,11:28:13,328680,23670,17736,7742042220,0,0,0
sn2205,20220218,20220218,112812500,11:28:13,328680,23670,17736,7742042220,0,0,0
sn2205,20220218,20220218,112813000,11:28:13,328680,23670,17736,7742042220,0,0,0
sn2205,20220218,20220218,112813500,11:28:14,328680,23670,17736,7742042220,0,0,0
sn2205,20220218,20220218,112814000,11:28:14,328680,23670,17736,7742042220,0,0,0
sn2205,20220218,20220218,112814500,11:28:14,328720,23672,17734,7742699660,2,-2,657440
sn2205,20220218,20220218,112815000,11:28:15,328710,23674,17733,7743357080,2,-1,657420
sn2205,20220218,20220218,112815500,11:28:15,328710,23674,17733,7743357080,0,0,0
sn2205,20220218,20220218,112816000,11:28:16,328710,23674,17733,7743357080,0,0,0
sn2205,20220218,20220218,112816500,11:28:16,328710,23674,17733,7743357080,0,0,0
sn2205,20220218,20220218,112817000,11:28:17,328750,23675,17733,7743685830,1,0,328750
sn2205,20220218,20220218,112817500,11:28:17,328750,23675,17733,7743685830,0,0,0
sn2205,20220218,20220218,112818000,11:28:18,328750,23675,17733,7743685830,0,0,0
sn2205,20220218,20220218,112818500,11:28:18,328750,23675,17733,7743685830,0,0,0
sn2205,20220218,20220218,112819000,11:28:19,328750,23675,17733,7743685830,0,0,0
sn2205,20220218,20220218,112819500,11:28:19,328750,23675,17733,7743685830,0,0,0
sn2205,20220218,20220218,112820000,11:28:20,328690,23676,17733,7744014520,1,0,328690
sn2205,20220218,20220218,112820500,11:28:20,328690,23676,17733,7744014520,0,0,0
sn2205,20220218,20220218,112821000,11:28:21,328690,23676,17733,7744014520,0,0,0
sn2205,20220218,20220218,112821500,11:28:22,328690,23676,17733,7744014520,0,0,0
sn2205,20220218,20220218,112822000,11:28:22,328690,23676,17733,7744014520,0,0,0
sn2205,20220218,20220218,112822500,11:28:22,328690,23676,17733,7744014520,0,0,0
sn2205,20220218,20220218,112823000,11:28:23,328800,23677,17732,7744343320,1,-1,328800
sn2205,20220218,20220218,112823500,11:28:23,328800,23677,17732,7744343320,0,0,0
sn2205,20220218,20220218,112824000,11:28:24,328800,23677,17732,7744343320,0,0,0
sn2205,20220218,20220218,112824500,11:28:24,328800,23677,17732,7744343320,0,0,0
sn2205,20220218,20220218,112825000,11:28:25,328700,23678,17732,7744672020,1,0,328700
sn2205,20220218,20220218,112825500,11:28:25,328700,23678,17732,7744672020,0,0,0
sn2205,20220218,20220218,112826000,11:28:26,328700,23678,17732,7744672020,0,0,0
sn2205,20220218,20220218,112826500,11:28:26,328700,23678,17732,7744672020,0,0,0
sn2205,20220218,20220218,112827000,11:28:27,328700,23678,17732,7744672020,0,0,0
sn2205,20220218,20220218,112827500,11:28:27,328700,23678,17732,7744672020,0,0,0
sn2205,20220218,20220218,112828000,11:28:28,328700,23678,17732,7744672020,0,0,0
sn2205,20220218,20220218,112828500,11:28:28,328700,23678,17732,7744672020,0,0,0
sn2205,20220218,20220218,112829000,11:28:29,328700,23678,17732,7744672020,0,0,0
sn2205,20220218,20220218,112829500,11:28:29,328700,23678,17732,7744672020,0,0,0
sn2205,20220218,20220218,112830000,11:28:30,328700,23678,17732,7744672020,0,0,0
sn2205,20220218,20220218,112830500,11:28:31,328700,23678,17732,7744672020,0,0,0
sn2205,20220218,20220218,112831000,11:28:31,328700,23678,17732,7744672020,0,0,0
sn2205,20220218,20220218,112831500,11:28:31,328720,23679,17731,7745000740,1,-1,328720
sn2205,20220218,20220218,112832000,11:28:32,328720,23679,17731,7745000740,0,0,0
sn2205,20220218,20220218,112832500,11:28:33,328720,23679,17731,7745000740,0,0,0
sn2205,20220218,20220218,112833000,11:28:33,328720,23679,17731,7745000740,0,0,0
sn2205,20220218,20220218,112833500,11:28:33,328690,23680,17731,7745329430,1,0,328690
sn2205,20220218,20220218,112834000,11:28:34,328670,23681,17730,7745658100,1,-1,328670
sn2205,20220218,20220218,112834500,11:28:34,328620,23685,17729,7746972630,4,-1,1314530
sn2205,20220218,20220218,112835000,11:28:35,328620,23689,17726,7748287110,4,-3,1314480
sn2205,20220218,20220218,112835500,11:28:35,328730,23690,17725,7748615840,1,-1,328730
sn2205,20220218,20220218,112836000,11:28:37,328640,23691,17725,7748944480,1,0,328640
sn2205,20220218,20220218,112836500,11:28:37,328640,23691,17725,7748944480,0,0,0
sn2205,20220218,20220218,112837000,11:28:37,328640,23691,17725,7748944480,0,0,0
sn2205,20220218,20220218,112837500,11:28:37,328640,23691,17725,7748944480,0,0,0
sn2205,20220218,20220218,112838000,11:28:38,328640,23691,17725,7748944480,0,0,0
sn2205,20220218,20220218,112838500,11:28:38,328640,23691,17725,7748944480,0,0,0
sn2205,20220218,20220218,112839000,11:28:40,328640,23692,17725,7749273120,1,0,328640
sn2205,20220218,20220218,112839500,11:28:40,328640,23692,17725,7749273120,0,0,0
sn2205,20220218,20220218,112840000,11:28:40,328720,23693,17724,7749601840,1,-1,328720
sn2205,20220218,20220218,112840500,11:28:40,328720,23693,17724,7749601840,0,0,0
sn2205,20220218,20220218,112841000,11:28:41,328720,23693,17724,7749601840,0,0,0
sn2205,20220218,20220218,112841500,11:28:41,328720,23693,17724,7749601840,0,0,0
sn2205,20220218,20220218,112842000,11:28:42,328720,23693,17724,7749601840,0,0,0
sn2205,20220218,20220218,112842500,11:28:42,328720,23693,17724,7749601840,0,0,0
sn2205,20220218,20220218,112843000,11:28:43,328720,23693,17724,7749601840,0,0,0
sn2205,20220218,20220218,112843500,11:28:44,328720,23693,17724,7749601840,0,0,0
sn2205,20220218,20220218,112844000,11:28:44,328720,23693,17724,7749601840,0,0,0
sn2205,20220218,20220218,112844500,11:28:44,328720,23693,17724,7749601840,0,0,0
sn2205,20220218,20220218,112845000,11:28:45,328720,23693,17724,7749601840,0,0,0
sn2205,20220218,20220218,112845500,11:28:46,328720,23693,17724,7749601840,0,0,0
sn2205,20220218,20220218,112846000,11:28:46,328720,23693,17724,7749601840,0,0,0
sn2205,20220218,20220218,112846500,11:28:46,328720,23693,17724,7749601840,0,0,0
sn2205,20220218,20220218,112847000,11:28:47,328720,23693,17724,7749601840,0,0,0
sn2205,20220218,20220218,112847500,11:28:48,328720,23693,17724,7749601840,0,0,0
sn2205,20220218,20220218,112848000,11:28:48,328680,23695,17723,7750259200,2,-1,657360
sn2205,20220218,20220218,112848500,11:28:48,328680,23695,17723,7750259200,0,0,0
sn2205,20220218,20220218,112849000,11:28:49,328680,23695,17723,7750259200,0,0,0
sn2205,20220218,20220218,112849500,11:28:50,328680,23695,17723,7750259200,0,0,0
sn2205,20220218,20220218,112850000,11:28:50,328680,23695,17723,7750259200,0,0,0
sn2205,20220218,20220218,112850500,11:28:50,328680,23695,17723,7750259200,0,0,0
sn2205,20220218,20220218,112851000,11:28:51,328680,23695,17723,7750259200,0,0,0
sn2205,20220218,20220218,112851500,11:28:51,328680,23696,17723,7750587880,1,0,328680
sn2205,20220218,20220218,112852000,11:28:52,328680,23696,17723,7750587880,0,0,0
sn2205,20220218,20220218,112852500,11:28:53,328680,23697,17723,7750916560,1,0,328680
sn2205,20220218,20220218,112853000,11:28:54,328680,23697,17723,7750916560,0,0,0
sn2205,20220218,20220218,112853500,11:28:54,328770,23699,17723,7751574010,2,0,657450
sn2205,20220218,20220218,112854000,11:28:54,328770,23699,17723,7751574010,0,0,0
sn2205,20220218,20220218,112854500,11:28:54,328770,23699,17723,7751574010,0,0,0
sn2205,20220218,20220218,112855000,11:28:55,328770,23699,17723,7751574010,0,0,0
sn2205,20220218,20220218,112855500,11:28:55,328770,23699,17723,7751574010,0,0,0
sn2205,20220218,20220218,112856000,11:28:56,328770,23699,17723,7751574010,0,0,0
sn2205,20220218,20220218,112856500,11:28:56,328770,23699,17723,7751574010,0,0,0
sn2205,20220218,20220218,112857000,11:28:57,328670,23700,17723,7751902680,1,0,328670
sn2205,20220218,20220218,112857500,11:28:58,328670,23701,17722,7752231350,1,-1,328670
sn2205,20220218,20220218,112858000,11:28:58,328670,23701,17722,7752231350,0,0,0
sn2205,20220218,20220218,112858500,11:28:59,328670,23701,17722,7752231350,0,0,0
sn2205,20220218,20220218,112859000,11:28:59,328750,23702,17722,7752560100,1,0,328750
sn2205,20220218,20220218,112859500,11:29:00,328690,23703,17722,7752888790,1,0,328690
sn2205,20220218,20220218,112900000,11:29:00,328680,23704,17722,7753217470,1,0,328680
sn2205,20220218,20220218,112900500,11:29:01,328680,23704,17722,7753217470,0,0,0
sn2205,20220218,20220218,112901000,11:29:01,328680,23704,17722,7753217470,0,0,0
sn2205,20220218,20220218,112901500,11:29:01,328670,23705,17722,7753546140,1,0,328670
sn2205,20220218,20220218,112902000,11:29:02,328680,23710,17723,7755189570,5,1,1643430
sn2205,20220218,20220218,112902500,11:29:03,328710,23711,17724,7755518280,1,1,328710
sn2205,20220218,20220218,112903000,11:29:03,328710,23711,17724,7755518280,0,0,0
sn2205,20220218,20220218,112903500,11:29:04,328700,23713,17722,7756175680,2,-2,657400
sn2205,20220218,20220218,112904000,11:29:04,328700,23713,17722,7756175680,0,0,0
sn2205,20220218,20220218,112904500,11:29:04,328700,23713,17722,7756175680,0,0,0
sn2205,20220218,20220218,112905000,11:29:05,328700,23713,17722,7756175680,0,0,0
sn2205,20220218,20220218,112905500,11:29:06,328700,23713,17722,7756175680,0,0,0
sn2205,20220218,20220218,112906000,11:29:06,328700,23714,17721,7756504380,1,-1,328700
sn2205,20220218,20220218,112906500,11:29:06,328670,23715,17720,7756833050,1,-1,328670
sn2205,20220218,20220218,112907000,11:29:07,328760,23717,17718,7757490480,2,-2,657430
sn2205,20220218,20220218,112907500,11:29:08,328760,23717,17718,7757490480,0,0,0
sn2205,20220218,20220218,112908000,11:29:08,328760,23717,17718,7757490480,0,0,0
sn2205,20220218,20220218,112908500,11:29:08,328760,23717,17718,7757490480,0,0,0
sn2205,20220218,20220218,112909000,11:29:09,328760,23717,17718,7757490480,0,0,0
sn2205,20220218,20220218,112909500,11:29:09,328760,23717,17718,7757490480,0,0,0
sn2205,20220218,20220218,112910000,11:29:10,328760,23717,17718,7757490480,0,0,0
sn2205,20220218,20220218,112910500,11:29:10,328650,23718,17718,7757819130,1,0,328650
sn2205,20220218,20220218,112911000,11:29:11,328650,23718,17718,7757819130,0,0,0
sn2205,20220218,20220218,112911500,11:29:12,328650,23718,17718,7757819130,0,0,0
sn2205,20220218,20220218,112912000,11:29:12,328650,23718,17718,7757819130,0,0,0
sn2205,20220218,20220218,112912500,11:29:12,328750,23721,17717,7758805280,3,-1,986150
sn2205,20220218,20220218,112913000,11:29:13,328760,23722,17718,7759134040,1,1,328760
sn2205,20220218,20220218,112913500,11:29:14,328760,23724,17716,7759791480,2,-2,657440
sn2205,20220218,20220218,112914000,11:29:14,328760,23724,17716,7759791480,0,0,0
sn2205,20220218,20220218,112914500,11:29:15,328760,23724,17716,7759791480,0,0,0
sn2205,20220218,20220218,112915000,11:29:15,328760,23724,17716,7759791480,0,0,0
sn2205,20220218,20220218,112915500,11:29:16,328760,23724,17716,7759791480,0,0,0
sn2205,20220218,20220218,112916000,11:29:16,328760,23724,17716,7759791480,0,0,0
sn2205,20220218,20220218,112916500,11:29:17,328760,23724,17716,7759791480,0,0,0
sn2205,20220218,20220218,112917000,11:29:20,328760,23724,17716,7759791480,0,0,0
sn2205,20220218,20220218,112917500,11:29:20,328760,23724,17716,7759791480,0,0,0
sn2205,20220218,20220218,112918000,11:29:21,328760,23724,17716,7759791480,0,0,0
sn2205,20220218,20220218,112920500,11:29:22,328760,23724,17716,7759791480,0,0,0
sn2205,20220218,20220218,112921000,11:29:22,328760,23724,17716,7759791480,0,0,0
sn2205,20220218,20220218,112921500,11:29:23,328760,23724,17716,7759791480,0,0,0
sn2205,20220218,20220218,112922000,11:29:24,328760,23724,17716,7759791480,0,0,0
sn2205,20220218,20220218,112922500,11:29:24,328700,23725,17715,7760120180,1,-1,328700
sn2205,20220218,20220218,112923000,11:29:24,328700,23725,17715,7760120180,0,0,0
sn2205,20220218,20220218,112924000,11:29:24,328700,23725,17715,7760120180,0,0,0
sn2205,20220218,20220218,112924500,11:29:24,328760,23726,17715,7760448940,1,0,328760
sn2205,20220218,20220218,112925000,11:29:25,328760,23726,17715,7760448940,0,0,0
sn2205,20220218,20220218,112925500,11:29:25,328760,23726,17715,7760448940,0,0,0
sn2205,20220218,20220218,112926000,11:29:26,328740,23727,17714,7760777680,1,-1,328740
sn2205,20220218,20220218,112926500,11:29:26,328740,23727,17714,7760777680,0,0,0
sn2205,20220218,20220218,112927000,11:29:27,328740,23727,17714,7760777680,0,0,0
sn2205,20220218,20220218,112927500,11:29:27,328740,23727,17714,7760777680,0,0,0
sn2205,20220218,20220218,112928000,11:29:28,328700,23728,17715,7761106380,1,1,328700
sn2205,20220218,20220218,112928500,11:29:28,328700,23728,17715,7761106380,0,0,0
sn2205,20220218,20220218,112929000,11:29:29,328680,23729,17714,7761435060,1,-1,328680
sn2205,20220218,20220218,112929500,11:29:29,328660,23730,17714,7761763720,1,0,328660
sn2205,20220218,20220218,112930000,11:29:30,328640,23735,17711,7763406980,5,-3,1643260
sn2205,20220218,20220218,112930500,11:29:30,328640,23735,17711,7763406980,0,0,0
sn2205,20220218,20220218,112931000,11:29:32,328640,23735,17711,7763406980,0,0,0
sn2205,20220218,20220218,112931500,11:29:32,328640,23735,17711,7763406980,0,0,0
sn2205,20220218,20220218,112932000,11:29:32,328640,23735,17711,7763406980,0,0,0
sn2205,20220218,20220218,112932500,11:29:36,328640,23735,17711,7763406980,0,0,0
sn2205,20220218,20220218,112933000,11:29:37,328640,23735,17711,7763406980,0,0,0
sn2205,20220218,20220218,112933500,11:29:37,328640,23735,17711,7763406980,0,0,0
sn2205,20220218,20220218,112936500,11:29:38,328640,23735,17711,7763406980,0,0,0
sn2205,20220218,20220218,112938000,11:29:38,328640,23735,17711,7763406980,0,0,0
sn2205,20220218,20220218,112938500,11:29:39,328700,23737,17709,7764064380,2,-2,657400
sn2205,20220218,20220218,112939500,11:29:39,328700,23737,17709,7764064380,0,0,0
sn2205,20220218,20220218,112940000,11:29:40,328700,23737,17709,7764064380,0,0,0
sn2205,20220218,20220218,112940500,11:29:40,328700,23737,17709,7764064380,0,0,0
sn2205,20220218,20220218,112941000,11:29:41,328700,23737,17709,7764064380,0,0,0
sn2205,20220218,20220218,112941500,11:29:42,328690,23740,17706,7765050450,3,-3,986070
sn2205,20220218,20220218,112942000,11:29:42,328800,23742,17704,7765707940,2,-2,657490
sn2205,20220218,20220218,112942500,11:29:44,328800,23742,17704,7765707940,0,0,0
sn2205,20220218,20220218,112943000,11:29:45,328800,23742,17704,7765707940,0,0,0
sn2205,20220218,20220218,112943500,11:29:45,328800,23742,17704,7765707940,0,0,0
sn2205,20220218,20220218,112944000,11:29:45,328800,23742,17704,7765707940,0,0,0
sn2205,20220218,20220218,112944500,11:29:46,328800,23742,17704,7765707940,0,0,0
sn2205,20220218,20220218,112945000,11:29:46,328800,23742,17704,7765707940,0,0,0
sn2205,20220218,20220218,112945500,11:29:46,328660,23744,17704,7766365270,2,0,657330
sn2205,20220218,20220218,112946000,11:29:46,328660,23744,17704,7766365270,0,0,0
sn2205,20220218,20220218,112946500,11:29:47,328660,23744,17704,7766365270,0,0,0
sn2205,20220218,20220218,112947000,11:29:47,328660,23744,17704,7766365270,0,0,0
sn2205,20220218,20220218,112947500,11:29:48,328660,23744,17704,7766365270,0,0,0
sn2205,20220218,20220218,112948000,11:29:48,328660,23744,17704,7766365270,0,0,0
sn2205,20220218,20220218,112948500,11:29:49,328660,23744,17704,7766365270,0,0,0
sn2205,20220218,20220218,112949000,11:29:50,328710,23745,17704,7766693980,1,0,328710
sn2205,20220218,20220218,112949500,11:29:50,328730,23746,17703,7767022710,1,-1,328730
sn2205,20220218,20220218,112950000,11:29:51,328800,23747,17703,7767351510,1,0,328800
sn2205,20220218,20220218,112950500,11:29:51,328820,23749,17703,7768009150,2,0,657640
sn2205,20220218,20220218,112951500,11:29:52,328820,23749,17703,7768009150,0,0,0
sn2205,20220218,20220218,112952000,11:29:52,328690,23751,17703,7768666670,2,0,657520
sn2205,20220218,20220218,112952500,11:29:53,328660,23752,17702,7768995330,1,-1,328660
sn2205,20220218,20220218,112953000,11:29:53,328660,23752,17702,7768995330,0,0,0
sn2205,20220218,20220218,112953500,11:29:54,328660,23752,17702,7768995330,0,0,0
sn2205,20220218,20220218,112954000,11:29:54,328660,23752,17702,7768995330,0,0,0
sn2205,20220218,20220218,112954500,11:29:54,328680,23753,17702,7769324010,1,0,328680
sn2205,20220218,20220218,112955000,11:29:55,328680,23753,17702,7769324010,0,0,0
sn2205,20220218,20220218,112955500,11:29:55,328710,23758,17704,7770967430,5,2,1643420
sn2205,20220218,20220218,112956000,11:29:56,328680,23759,17703,7771296110,1,-1,328680
sn2205,20220218,20220218,112956500,11:30:00,328680,23760,17703,7771624790,1,0,328680
sn2205,20220218,20220218,112957000,11:30:00,328680,23760,17703,7771624790,0,0,0
sn2205,20220218,20220218,112957500,11:30:02,328680,23760,17703,7771624790,0,0,0
sn2205,20220218,20220218,112959500,11:30:02,328680,23760,17703,7771624790,0,0,0
sn2205,20220218,20220218,113000000,11:30:03,328680,23760,17703,7771624790,0,0,0
sn2205,20220218,20220218,113000500,11:30:03,328680,23760,17703,7771624790,0,0,0
sn2205,20220218,20220218,113001500,11:30:03,328680,23760,17703,7771624790,0,0,0
sn2205,20220218,20220218,133002000,13:30:08,328690,23761,17703,7771953480,1,0,328690
sn2205,20220218,20220218,133002500,13:30:09,328850,23763,17704,7772611180,2,1,657700
sn2205,20220218,20220218,133008500,13:30:10,328650,23794,17700,7782798940,31,-4,10187760
sn2205,20220218,20220218,133009500,13:30:11,328610,23797,17701,7783784780,3,1,985840
sn2205,20220218,20220218,133010000,13:30:11,328600,23818,17710,7790685550,21,9,6900770
sn2205,20220218,20220218,133010500,13:30:11,328610,23823,17705,7792328520,5,-5,1642970
sn2205,20220218,20220218,133011000,13:30:12,328530,23824,17705,7792657050,1,0,328530
sn2205,20220218,20220218,133011500,13:30:13,328530,23826,17705,7793314110,2,0,657060
sn2205,20220218,20220218,133012500,13:30:13,328530,23826,17705,7793314110,0,0,0
sn2205,20220218,20220218,133013000,13:30:13,328520,23828,17704,7793971160,2,-1,657050
sn2205,20220218,20220218,133013500,13:30:14,328510,23831,17704,7794956680,3,0,985520
sn2205,20220218,20220218,133014000,13:30:15,328500,23832,17703,7795285180,1,-1,328500
sn2205,20220218,20220218,133014500,13:30:16,328510,23837,17707,7796927710,5,4,1642530
sn2205,20220218,20220218,133015000,13:30:17,328510,23837,17707,7796927710,0,0,0
sn2205,20220218,20220218,133016500,13:30:18,328590,23839,17708,7797584830,2,1,657120
sn2205,20220218,20220218,133017000,13:30:18,328610,23840,17708,7797913440,1,0,328610
sn2205,20220218,20220218,133017500,13:30:19,328510,23844,17706,7799227500,4,-2,1314060
sn2205,20220218,20220218,133018000,13:30:19,328510,23846,17707,7799884520,2,1,657020
sn2205,20220218,20220218,133018500,13:30:20,328510,23846,17707,7799884520,0,0,0
sn2205,20220218,20220218,133019000,13:30:20,328570,23847,17707,7800213090,1,0,328570
sn2205,20220218,20220218,133019500,13:30:20,328570,23847,17707,7800213090,0,0,0
sn2205,20220218,20220218,133020000,13:30:21,328570,23847,17707,7800213090,0,0,0
sn2205,20220218,20220218,133020500,13:30:21,328570,23848,17708,7800541660,1,1,328570
sn2205,20220218,20220218,133021000,13:30:21,328520,23852,17708,7801855750,4,0,1314090
sn2205,20220218,20220218,133021500,13:30:22,328570,23853,17707,7802184320,1,-1,328570
sn2205,20220218,20220218,133022000,13:30:38,328570,23854,17707,7802512890,1,0,328570
sn2205,20220218,20220218,133022500,13:30:38,328570,23862,17710,7805141580,8,3,2628690
sn2205,20220218,20220218,133023000,13:30:38,328550,23864,17709,7805798680,2,-1,657100
sn2205,20220218,20220218,133038000,13:30:41,328530,23887,17710,7813355110,23,1,7556430
sn2205,20220218,20220218,133038500,13:30:41,328530,23887,17710,7813355110,0,0,0
sn2205,20220218,20220218,133040500,13:30:43,328530,23887,17710,7813355110,0,0,0
sn2205,20220218,20220218,133041000,13:30:43,328530,23888,17710,7813683640,1,0,328530
sn2205,20220218,20220218,133041500,13:30:43,328600,23889,17710,7814012240,1,0,328600
sn2205,20220218,20220218,133042500,13:30:44,328600,23889,17710,7814012240,0,0,0
sn2205,20220218,20220218,133043000,13:30:44,328600,23889,17710,7814012240,0,0,0
sn2205,20220218,20220218,133044500,13:30:46,328430,23905,17701,7819267380,16,-9,5255140
sn2205,20220218,20220218,133045000,13:30:46,328510,23906,17701,7819595890,1,0,328510
sn2205,20220218,20220218,133045500,13:30:46,328530,23909,17700,7820581480,3,-1,985590
sn2205,20220218,20220218,133046000,13:30:47,328540,23910,17700,7820910020,1,0,328540
sn2205,20220218,20220218,133046500,13:30:47,328470,23911,17699,7821238490,1,-1,328470
sn2205,20220218,20220218,133047000,13:30:47,328470,23911,17699,7821238490,0,0,0
sn2205,20220218,20220218,133047500,13:30:48,328470,23911,17699,7821238490,0,0,0
sn2205,20220218,20220218,133048000,13:30:48,328470,23911,17699,7821238490,0,0,0
sn2205,20220218,20220218,133049000,13:30:49,328470,23911,17699,7821238490,0,0,0
sn2205,20220218,20220218,133049500,13:30:50,328630,23918,17702,7823538820,7,3,2300330
sn2205,20220218,20220218,133050000,13:30:50,328650,23919,17702,7823867470,1,0,328650
sn2205,20220218,20220218,133050500,13:30:51,328800,23920,17703,7824196270,1,1,328800
sn2205,20220218,20220218,133051000,13:30:52,328800,23920,17703,7824196270,0,0,0
sn2205,20220218,20220218,133051500,13:30:52,328800,23920,17703,7824196270,0,0,0
sn2205,20220218,20220218,133052000,13:30:53,328800,23920,17703,7824196270,0,0,0
sn2205,20220218,20220218,133052500,13:30:53,328800,23920,17703,7824196270,0,0,0
sn2205,20220218,20220218,133053000,13:30:54,328800,23920,17703,7824196270,0,0,0
sn2205,20220218,20220218,133053500,13:30:54,328800,23920,17703,7824196270,0,0,0
sn2205,20220218,20220218,133054000,13:30:54,328800,23920,17703,7824196270,0,0,0
sn2205,20220218,20220218,133055500,13:30:56,328680,23921,17702,7824524950,1,-1,328680
sn2205,20220218,20220218,133056000,13:30:57,328680,23921,17702,7824524950,0,0,0
sn2205,20220218,20220218,133056500,13:30:57,328680,23921,17702,7824524950,0,0,0
sn2205,20220218,20220218,133057000,13:30:57,328680,23921,17702,7824524950,0,0,0
sn2205,20220218,20220218,133057500,13:30:58,328680,23921,17702,7824524950,0,0,0
sn2205,20220218,20220218,133058500,13:30:59,328680,23921,17702,7824524950,0,0,0
sn2205,20220218,20220218,133059000,13:30:59,328680,23921,17702,7824524950,0,0,0
sn2205,20220218,20220218,133059500,13:31:00,328680,23921,17702,7824524950,0,0,0
sn2205,20220218,20220218,133100000,13:31:00,328680,23921,17702,7824524950,0,0,0
sn2205,20220218,20220218,133100500,13:31:00,328770,23922,17702,7824853720,1,0,328770
sn2205,20220218,20220218,133101000,13:31:01,328770,23922,17702,7824853720,0,0,0
sn2205,20220218,20220218,133101500,13:31:01,328770,23922,17702,7824853720,0,0,0
sn2205,20220218,20220218,133102000,13:31:02,328770,23922,17702,7824853720,0,0,0
sn2205,20220218,20220218,133102500,13:31:02,328800,23923,17702,7825182520,1,0,328800
sn2205,20220218,20220218,133103000,13:31:03,328800,23928,17701,7826826520,5,-1,1644000
sn2205,20220218,20220218,133103500,13:31:04,328690,23930,17700,7827484010,2,-1,657490
sn2205,20220218,20220218,133104000,13:31:06,328750,23932,17700,7828141510,2,0,657500
sn2205,20220218,20220218,133104500,13:31:06,328750,23932,17700,7828141510,0,0,0
sn2205,20220218,20220218,133105500,13:31:08,328750,23932,17700,7828141510,0,0,0
sn2205,20220218,20220218,133106000,13:31:08,328750,23932,17700,7828141510,0,0,0
sn2205,20220218,20220218,133107000,13:31:09,328750,23932,17700,7828141510,0,0,0
sn2205,20220218,20220218,133108000,13:31:09,328750,23932,17700,7828141510,0,0,0
sn2205,20220218,20220218,133110000,13:31:11,328750,23933,17700,7828470260,1,0,328750
sn2205,20220218,20220218,133110500,13:31:11,328750,23933,17700,7828470260,0,0,0
sn2205,20220218,20220218,133111000,13:31:11,328750,23933,17700,7828470260,0,0,0
sn2205,20220218,20220218,133111500,13:31:12,328750,23933,17700,7828470260,0,0,0
sn2205,20220218,20220218,133112000,13:31:12,328790,23934,17700,7828799050,1,0,328790
sn2205,20220218,20220218,133112500,13:31:13,328750,23935,17699,7829127800,1,-1,328750
sn2205,20220218,20220218,133113000,13:31:13,328750,23936,17698,7829456550,1,-1,328750
sn2205,20220218,20220218,133113500,13:31:14,328780,23937,17698,7829785330,1,0,328780
sn2205,20220218,20220218,133114000,13:31:15,329000,23940,17700,7830772030,3,2,986700
sn2205,20220218,20220218,133114500,13:31:15,329000,23941,17700,7831101030,1,0,329000
sn2205,20220218,20220218,133115000,13:31:15,329030,23942,17699,7831430060,1,-1,329030
sn2205,20220218,20220218,133115500,13:31:15,329030,23942,17699,7831430060,0,0,0
sn2205,20220218,20220218,133116000,13:31:16,329000,23944,17699,7832088060,2,0,658000
sn2205,20220218,20220218,133116500,13:31:17,329000,23944,17699,7832088060,0,0,0
sn2205,20220218,20220218,133117000,13:31:17,329010,23946,17700,7832746080,2,1,658020
sn2205,20220218,20220218,133117500,13:31:18,328940,23949,17701,7833732920,3,1,986840
sn2205,20220218,20220218,133118000,13:31:18,328940,23949,17701,7833732920,0,0,0
sn2205,20220218,20220218,133118500,13:31:19,328940,23949,17701,7833732920,0,0,0
sn2205,20220218,20220218,133119000,13:31:19,328940,23949,17701,7833732920,0,0,0
sn2205,20220218,20220218,133119500,13:31:20,328940,23949,17701,7833732920,0,0,0
sn2205,20220218,20220218,133120000,13:31:20,328940,23949,17701,7833732920,0,0,0
sn2205,20220218,20220218,133120500,13:31:21,328850,23951,17700,7834390620,2,-1,657700
sn2205,20220218,20220218,133121000,13:31:21,328850,23957,17697,7836363720,6,-3,1973100
sn2205,20220218,20220218,133121500,13:31:22,328850,23957,17697,7836363720,0,0,0
sn2205,20220218,20220218,133122000,13:31:22,328890,23958,17697,7836692610,1,0,328890
sn2205,20220218,20220218,133122500,13:31:23,328890,23958,17697,7836692610,0,0,0
sn2205,20220218,20220218,133123000,13:31:25,328890,23958,17697,7836692610,0,0,0
sn2205,20220218,20220218,133123500,13:31:25,328890,23958,17697,7836692610,0,0,0
sn2205,20220218,20220218,133124000,13:31:25,328890,23958,17697,7836692610,0,0,0
sn2205,20220218,20220218,133124500,13:31:25,328890,23958,17697,7836692610,0,0,0
sn2205,20220218,20220218,133156000,13:31:56,328890,23958,17697,7836692610,0,0,0
sn2205,20220218,20220218,133158000,13:31:58,328890,23958,17697,7836692610,0,0,0
sn2205,20220218,20220218,133158500,13:31:58,328890,23958,17697,7836692610,0,0,0
sn2205,20220218,20220218,133159500,13:32:00,328910,23961,17697,7837679330,3,0,986720
sn2205,20220218,20220218,133201000,13:32:01,328910,23961,17697,7837679330,0,0,0
sn2205,20220218,20220218,133201500,13:32:01,328910,23961,17697,7837679330,0,0,0
sn2205,20220218,20220218,133202000,13:32:03,328910,23961,17697,7837679330,0,0,0
sn2205,20220218,20220218,133202500,13:32:03,328910,23961,17697,7837679330,0,0,0
sn2205,20220218,20220218,133203000,13:32:04,328910,23961,17697,7837679330,0,0,0
sn2205,20220218,20220218,133203500,13:32:05,328910,23961,17697,7837679330,0,0,0
sn2205,20220218,20220218,133204000,13:32:05,328830,24026,17699,7859053140,65,2,21373810
sn2205,20220218,20220218,133205000,13:32:06,328830,24026,17699,7859053140,0,0,0
sn2205,20220218,20220218,133205500,13:32:06,328830,24026,17699,7859053140,0,0,0
sn2205,20220218,20220218,133206000,13:32:06,328830,24026,17699,7859053140,0,0,0
sn2205,20220218,20220218,133206500,13:32:07,328830,24026,17699,7859053140,0,0,0
sn2205,20220218,20220218,133207000,13:32:07,328830,24026,17699,7859053140,0,0,0
sn2205,20220218,20220218,133207500,13:32:07,328830,24026,17699,7859053140,0,0,0
sn2205,20220218,20220218,133208000,13:32:09,328830,24026,17699,7859053140,0,0,0
sn2205,20220218,20220218,133208500,13:32:10,328830,24026,17699,7859053140,0,0,0
sn2205,20220218,20220218,133209000,13:32:10,328830,24026,17699,7859053140,0,0,0
sn2205,20220218,20220218,133209500,13:32:10,328740,24030,17697,7860368100,4,-2,1314960
sn2205,20220218,20220218,133210000,13:32:10,328740,24030,17697,7860368100,0,0,0
sn2205,20220218,20220218,133210500,13:32:13,328710,24034,17698,7861682950,4,1,1314850
sn2205,20220218,20220218,133211000,13:32:14,328550,24036,17697,7862340080,2,-1,657130
sn2205,20220218,20220218,133213000,13:32:15,328550,24036,17697,7862340080,0,0,0
sn2205,20220218,20220218,133213500,13:32:15,328550,24036,17697,7862340080,0,0,0
sn2205,20220218,20220218,133214000,13:32:15,328550,24041,17696,7863983050,5,-1,1642970
sn2205,20220218,20220218,133214500,13:32:16,328550,24041,17696,7863983050,0,0,0
sn2205,20220218,20220218,133215000,13:32:16,328550,24041,17696,7863983050,0,0,0
sn2205,20220218,20220218,133215500,13:32:16,328550,24041,17696,7863983050,0,0,0
sn2205,20220218,20220218,133216000,13:32:17,328550,24041,17696,7863983050,0,0,0
sn2205,20220218,20220218,133216500,13:32:17,328600,24046,17699,7865626050,5,3,1643000
sn2205,20220218,20220218,133217000,13:32:17,328600,24046,17699,7865626050,0,0,0
sn2205,20220218,20220218,133217500,13:32:18,328530,24047,17700,7865954580,1,1,328530
sn2205,20220218,20220218,133218000,13:32:18,328530,24047,17700,7865954580,0,0,0
sn2205,20220218,20220218,133218500,13:32:18,328530,24047,17700,7865954580,0,0,0
sn2205,20220218,20220218,133219000,13:32:19,328530,24047,17700,7865954580,0,0,0
sn2205,20220218,20220218,133219500,13:32:20,328530,24047,17700,7865954580,0,0,0
sn2205,20220218,20220218,133220000,13:32:20,328530,24049,17700,7866611640,2,0,657060
sn2205,20220218,20220218,133220500,13:32:21,328620,24050,17700,7866940260,1,0,328620
sn2205,20220218,20220218,133221000,13:32:21,328620,24050,17700,7866940260,0,0,0
sn2205,20220218,20220218,133221500,13:32:22,328640,24052,17699,7867597520,2,-1,657260
sn2205,20220218,20220218,133222000,13:32:22,328670,24053,17699,7867926190,1,0,328670
sn2205,20220218,20220218,133222500,13:32:23,328670,24053,17699,7867926190,0,0,0
sn2205,20220218,20220218,133223000,13:32:24,328670,24053,17699,7867926190,0,0,0
sn2205,20220218,20220218,133223500,13:32:24,328660,24056,17700,7868911940,3,1,985750
sn2205,20220218,20220218,133224000,13:32:24,328660,24056,17700,7868911940,0,0,0
sn2205,20220218,20220218,133224500,13:32:24,328660,24056,17700,7868911940,0,0,0
sn2205,20220218,20220218,133225000,13:32:25,328540,24058,17698,7869569020,2,-2,657080
sn2205,20220218,20220218,133225500,13:32:25,328540,24058,17698,7869569020,0,0,0
sn2205,20220218,20220218,133226000,13:32:27,328540,24058,17698,7869569020,0,0,0
sn2205,20220218,20220218,133226500,13:32:27,328540,24058,17698,7869569020,0,0,0
sn2205,20220218,20220218,133227000,13:32:27,328540,24058,17698,7869569020,0,0,0
sn2205,20220218,20220218,133227500,13:32:28,328540,24059,17697,7869897560,1,-1,328540
sn2205,20220218,20220218,133228000,13:32:32,328540,24059,17697,7869897560,0,0,0
sn2205,20220218,20220218,133228500,13:32:32,328540,24059,17697,7869897560,0,0,0
sn2205,20220218,20220218,133229000,13:32:33,328540,24059,17697,7869897560,0,0,0
sn2205,20220218,20220218,133232000,13:32:35,328540,24059,17697,7869897560,0,0,0
sn2205,20220218,20220218,133232500,13:32:35,328540,24059,17697,7869897560,0,0,0
sn2205,20220218,20220218,133234500,13:32:36,328540,24059,17697,7869897560,0,0,0
sn2205,20220218,20220218,133235000,13:32:36,328540,24059,17697,7869897560,0,0,0
sn2205,20220218,20220218,133235500,13:32:36,328540,24059,17697,7869897560,0,0,0
sn2205,20220218,20220218,133236000,13:32:36,328540,24059,17697,7869897560,0,0,0
sn2205,20220218,20220218,133236500,13:32:37,328540,24059,17697,7869897560,0,0,0
sn2205,20220218,20220218,133237000,13:32:37,328610,24063,17698,7871212010,4,1,1314450
sn2205,20220218,20220218,133237500,13:32:37,328610,24063,17698,7871212010,0,0,0
sn2205,20220218,20220218,133238000,13:32:38,328610,24063,17698,7871212010,0,0,0
sn2205,20220218,20220218,133238500,13:32:39,328610,24063,17698,7871212010,0,0,0
sn2205,20220218,20220218,133239000,13:32:39,328610,24063,17698,7871212010,0,0,0
sn2205,20220218,20220218,133239500,13:32:40,328610,24063,17698,7871212010,0,0,0
sn2205,20220218,20220218,133240000,13:32:40,328610,24063,17698,7871212010,0,0,0
sn2205,20220218,20220218,133240500,13:32:40,328610,24063,17698,7871212010,0,0,0
sn2205,20220218,20220218,133241000,13:32:41,328610,24063,17698,7871212010,0,0,0
sn2205,20220218,20220218,133241500,13:32:42,328610,24063,17698,7871212010,0,0,0
sn2205,20220218,20220218,133242000,13:32:42,328610,24063,17698,7871212010,0,0,0
sn2205,20220218,20220218,133242500,13:32:42,328610,24064,17697,7871540620,1,-1,328610
sn2205,20220218,20220218,133243000,13:32:43,328610,24064,17697,7871540620,0,0,0
sn2205,20220218,20220218,133243500,13:32:43,328610,24064,17697,7871540620,0,0,0
sn2205,20220218,20220218,133244000,13:32:44,328610,24064,17697,7871540620,0,0,0
sn2205,20220218,20220218,133244500,13:32:45,328610,24064,17697,7871540620,0,0,0
sn2205,20220218,20220218,133245000,13:32:45,328660,24065,17697,7871869280,1,0,328660
sn2205,20220218,20220218,133245500,13:32:45,328660,24065,17697,7871869280,0,0,0
sn2205,20220218,20220218,133246000,13:32:47,328660,24065,17697,7871869280,0,0,0
sn2205,20220218,20220218,133246500,13:32:47,328660,24065,17697,7871869280,0,0,0
sn2205,20220218,20220218,133247000,13:32:47,328670,24066,17696,7872197950,1,-1,328670
sn2205,20220218,20220218,133247500,13:32:48,328670,24066,17696,7872197950,0,0,0
sn2205,20220218,20220218,133248000,13:32:48,328670,24066,17696,7872197950,0,0,0
sn2205,20220218,20220218,133248500,13:32:49,328670,24066,17696,7872197950,0,0,0
sn2205,20220218,20220218,133249000,13:32:49,328670,24066,17696,7872197950,0,0,0
sn2205,20220218,20220218,133249500,13:32:50,328670,24066,17696,7872197950,0,0,0
sn2205,20220218,20220218,133250000,13:32:50,328670,24066,17696,7872197950,0,0,0
sn2205,20220218,20220218,133250500,13:32:52,328670,24066,17696,7872197950,0,0,0
sn2205,20220218,20220218,133251000,13:32:52,328670,24066,17696,7872197950,0,0,0
sn2205,20220218,20220218,133251500,13:32:53,328670,24066,17696,7872197950,0,0,0
sn2205,20220218,20220218,133252500,13:32:53,328670,24066,17696,7872197950,0,0,0
sn2205,20220218,20220218,133253000,13:32:53,328670,24066,17696,7872197950,0,0,0
sn2205,20220218,20220218,133253500,13:32:54,328670,24066,17696,7872197950,0,0,0
sn2205,20220218,20220218,133254000,13:32:54,328670,24066,17696,7872197950,0,0,0
sn2205,20220218,20220218,133254500,13:32:55,328670,24066,17696,7872197950,0,0,0
sn2205,20220218,20220218,133255000,13:32:55,328670,24066,17696,7872197950,0,0,0
sn2205,20220218,20220218,133255500,13:32:55,328670,24066,17696,7872197950,0,0,0
sn2205,20220218,20220218,133256000,13:32:56,328670,24066,17696,7872197950,0,0,0
sn2205,20220218,20220218,133256500,13:32:56,328670,24066,17696,7872197950,0,0,0
sn2205,20220218,20220218,133257000,13:32:59,328540,24067,17695,7872526490,1,-1,328540
sn2205,20220218,20220218,133257500,13:33:00,328540,24067,17695,7872526490,0,0,0
sn2205,20220218,20220218,133258000,13:33:00,328540,24067,17695,7872526490,0,0,0
sn2205,20220218,20220218,133258500,13:33:00,328540,24067,17695,7872526490,0,0,0
sn2205,20220218,20220218,133259500,13:33:01,328540,24067,17695,7872526490,0,0,0
sn2205,20220218,20220218,133300000,13:33:01,328540,24067,17695,7872526490,0,0,0
sn2205,20220218,20220218,133300500,13:33:01,328540,24067,17695,7872526490,0,0,0
sn2205,20220218,20220218,133301000,13:33:02,328540,24069,17695,7873183580,2,0,657090
sn2205,20220218,20220218,133301500,13:33:02,328670,24079,17700,7876469880,10,5,3286300
sn2205,20220218,20220218,133302000,13:33:02,328560,24084,17703,7878113080,5,3,1643200
sn2205,20220218,20220218,133302500,13:33:03,328540,24090,17704,7880084320,6,1,1971240
sn2205,20220218,20220218,133303000,13:33:03,328540,24090,17704,7880084320,0,0,0
sn2205,20220218,20220218,133303500,13:33:04,328540,24090,17704,7880084320,0,0,0
sn2205,20220218,20220218,133304000,13:33:04,328540,24090,17704,7880084320,0,0,0
sn2205,20220218,20220218,133304500,13:33:05,328540,24090,17704,7880084320,0,0,0
sn2205,20220218,20220218,133305000,13:33:05,328500,24092,17703,7880741320,2,-1,657000
sn2205,20220218,20220218,133305500,13:33:05,328450,24093,17702,7881069770,1,-1,328450
sn2205,20220218,20220218,133306000,13:33:06,328450,24093,17702,7881069770,0,0,0
sn2205,20220218,20220218,133306500,13:33:06,328450,24093,17702,7881069770,0,0,0
sn2205,20220218,20220218,133307000,13:33:07,328470,24094,17702,7881398240,1,0,328470
sn2205,20220218,20220218,133307500,13:33:08,328450,24096,17702,7882055150,2,0,656910
sn2205,20220218,20220218,133308000,13:33:08,328400,24097,17702,7882383550,1,0,328400
sn2205,20220218,20220218,133308500,13:33:09,328400,24097,17702,7882383550,0,0,0
sn2205,20220218,20220218,133309000,13:33:09,328400,24097,17702,7882383550,0,0,0
sn2205,20220218,20220218,133309500,13:33:10,328390,24101,17703,7883697110,4,1,1313560
sn2205,20220218,20220218,133310000,13:33:11,328390,24101,17703,7883697110,0,0,0
sn2205,20220218,20220218,133310500,13:33:12,328390,24101,17703,7883697110,0,0,0
sn2205,20220218,20220218,133311000,13:33:14,328390,24101,17703,7883697110,0,0,0
sn2205,20220218,20220218,133311500,13:33:14,328390,24101,17703,7883697110,0,0,0
sn2205,20220218,20220218,133312000,13:33:14,328470,24102,17703,7884025580,1,0,328470
sn2205,20220218,20220218,133312500,13:33:14,328470,24102,17703,7884025580,0,0,0
sn2205,20220218,20220218,133313500,13:33:15,328470,24102,17703,7884025580,0,0,0
sn2205,20220218,20220218,133314000,13:33:17,328470,24102,17703,7884025580,0,0,0
sn2205,20220218,20220218,133314500,13:33:17,328470,24102,17703,7884025580,0,0,0
sn2205,20220218,20220218,133315000,13:33:18,328470,24102,17703,7884025580,0,0,0
sn2205,20220218,20220218,133315500,13:33:18,328470,24102,17703,7884025580,0,0,0
sn2205,20220218,20220218,133317000,13:33:19,328390,24105,17702,7885010750,3,-1,985170
sn2205,20220218,20220218,133317500,13:33:19,328390,24105,17702,7885010750,0,0,0
sn2205,20220218,20220218,133318000,13:33:19,328390,24106,17702,7885339140,1,0,328390
sn2205,20220218,20220218,133318500,13:33:19,328390,24106,17702,7885339140,0,0,0
sn2205,20220218,20220218,133319000,13:33:20,328390,24106,17702,7885339140,0,0,0
sn2205,20220218,20220218,133319500,13:33:20,328390,24106,17702,7885339140,0,0,0
sn2205,20220218,20220218,133320000,13:33:21,328390,24106,17702,7885339140,0,0,0
sn2205,20220218,20220218,133320500,13:33:21,328390,24106,17702,7885339140,0,0,0
sn2205,20220218,20220218,133321000,13:33:22,328390,24106,17702,7885339140,0,0,0
sn2205,20220218,20220218,133321500,13:33:22,328390,24106,17702,7885339140,0,0,0
sn2205,20220218,20220218,133322000,13:33:22,328390,24106,17702,7885339140,0,0,0
sn2205,20220218,20220218,133322500,13:33:22,328390,24106,17702,7885339140,0,0,0
sn2205,20220218,20220218,133323000,13:33:23,328390,24106,17702,7885339140,0,0,0
sn2205,20220218,20220218,133323500,13:33:24,328390,24106,17702,7885339140,0,0,0
sn2205,20220218,20220218,133324000,13:33:24,328390,24106,17702,7885339140,0,0,0
sn2205,20220218,20220218,133324500,13:33:25,328480,24107,17702,7885667620,1,0,328480
sn2205,20220218,20220218,133325000,13:33:26,328480,24107,17702,7885667620,0,0,0
sn2205,20220218,20220218,133325500,13:33:26,328480,24108,17703,7885996100,1,1,328480
sn2205,20220218,20220218,133326000,13:33:27,328480,24108,17703,7885996100,0,0,0
sn2205,20220218,20220218,133326500,13:33:29,328480,24108,17703,7885996100,0,0,0
sn2205,20220218,20220218,133327000,13:33:29,328480,24108,17703,7885996100,0,0,0
sn2205,20220218,20220218,133327500,13:33:29,328480,24108,17703,7885996100,0,0,0
sn2205,20220218,20220218,133328500,13:33:30,328490,24109,17702,7886324590,1,-1,328490
sn2205,20220218,20220218,133329000,13:33:30,328490,24109,17702,7886324590,0,0,0
sn2205,20220218,20220218,133329500,13:33:30,328490,24109,17702,7886324590,0,0,0
sn2205,20220218,20220218,133330000,13:33:30,328490,24109,17702,7886324590,0,0,0
sn2205,20220218,20220218,133330500,13:33:31,328490,24109,17702,7886324590,0,0,0
sn2205,20220218,20220218,133331000,13:33:32,328490,24109,17702,7886324590,0,0,0
sn2205,20220218,20220218,133331500,13:33:32,328490,24109,17702,7886324590,0,0,0
sn2205,20220218,20220218,133332000,13:33:32,328490,24109,17702,7886324590,0,0,0
sn2205,20220218,20220218,133332500,13:33:33,328490,24109,17702,7886324590,0,0,0
sn2205,20220218,20220218,133333000,13:33:33,328490,24109,17702,7886324590,0,0,0
sn2205,20220218,20220218,133333500,13:33:33,328490,24109,17702,7886324590,0,0,0
sn2205,20220218,20220218,133334000,13:33:34,328590,24111,17704,7886981750,2,2,657160
sn2205,20220218,20220218,133334500,13:33:34,328590,24116,17704,7888624700,5,0,1642950
sn2205,20220218,20220218,133335000,13:33:35,328570,24117,17704,7888953270,1,0,328570
sn2205,20220218,20220218,133335500,13:33:35,328570,24117,17704,7888953270,0,0,0
sn2205,20220218,20220218,133336000,13:33:36,328570,24117,17704,7888953270,0,0,0
sn2205,20220218,20220218,133336500,13:33:36,328580,24120,17707,7889939010,3,3,985740
sn2205,20220218,20220218,133337000,13:33:37,328580,24120,17707,7889939010,0,0,0
sn2205,20220218,20220218,133337500,13:33:37,328600,24122,17706,7890596210,2,-1,657200
sn2205,20220218,20220218,133338000,13:33:38,328600,24122,17706,7890596210,0,0,0
sn2205,20220218,20220218,133338500,13:33:39,328600,24123,17706,7890924810,1,0,328600
sn2205,20220218,20220218,133339000,13:33:39,328600,24123,17706,7890924810,0,0,0
sn2205,20220218,20220218,133339500,13:33:40,328600,24123,17706,7890924810,0,0,0
sn2205,20220218,20220218,133340000,13:33:40,328600,24123,17706,7890924810,0,0,0
sn2205,20220218,20220218,133340500,13:33:41,328600,24123,17706,7890924810,0,0,0
sn2205,20220218,20220218,133341000,13:33:41,328600,24123,17706,7890924810,0,0,0
sn2205,20220218,20220218,133341500,13:33:42,328600,24123,17706,7890924810,0,0,0
sn2205,20220218,20220218,133342000,13:33:42,328600,24123,17706,7890924810,0,0,0
sn2205,20220218,20220218,133342500,13:33:42,328600,24123,17706,7890924810,0,0,0
sn2205,20220218,20220218,133343000,13:33:43,328600,24123,17706,7890924810,0,0,0
sn2205,20220218,20220218,133343500,13:33:44,328600,24123,17706,7890924810,0,0,0
sn2205,20220218,20220218,133344000,13:33:44,328600,24123,17706,7890924810,0,0,0
sn2205,20220218,20220218,133344500,13:33:45,328600,24123,17706,7890924810,0,0,0
sn2205,20220218,20220218,133345000,13:33:45,328600,24123,17706,7890924810,0,0,0
sn2205,20220218,20220218,133345500,13:33:46,328600,24123,17706,7890924810,0,0,0
sn2205,20220218,20220218,133346000,13:33:47,328600,24123,17706,7890924810,0,0,0
sn2205,20220218,20220218,133346500,13:33:48,328600,24123,17706,7890924810,0,0,0
sn2205,20220218,20220218,133347000,13:33:48,328700,24126,17707,7891910880,3,1,986070
sn2205,20220218,20220218,133347500,13:33:49,328700,24128,17707,7892568280,2,0,657400
sn2205,20220218,20220218,133348000,13:33:49,328700,24128,17707,7892568280,0,0,0
sn2205,20220218,20220218,133348500,13:33:49,328700,24128,17707,7892568280,0,0,0
sn2205,20220218,20220218,133349000,13:33:50,328700,24128,17707,7892568280,0,0,0
sn2205,20220218,20220218,133349500,13:33:50,328600,24129,17706,7892896880,1,-1,328600
sn2205,20220218,20220218,133350000,13:33:50,328600,24129,17706,7892896880,0,0,0
sn2205,20220218,20220218,133350500,13:33:50,328650,24130,17705,7893225530,1,-1,328650
sn2205,20220218,20220218,133351000,13:33:51,328650,24130,17705,7893225530,0,0,0
sn2205,20220218,20220218,133351500,13:33:52,328630,24131,17705,7893554160,1,0,328630
sn2205,20220218,20220218,133352000,13:33:52,328630,24131,17705,7893554160,0,0,0
sn2205,20220218,20220218,133352500,13:33:52,328630,24131,17705,7893554160,0,0,0
sn2205,20220218,20220218,133353000,13:33:53,328630,24131,17705,7893554160,0,0,0
sn2205,20220218,20220218,133353500,13:33:53,328630,24131,17705,7893554160,0,0,0
sn2205,20220218,20220218,133354000,13:33:54,328630,24131,17705,7893554160,0,0,0
sn2205,20220218,20220218,133354500,13:33:54,328630,24131,17705,7893554160,0,0,0
sn2205,20220218,20220218,133355000,13:33:56,328630,24131,17705,7893554160,0,0,0
sn2205,20220218,20220218,133355500,13:33:56,328630,24131,17705,7893554160,0,0,0
sn2205,20220218,20220218,133356000,13:33:56,328630,24131,17705,7893554160,0,0,0
sn2205,20220218,20220218,133356500,13:33:57,328630,24131,17705,7893554160,0,0,0
sn2205,20220218,20220218,133357000,13:33:57,328630,24131,17705,7893554160,0,0,0
sn2205,20220218,20220218,133357500,13:33:58,328630,24131,17705,7893554160,0,0,0
sn2205,20220218,20220218,133358000,13:33:58,328630,24131,17705,7893554160,0,0,0
sn2205,20220218,20220218,133358500,13:33:58,328630,24131,17705,7893554160,0,0,0
sn2205,20220218,20220218,133359000,13:33:59,328630,24131,17705,7893554160,0,0,0
sn2205,20220218,20220218,133359500,13:33:59,328630,24131,17705,7893554160,0,0,0
sn2205,20220218,20220218,133400000,13:34:00,328630,24131,17705,7893554160,0,0,0
sn2205,20220218,20220218,133400500,13:34:00,328650,24133,17707,7894211460,2,2,657300
sn2205,20220218,20220218,133401000,13:34:01,328650,24134,17708,7894540110,1,1,328650
sn2205,20220218,20220218,133401500,13:34:02,328650,24134,17708,7894540110,0,0,0
sn2205,20220218,20220218,133402000,13:34:02,328650,24134,17708,7894540110,0,0,0
sn2205,20220218,20220218,133402500,13:34:10,328650,24136,17709,7895197410,2,1,657300
sn2205,20220218,20220218,133403000,13:34:10,328650,24136,17709,7895197410,0,0,0
sn2205,20220218,20220218,133403500,13:34:11,328650,24136,17709,7895197410,0,0,0
sn2205,20220218,20220218,133410000,13:34:12,328650,24136,17709,7895197410,0,0,0
sn2205,20220218,20220218,133410500,13:34:12,328630,24143,17706,7897497750,7,-3,2300340
sn2205,20220218,20220218,133411000,13:34:12,328630,24143,17706,7897497750,0,0,0
sn2205,20220218,20220218,133411500,13:34:12,328630,24143,17706,7897497750,0,0,0
sn2205,20220218,20220218,133412000,13:34:12,328630,24143,17706,7897497750,0,0,0
sn2205,20220218,20220218,133412500,13:34:13,328630,24143,17706,7897497750,0,0,0
sn2205,20220218,20220218,133413000,13:34:13,328630,24143,17706,7897497750,0,0,0
sn2205,20220218,20220218,133413500,13:34:14,328630,24143,17706,7897497750,0,0,0
sn2205,20220218,20220218,133414000,13:34:14,328630,24143,17706,7897497750,0,0,0
sn2205,20220218,20220218,133414500,13:34:15,328630,24143,17706,7897497750,0,0,0
sn2205,20220218,20220218,133415000,13:34:15,328630,24143,17706,7897497750,0,0,0
sn2205,20220218,20220218,133415500,13:34:16,328630,24143,17706,7897497750,0,0,0
sn2205,20220218,20220218,133416000,13:34:16,328630,24143,17706,7897497750,0,0,0
sn2205,20220218,20220218,133416500,13:34:16,328630,24143,17706,7897497750,0,0,0
sn2205,20220218,20220218,133417000,13:34:17,328630,24143,17706,7897497750,0,0,0
sn2205,20220218,20220218,133417500,13:34:17,328630,24143,17706,7897497750,0,0,0
sn2205,20220218,20220218,133418000,13:34:18,328630,24143,17706,7897497750,0,0,0
sn2205,20220218,20220218,133418500,13:34:18,328630,24143,17706,7897497750,0,0,0
sn2205,20220218,20220218,133419000,13:34:19,328630,24143,17706,7897497750,0,0,0
sn2205,20220218,20220218,133419500,13:34:20,328630,24143,17706,7897497750,0,0,0
sn2205,20220218,20220218,133420000,13:34:20,328630,24143,17706,7897497750,0,0,0
sn2205,20220218,20220218,133420500,13:34:21,328630,24143,17706,7897497750,0,0,0
sn2205,20220218,20220218,133421000,13:34:23,328630,24143,17706,7897497750,0,0,0
sn2205,20220218,20220218,133421500,13:34:23,328610,24144,17705,7897826360,1,-1,328610
sn2205,20220218,20220218,133423500,13:34:24,328610,24144,17705,7897826360,0,0,0
sn2205,20220218,20220218,133424000,13:34:24,328610,24144,17705,7897826360,0,0,0
sn2205,20220218,20220218,133424500,13:34:24,328610,24144,17705,7897826360,0,0,0
sn2205,20220218,20220218,133425000,13:34:25,328610,24144,17705,7897826360,0,0,0
sn2205,20220218,20220218,133425500,13:34:25,328590,24146,17705,7898483550,2,0,657190
sn2205,20220218,20220218,133426000,13:34:26,328590,24147,17705,7898812140,1,0,328590
sn2205,20220218,20220218,133426500,13:34:26,328590,24147,17705,7898812140,0,0,0
sn2205,20220218,20220218,133427000,13:34:27,328530,24150,17705,7899797750,3,0,985610
sn2205,20220218,20220218,133427500,13:34:27,328530,24150,17705,7899797750,0,0,0
sn2205,20220218,20220218,133428000,13:34:28,328530,24150,17705,7899797750,0,0,0
sn2205,20220218,20220218,133428500,13:34:29,328530,24150,17705,7899797750,0,0,0
sn2205,20220218,20220218,133429000,13:34:29,328530,24150,17705,7899797750,0,0,0
sn2205,20220218,20220218,133429500,13:34:29,328530,24150,17705,7899797750,0,0,0
sn2205,20220218,20220218,133430000,13:34:30,328530,24150,17705,7899797750,0,0,0
sn2205,20220218,20220218,133430500,13:34:30,328530,24150,17705,7899797750,0,0,0
sn2205,20220218,20220218,133431000,13:34:31,328510,24152,17704,7900454780,2,-1,657030
sn2205,20220218,20220218,133431500,13:34:31,328540,24153,17705,7900783320,1,1,328540
sn2205,20220218,20220218,133432000,13:34:32,328540,24153,17705,7900783320,0,0,0
sn2205,20220218,20220218,133432500,13:34:32,328540,24153,17705,7900783320,0,0,0
sn2205,20220218,20220218,133433000,13:34:33,328540,24153,17705,7900783320,0,0,0
sn2205,20220218,20220218,133433500,13:34:34,328540,24153,17705,7900783320,0,0,0
sn2205,20220218,20220218,133434000,13:34:34,328540,24153,17705,7900783320,0,0,0
sn2205,20220218,20220218,133434500,13:34:35,328510,24154,17706,7901111830,1,1,328510
sn2205,20220218,20220218,133435000,13:34:35,328480,24156,17706,7901768790,2,0,656960
sn2205,20220218,20220218,133435500,13:34:36,328480,24156,17706,7901768790,0,0,0
sn2205,20220218,20220218,133436000,13:34:36,328480,24156,17706,7901768790,0,0,0
sn2205,20220218,20220218,133436500,13:34:36,328390,24160,17706,7903082330,4,0,1313540
sn2205,20220218,20220218,133437000,13:34:37,328330,24161,17706,7903410660,1,0,328330
sn2205,20220218,20220218,133437500,13:34:38,328400,24163,17706,7904067460,2,0,656800
sn2205,20220218,20220218,133438000,13:34:38,328390,24166,17708,7905052650,3,2,985190
sn2205,20220218,20220218,133438500,13:34:38,328390,24166,17708,7905052650,0,0,0
sn2205,20220218,20220218,133439000,13:34:39,328390,24166,17708,7905052650,0,0,0
sn2205,20220218,20220218,133439500,13:34:39,328390,24166,17708,7905052650,0,0,0
sn2205,20220218,20220218,133440000,13:34:40,328400,24168,17706,7905709450,2,-2,656800
sn2205,20220218,20220218,133440500,13:34:41,328400,24170,17706,7906366250,2,0,656800
