sn2203,20220218,20220218,112003000,11:20:08,339030,34747,29718,11701909810,34747,-506,11701909810
sn2203,20220218,20220218,112004500,11:20:10,339030,34747,29718,11701909810,0,0,0
sn2203,20220218,20220218,112005000,11:20:10,339030,34747,29718,11701909810,0,0,0
sn2203,20220218,20220218,112006000,11:20:10,339030,34747,29718,11701909810,0,0,0
sn2203,20220218,20220218,112006500,11:20:10,339030,34747,29718,11701909810,0,0,0
sn2203,20220218,20220218,112007000,11:20:10,339030,34747,29718,11701909810,0,0,0
sn2203,20220218,20220218,112007500,11:20:10,339030,34747,29718,11701909810,0,0,0
sn2203,20220218,20220218,112008000,11:20:10,339030,34747,29718,11701909810,0,0,0
sn2203,20220218,20220218,112008500,11:20:10,339030,34747,29718,11701909810,0,0,0
sn2203,20220218,20220218,112009000,11:20:10,339110,34749,29717,11702587970,2,-1,678160
sn2203,20220218,20220218,112009500,11:20:10,339140,34750,29717,11702927110,1,0,339140
sn2203,20220218,20220218,112010000,11:20:10,339150,34751,29718,11703266260,1,1,339150
sn2203,20220218,20220218,112010500,11:20:10,339150,34751,29718,11703266260,0,0,0
sn2203,20220218,20220218,112011000,11:20:11,339150,34751,29718,11703266260,0,0,0
sn2203,20220218,20220218,112011500,11:20:12,339150,34751,29718,11703266260,0,0,0
sn2203,20220218,20220218,112012000,11:20:12,339150,34751,29718,11703266260,0,0,0
sn2203,20220218,20220218,112012500,11:20:12,339150,34751,29718,11703266260,0,0,0
sn2203,20220218,20220218,112013000,11:20:13,339150,34751,29718,11703266260,0,0,0
sn2203,20220218,20220218,112013500,11:20:13,339150,34751,29718,11703266260,0,0,0
sn2203,20220218,20220218,112014000,11:20:14,339150,34751,29718,11703266260,0,0,0
sn2203,20220218,20220218,112014500,11:20:14,339150,34751,29718,11703266260,0,0,0
sn2203,20220218,20220218,112015000,11:20:15,339150,34751,29718,11703266260,0,0,0
sn2203,20220218,20220218,112015500,11:20:16,339150,34751,29718,11703266260,0,0,0
sn2203,20220218,20220218,112016000,11:20:16,339160,34752,29717,11703605420,1,-1,339160
sn2203,20220218,20220218,112016500,11:20:16,339160,34753,29717,11703944580,1,0,339160
sn2203,20220218,20220218,112017000,11:20:17,339040,34754,29717,11704283620,1,0,339040
sn2203,20220218,20220218,112017500,11:20:17,339040,34754,29717,11704283620,0,0,0
sn2203,20220218,20220218,112018000,11:20:18,339040,34754,29717,11704283620,0,0,0
sn2203,20220218,20220218,112018500,11:20:18,339040,34754,29717,11704283620,0,0,0
sn2203,20220218,20220218,112019000,11:20:19,339040,34754,29717,11704283620,0,0,0
sn2203,20220218,20220218,112019500,11:20:20,339040,34754,29717,11704283620,0,0,0
sn2203,20220218,20220218,112020000,11:20:20,339040,34754,29717,11704283620,0,0,0
sn2203,20220218,20220218,112020500,11:20:20,339040,34754,29717,11704283620,0,0,0
sn2203,20220218,20220218,112021000,11:20:21,339040,34754,29717,11704283620,0,0,0
sn2203,20220218,20220218,112021500,11:20:21,339040,34754,29717,11704283620,0,0,0
sn2203,20220218,20220218,112022000,11:20:22,339040,34754,29717,11704283620,0,0,0
sn2203,20220218,20220218,112022500,11:20:23,339040,34754,29717,11704283620,0,0,0
sn2203,20220218,20220218,112023000,11:20:23,339040,34754,29717,11704283620,0,0,0
sn2203,20220218,20220218,112023500,11:20:23,339040,34754,29717,11704283620,0,0,0
sn2203,20220218,20220218,112024000,11:20:24,339040,34754,29717,11704283620,0,0,0
sn2203,20220218,20220218,112024500,11:20:24,339040,34754,29717,11704283620,0,0,0
sn2203,20220218,20220218,112025000,11:20:25,339040,34754,29717,11704283620,0,0,0
sn2203,20220218,20220218,112025500,11:20:25,339040,34754,29717,11704283620,0,0,0
sn2203,20220218,20220218,112026000,11:20:26,339040,34754,29717,11704283620,0,0,0
sn2203,20220218,20220218,112026500,11:20:26,339040,34754,29717,11704283620,0,0,0
sn2203,20220218,20220218,112027000,11:20:27,339040,34754,29717,11704283620,0,0,0
sn2203,20220218,20220218,112027500,11:20:28,339040,34754,29717,11704283620,0,0,0
sn2203,20220218,20220218,112028000,11:20:28,339040,34754,29717,11704283620,0,0,0
sn2203,20220218,20220218,112028500,11:20:28,339040,34754,29717,11704283620,0,0,0
sn2203,20220218,20220218,112029000,11:20:29,339040,34754,29717,11704283620,0,0,0
sn2203,20220218,20220218,112029500,11:20:30,339040,34754,29717,11704283620,0,0,0
sn2203,20220218,20220218,112030000,11:20:31,339040,34754,29717,11704283620,0,0,0
sn2203,20220218,20220218,112030500,11:20:31,339020,34755,29716,11704622640,1,-1,339020
sn2203,20220218,20220218,112031000,11:20:31,338950,34762,29715,11706995580,7,-1,2372940
sn2203,20220218,20220218,112031500,11:20:32,338940,34775,29708,11711401800,13,-7,4406220
sn2203,20220218,20220218,112032000,11:20:32,338940,34778,29708,11712418620,3,0,1016820
sn2203,20220218,20220218,112032500,11:20:32,338900,34779,29707,11712757520,1,-1,338900
sn2203,20220218,20220218,112033000,11:20:33,338900,34782,29707,11713774220,3,0,1016700
sn2203,20220218,20220218,112033500,11:20:33,338900,34782,29707,11713774220,0,0,0
sn2203,20220218,20220218,112034000,11:20:34,338900,34783,29706,11714113120,1,-1,338900
sn2203,20220218,20220218,112034500,11:20:34,338900,34783,29706,11714113120,0,0,0
sn2203,20220218,20220218,112035000,11:20:35,338900,34783,29706,11714113120,0,0,0
sn2203,20220218,20220218,112035500,11:20:35,338900,34783,29706,11714113120,0,0,0
sn2203,20220218,20220218,112036000,11:20:36,338900,34783,29706,11714113120,0,0,0
sn2203,20220218,20220218,112036500,11:20:37,338900,34783,29706,11714113120,0,0,0
sn2203,20220218,20220218,112037000,11:20:37,338900,34783,29706,11714113120,0,0,0
sn2203,20220218,20220218,112037500,11:20:38,338900,34783,29706,11714113120,0,0,0
sn2203,20220218,20220218,112038000,11:20:38,338900,34783,29706,11714113120,0,0,0
sn2203,20220218,20220218,112038500,11:20:38,338820,34784,29706,11714451940,1,0,338820
sn2203,20220218,20220218,112039000,11:20:39,338860,34785,29705,11714790800,1,-1,338860
sn2203,20220218,20220218,112039500,11:20:40,338860,34785,29705,11714790800,0,0,0
sn2203,20220218,20220218,112040000,11:20:40,338860,34785,29705,11714790800,0,0,0
sn2203,20220218,20220218,112040500,11:20:41,338860,34785,29705,11714790800,0,0,0
sn2203,20220218,20220218,112041000,11:20:41,338860,34785,29705,11714790800,0,0,0
sn2203,20220218,20220218,112041500,11:20:41,338860,34785,29705,11714790800,0,0,0
sn2203,20220218,20220218,112042000,11:20:42,338860,34785,29705,11714790800,0,0,0
sn2203,20220218,20220218,112042500,11:20:42,338860,34785,29705,11714790800,0,0,0
sn2203,20220218,20220218,112043000,11:20:43,338860,34785,29705,11714790800,0,0,0
sn2203,20220218,20220218,112043500,11:20:44,338860,34785,29705,11714790800,0,0,0
sn2203,20220218,20220218,112044000,11:20:44,338860,34785,29705,11714790800,0,0,0
sn2203,20220218,20220218,112044500,11:20:44,338860,34785,29705,11714790800,0,0,0
sn2203,20220218,20220218,112045000,11:20:45,338860,34785,29705,11714790800,0,0,0
sn2203,20220218,20220218,112045500,11:20:46,338860,34785,29705,11714790800,0,0,0
sn2203,20220218,20220218,112046000,11:20:46,338860,34785,29705,11714790800,0,0,0
sn2203,20220218,20220218,112046500,11:20:46,338860,34785,29705,11714790800,0,0,0
sn2203,20220218,20220218,112047000,11:20:47,338900,34791,29708,11716824140,6,3,2033340
sn2203,20220218,20220218,112047500,11:20:48,338900,34791,29708,11716824140,0,0,0
sn2203,20220218,20220218,112048000,11:20:48,338900,34791,29708,11716824140,0,0,0
sn2203,20220218,20220218,112048500,11:20:49,338900,34791,29708,11716824140,0,0,0
sn2203,20220218,20220218,112049000,11:20:50,338900,34791,29708,11716824140,0,0,0
sn2203,20220218,20220218,112049500,11:20:50,338900,34791,29708,11716824140,0,0,0
sn2203,20220218,20220218,112050500,11:20:51,338900,34791,29708,11716824140,0,0,0
sn2203,20220218,20220218,112051000,11:20:51,338900,34791,29708,11716824140,0,0,0
sn2203,20220218,20220218,112051500,11:20:51,339000,34792,29708,11717163140,1,0,339000
sn2203,20220218,20220218,112052000,11:20:52,339000,34792,29708,11717163140,0,0,0
sn2203,20220218,20220218,112052500,11:20:53,339000,34793,29708,11717502140,1,0,339000
sn2203,20220218,20220218,112053000,11:20:53,339000,34794,29708,11717841140,1,0,339000
sn2203,20220218,20220218,112053500,11:20:53,338980,34795,29708,11718180120,1,0,338980
sn2203,20220218,20220218,112054000,11:20:54,338980,34795,29708,11718180120,0,0,0
sn2203,20220218,20220218,112054500,11:20:55,338980,34795,29708,11718180120,0,0,0
sn2203,20220218,20220218,112055000,11:20:55,338980,34795,29708,11718180120,0,0,0
sn2203,20220218,20220218,112055500,11:20:56,338980,34795,29708,11718180120,0,0,0
sn2203,20220218,20220218,112056000,11:20:56,338980,34795,29708,11718180120,0,0,0
sn2203,20220218,20220218,112056500,11:20:56,338980,34795,29708,11718180120,0,0,0
sn2203,20220218,20220218,112057000,11:20:57,338980,34795,29708,11718180120,0,0,0
sn2203,20220218,20220218,112057500,11:20:58,338980,34795,29708,11718180120,0,0,0
sn2203,20220218,20220218,112058000,11:20:58,338960,34797,29708,11718858040,2,0,677920
sn2203,20220218,20220218,112058500,11:20:59,338960,34797,29708,11718858040,0,0,0
sn2203,20220218,20220218,112059000,11:20:59,338960,34797,29708,11718858040,0,0,0
sn2203,20220218,20220218,112059500,11:21:00,338960,34797,29708,11718858040,0,0,0
sn2203,20220218,20220218,112100000,11:21:00,338960,34797,29708,11718858040,0,0,0
sn2203,20220218,20220218,112100500,11:21:00,338960,34797,29708,11718858040,0,0,0
sn2203,20220218,20220218,112101000,11:21:01,338960,34797,29708,11718858040,0,0,0
sn2203,20220218,20220218,112101500,11:21:01,338960,34797,29708,11718858040,0,0,0
sn2203,20220218,20220218,112102000,11:21:02,338960,34797,29708,11718858040,0,0,0
sn2203,20220218,20220218,112102500,11:21:03,338960,34797,29708,11718858040,0,0,0
sn2203,20220218,20220218,112103000,11:21:03,338960,34797,29708,11718858040,0,0,0
sn2203,20220218,20220218,112103500,11:21:03,338960,34797,29708,11718858040,0,0,0
sn2203,20220218,20220218,112104000,11:21:04,338960,34799,29710,11719535960,2,2,677920
sn2203,20220218,20220218,112104500,11:21:05,338960,34799,29710,11719535960,0,0,0
sn2203,20220218,20220218,112105000,11:21:05,338960,34799,29710,11719535960,0,0,0
sn2203,20220218,20220218,112105500,11:21:06,338840,34800,29710,11719874800,1,0,338840
sn2203,20220218,20220218,112106000,11:21:07,338840,34800,29710,11719874800,0,0,0
sn2203,20220218,20220218,112106500,11:21:07,338840,34800,29710,11719874800,0,0,0
sn2203,20220218,20220218,112107000,11:21:09,338840,34800,29710,11719874800,0,0,0
sn2203,20220218,20220218,112107500,11:21:10,338790,34801,29710,11720213590,1,0,338790
sn2203,20220218,20220218,112108000,11:21:10,338780,34804,29709,11721229930,3,-1,1016340
sn2203,20220218,20220218,112108500,11:21:10,338780,34804,29709,11721229930,0,0,0
sn2203,20220218,20220218,112110000,11:21:11,338780,34804,29709,11721229930,0,0,0
sn2203,20220218,20220218,112110500,11:21:11,338780,34804,29709,11721229930,0,0,0
sn2203,20220218,20220218,112111000,11:21:11,338780,34804,29709,11721229930,0,0,0
sn2203,20220218,20220218,112111500,11:21:11,338780,34804,29709,11721229930,0,0,0
sn2203,20220218,20220218,112112000,11:21:12,338780,34804,29709,11721229930,0,0,0
sn2203,20220218,20220218,112112500,11:21:12,338780,34804,29709,11721229930,0,0,0
sn2203,20220218,20220218,112113000,11:21:13,338850,34805,29710,11721568780,1,1,338850
sn2203,20220218,20220218,112113500,11:21:13,338850,34805,29710,11721568780,0,0,0
sn2203,20220218,20220218,112114000,11:21:14,338760,34807,29710,11722246320,2,0,677540
sn2203,20220218,20220218,112114500,11:21:14,338800,34809,29709,11722923880,2,-1,677560
sn2203,20220218,20220218,112115000,11:21:15,338800,34809,29709,11722923880,0,0,0
sn2203,20220218,20220218,112115500,11:21:15,338800,34809,29709,11722923880,0,0,0
sn2203,20220218,20220218,112116000,11:21:16,338800,34809,29709,11722923880,0,0,0
sn2203,20220218,20220218,112116500,11:21:16,338800,34809,29709,11722923880,0,0,0
sn2203,20220218,20220218,112117000,11:21:17,338800,34809,29709,11722923880,0,0,0
sn2203,20220218,20220218,112117500,11:21:18,338800,34809,29709,11722923880,0,0,0
sn2203,20220218,20220218,112118000,11:21:18,338800,34809,29709,11722923880,0,0,0
sn2203,20220218,20220218,112118500,11:21:18,338800,34809,29709,11722923880,0,0,0
sn2203,20220218,20220218,112119000,11:21:19,338800,34809,29709,11722923880,0,0,0
sn2203,20220218,20220218,112119500,11:21:19,338800,34809,29709,11722923880,0,0,0
sn2203,20220218,20220218,112120000,11:21:20,338800,34809,29709,11722923880,0,0,0
sn2203,20220218,20220218,112120500,11:21:21,338800,34809,29709,11722923880,0,0,0
sn2203,20220218,20220218,112121000,11:21:22,338800,34809,29709,11722923880,0,0,0
sn2203,20220218,20220218,112121500,11:21:22,338800,34809,29709,11722923880,0,0,0
sn2203,20220218,20220218,112122000,11:21:22,338800,34809,29709,11722923880,0,0,0
sn2203,20220218,20220218,112122500,11:21:22,338800,34809,29709,11722923880,0,0,0
sn2203,20220218,20220218,112123000,11:21:23,338800,34809,29709,11722923880,0,0,0
sn2203,20220218,20220218,112123500,11:21:23,338800,34809,29709,11722923880,0,0,0
sn2203,20220218,20220218,112124000,11:21:24,338800,34810,29709,11723262680,1,0,338800
sn2203,20220218,20220218,112124500,11:21:25,338800,34810,29709,11723262680,0,0,0
sn2203,20220218,20220218,112125000,11:21:29,338800,34810,29709,11723262680,0,0,0
sn2203,20220218,20220218,112125500,11:23:32,338800,34810,29709,11723262680,0,0,0
sn2203,20220218,20220218,112126000,11:23:32,338800,34810,29709,11723262680,0,0,0
sn2203,20220218,20220218,112126500,11:23:33,338800,34810,29709,11723262680,0,0,0
sn2203,20220218,20220218,112332500,11:23:33,338800,34810,29709,11723262680,0,0,0
sn2203,20220218,20220218,112333000,11:23:33,338800,34810,29709,11723262680,0,0,0
sn2203,20220218,20220218,112333500,11:23:33,338800,34810,29709,11723262680,0,0,0
sn2203,20220218,20220218,112334000,11:23:34,338800,34810,29709,11723262680,0,0,0
sn2203,20220218,20220218,112334500,11:23:34,338800,34810,29709,11723262680,0,0,0
sn2203,20220218,20220218,112335000,11:23:35,338800,34810,29709,11723262680,0,0,0
sn2203,20220218,20220218,112335500,11:23:35,338800,34810,29709,11723262680,0,0,0
sn2203,20220218,20220218,112336000,11:23:36,338800,34810,29709,11723262680,0,0,0
sn2203,20220218,20220218,112336500,11:23:38,338800,34810,29709,11723262680,0,0,0
sn2203,20220218,20220218,112337000,11:23:38,338800,34810,29709,11723262680,0,0,0
sn2203,20220218,20220218,112337500,11:23:38,338800,34810,29709,11723262680,0,0,0
sn2203,20220218,20220218,112338000,11:23:38,338800,34810,29709,11723262680,0,0,0
sn2203,20220218,20220218,112338500,11:23:38,338800,34810,29709,11723262680,0,0,0
sn2203,20220218,20220218,112339000,11:23:39,338800,34810,29709,11723262680,0,0,0
sn2203,20220218,20220218,112339500,11:23:39,338800,34810,29709,11723262680,0,0,0
sn2203,20220218,20220218,112340000,11:23:40,338800,34810,29709,11723262680,0,0,0
sn2203,20220218,20220218,112340500,11:23:40,338800,34810,29709,11723262680,0,0,0
sn2203,20220218,20220218,112341000,11:23:41,338800,34810,29709,11723262680,0,0,0
sn2203,20220218,20220218,112341500,11:23:42,338800,34810,29709,11723262680,0,0,0
sn2203,20220218,20220218,112342000,11:23:42,338800,34810,29709,11723262680,0,0,0
sn2203,20220218,20220218,112342500,11:23:42,338800,34810,29709,11723262680,0,0,0
sn2203,20220218,20220218,112343000,11:23:43,338800,34810,29709,11723262680,0,0,0
sn2203,20220218,20220218,112343500,11:23:43,338800,34810,29709,11723262680,0,0,0
sn2203,20220218,20220218,112344000,11:23:45,338800,34810,29709,11723262680,0,0,0
sn2203,20220218,20220218,112344500,11:23:48,338800,34810,29709,11723262680,0,0,0
sn2203,20220218,20220218,112345000,11:23:48,338800,34810,29709,11723262680,0,0,0
sn2203,20220218,20220218,112345500,11:23:48,338910,34900,29697,11753751010,90,-12,30488330
sn2203,20220218,20220218,112346000,11:23:48,338910,34900,29697,11753751010,0,0,0
sn2203,20220218,20220218,112348000,11:23:48,338910,34900,29697,11753751010,0,0,0
sn2203,20220218,20220218,112348500,11:23:48,338910,34900,29697,11753751010,0,0,0
sn2203,20220218,20220218,112349000,11:23:49,338910,34900,29697,11753751010,0,0,0
sn2203,20220218,20220218,112349500,11:23:50,338910,34900,29697,11753751010,0,0,0
sn2203,20220218,20220218,112350000,11:23:50,338910,34900,29697,11753751010,0,0,0
sn2203,20220218,20220218,112350500,11:23:50,338910,34900,29697,11753751010,0,0,0
sn2203,20220218,20220218,112351000,11:23:51,338910,34900,29697,11753751010,0,0,0
sn2203,20220218,20220218,112351500,11:23:51,338950,34902,29697,11754428880,2,0,677870
sn2203,20220218,20220218,112352000,11:23:52,338950,34905,29696,11755445730,3,-1,1016850
sn2203,20220218,20220218,112352500,11:23:52,338890,34907,29696,11756123510,2,0,677780
sn2203,20220218,20220218,112353000,11:23:53,338890,34907,29696,11756123510,0,0,0
sn2203,20220218,20220218,112353500,11:23:53,338890,34907,29696,11756123510,0,0,0
sn2203,20220218,20220218,112354000,11:23:54,338970,34908,29695,11756462480,1,-1,338970
sn2203,20220218,20220218,112354500,11:23:54,338970,34908,29695,11756462480,0,0,0
sn2203,20220218,20220218,112355000,11:23:55,338970,34908,29695,11756462480,0,0,0
sn2203,20220218,20220218,112355500,11:23:55,338970,34908,29695,11756462480,0,0,0
sn2203,20220218,20220218,112356000,11:23:56,338970,34908,29695,11756462480,0,0,0
sn2203,20220218,20220218,112356500,11:23:56,338970,34908,29695,11756462480,0,0,0
sn2203,20220218,20220218,112357000,11:23:57,338970,34908,29695,11756462480,0,0,0
sn2203,20220218,20220218,112357500,11:23:57,338970,34908,29695,11756462480,0,0,0
sn2203,20220218,20220218,112358000,11:23:58,338970,34908,29695,11756462480,0,0,0
sn2203,20220218,20220218,112358500,11:23:58,338970,34908,29695,11756462480,0,0,0
sn2203,20220218,20220218,112359000,11:23:59,338970,34908,29695,11756462480,0,0,0
sn2203,20220218,20220218,112359500,11:23:59,338970,34908,29695,11756462480,0,0,0
sn2203,20220218,20220218,112400000,11:24:00,338970,34908,29695,11756462480,0,0,0
sn2203,20220218,20220218,112400500,11:24:00,338970,34908,29695,11756462480,0,0,0
sn2203,20220218,20220218,112401000,11:24:01,338970,34908,29695,11756462480,0,0,0
sn2203,20220218,20220218,112401500,11:24:01,338970,34908,29695,11756462480,0,0,0
sn2203,20220218,20220218,112402000,11:24:02,338970,34908,29695,11756462480,0,0,0
sn2203,20220218,20220218,112402500,11:24:02,338970,34908,29695,11756462480,0,0,0
sn2203,20220218,20220218,112403000,11:24:03,338970,34908,29695,11756462480,0,0,0
sn2203,20220218,20220218,112403500,11:24:03,338970,34908,29695,11756462480,0,0,0
sn2203,20220218,20220218,112404000,11:24:04,338970,34908,29695,11756462480,0,0,0
sn2203,20220218,20220218,112404500,11:24:04,338970,34908,29695,11756462480,0,0,0
sn2203,20220218,20220218,112405000,11:24:05,338970,34908,29695,11756462480,0,0,0
sn2203,20220218,20220218,112405500,11:24:05,338970,34908,29695,11756462480,0,0,0
sn2203,20220218,20220218,112406000,11:24:06,338970,34908,29695,11756462480,0,0,0
sn2203,20220218,20220218,112406500,11:24:06,338970,34908,29695,11756462480,0,0,0
sn2203,20220218,20220218,112407000,11:24:07,338970,34908,29695,11756462480,0,0,0
sn2203,20220218,20220218,112407500,11:24:08,338970,34908,29695,11756462480,0,0,0
sn2203,20220218,20220218,112408000,11:24:08,338970,34908,29695,11756462480,0,0,0
sn2203,20220218,20220218,112408500,11:24:08,338970,34911,29695,11757479390,3,0,1016910
sn2203,20220218,20220218,112409000,11:24:09,338970,34911,29695,11757479390,0,0,0
sn2203,20220218,20220218,112409500,11:24:11,338970,34911,29695,11757479390,0,0,0
sn2203,20220218,20220218,112410000,11:24:12,338970,34911,29695,11757479390,0,0,0
sn2203,20220218,20220218,112410500,11:24:12,338970,34911,29695,11757479390,0,0,0
sn2203,20220218,20220218,112411000,11:24:12,338970,34911,29695,11757479390,0,0,0
sn2203,20220218,20220218,112411500,11:24:12,338970,34911,29695,11757479390,0,0,0
sn2203,20220218,20220218,112412000,11:24:12,338970,34911,29695,11757479390,0,0,0
sn2203,20220218,20220218,112412500,11:24:12,338950,34913,29697,11758157250,2,2,677860
sn2203,20220218,20220218,112413000,11:24:13,339000,34914,29697,11758496250,1,0,339000
sn2203,20220218,20220218,112413500,11:24:14,338910,34915,29696,11758835160,1,-1,338910
sn2203,20220218,20220218,112414000,11:24:14,338870,34917,29695,11759512930,2,-1,677770
sn2203,20220218,20220218,112414500,11:24:14,338870,34917,29695,11759512930,0,0,0
sn2203,20220218,20220218,112415000,11:24:15,338870,34917,29695,11759512930,0,0,0
sn2203,20220218,20220218,112415500,11:24:15,338870,34917,29695,11759512930,0,0,0
sn2203,20220218,20220218,112416000,11:24:16,338870,34917,29695,11759512930,0,0,0
sn2203,20220218,20220218,112416500,11:24:16,338870,34917,29695,11759512930,0,0,0
sn2203,20220218,20220218,112417000,11:24:17,338870,34917,29695,11759512930,0,0,0
sn2203,20220218,20220218,112417500,11:24:17,338870,34917,29695,11759512930,0,0,0
sn2203,20220218,20220218,112418000,11:24:18,338870,34917,29695,11759512930,0,0,0
sn2203,20220218,20220218,112418500,11:24:19,338870,34917,29695,11759512930,0,0,0
sn2203,20220218,20220218,112419000,11:24:19,338870,34917,29695,11759512930,0,0,0
sn2203,20220218,20220218,112419500,11:24:19,338870,34917,29695,11759512930,0,0,0
sn2203,20220218,20220218,112420000,11:24:20,338870,34917,29695,11759512930,0,0,0
sn2203,20220218,20220218,112420500,11:24:20,338870,34917,29695,11759512930,0,0,0
sn2203,20220218,20220218,112421000,11:24:21,338870,34917,29695,11759512930,0,0,0
sn2203,20220218,20220218,112421500,11:24:21,338870,34917,29695,11759512930,0,0,0
sn2203,20220218,20220218,112422000,11:24:22,338870,34917,29695,11759512930,0,0,0
sn2203,20220218,20220218,112422500,11:24:22,338870,34917,29695,11759512930,0,0,0
sn2203,20220218,20220218,112423000,11:24:23,338870,34919,29695,11760190670,2,0,677740
sn2203,20220218,20220218,112423500,11:24:23,338870,34919,29695,11760190670,0,0,0
sn2203,20220218,20220218,112424000,11:24:24,338870,34919,29695,11760190670,0,0,0
sn2203,20220218,20220218,112424500,11:24:24,338870,34919,29695,11760190670,0,0,0
sn2203,20220218,20220218,112425000,11:24:25,338870,34919,29695,11760190670,0,0,0
sn2203,20220218,20220218,112425500,11:24:25,338870,34919,29695,11760190670,0,0,0
sn2203,20220218,20220218,112426000,11:24:26,338870,34919,29695,11760190670,0,0,0
sn2203,20220218,20220218,112426500,11:24:26,338860,34920,29695,11760529530,1,0,338860
sn2203,20220218,20220218,112427000,11:24:27,338860,34920,29695,11760529530,0,0,0
sn2203,20220218,20220218,112427500,11:24:28,338860,34920,29695,11760529530,0,0,0
sn2203,20220218,20220218,112428000,11:24:28,338860,34920,29695,11760529530,0,0,0
sn2203,20220218,20220218,112428500,11:24:28,338860,34920,29695,11760529530,0,0,0
sn2203,20220218,20220218,112429000,11:24:29,338860,34920,29695,11760529530,0,0,0
sn2203,20220218,20220218,112429500,11:24:29,338860,34920,29695,11760529530,0,0,0
sn2203,20220218,20220218,112430000,11:24:30,338860,34920,29695,11760529530,0,0,0
sn2203,20220218,20220218,112430500,11:24:30,338860,34920,29695,11760529530,0,0,0
sn2203,20220218,20220218,112431000,11:24:31,338860,34920,29695,11760529530,0,0,0
sn2203,20220218,20220218,112431500,11:24:31,338860,34920,29695,11760529530,0,0,0
sn2203,20220218,20220218,112432000,11:24:32,338860,34920,29695,11760529530,0,0,0
sn2203,20220218,20220218,112432500,11:24:32,338860,34920,29695,11760529530,0,0,0
sn2203,20220218,20220218,112433000,11:24:33,338860,34920,29695,11760529530,0,0,0
sn2203,20220218,20220218,112433500,11:24:33,338860,34920,29695,11760529530,0,0,0
sn2203,20220218,20220218,112434000,11:24:34,338860,34920,29695,11760529530,0,0,0
sn2203,20220218,20220218,112434500,11:24:34,338860,34920,29695,11760529530,0,0,0
sn2203,20220218,20220218,112435000,11:24:35,338860,34920,29695,11760529530,0,0,0
sn2203,20220218,20220218,112435500,11:24:35,338860,34920,29695,11760529530,0,0,0
sn2203,20220218,20220218,112436000,11:24:36,338860,34920,29695,11760529530,0,0,0
sn2203,20220218,20220218,112436500,11:24:36,338860,34920,29695,11760529530,0,0,0
sn2203,20220218,20220218,112437000,11:24:37,338860,34920,29695,11760529530,0,0,0
sn2203,20220218,20220218,112437500,11:24:37,338860,34920,29695,11760529530,0,0,0
sn2203,20220218,20220218,112438000,11:24:39,338860,34920,29695,11760529530,0,0,0
sn2203,20220218,20220218,112438500,11:24:39,338860,34920,29695,11760529530,0,0,0
sn2203,20220218,20220218,112439000,11:24:40,338860,34920,29695,11760529530,0,0,0
sn2203,20220218,20220218,112439500,11:24:40,338860,34920,29695,11760529530,0,0,0
sn2203,20220218,20220218,112440000,11:24:40,338860,34920,29695,11760529530,0,0,0
sn2203,20220218,20220218,112440500,11:24:40,338860,34920,29695,11760529530,0,0,0
sn2203,20220218,20220218,112441000,11:24:41,338860,34920,29695,11760529530,0,0,0
sn2203,20220218,20220218,112441500,11:24:41,338860,34920,29695,11760529530,0,0,0
sn2203,20220218,20220218,112442000,11:24:42,338860,34920,29695,11760529530,0,0,0
sn2203,20220218,20220218,112442500,11:24:42,338860,34920,29695,11760529530,0,0,0
sn2203,20220218,20220218,112443000,11:24:43,338860,34920,29695,11760529530,0,0,0
sn2203,20220218,20220218,112443500,11:24:43,338860,34920,29695,11760529530,0,0,0
sn2203,20220218,20220218,112444000,11:24:44,338860,34920,29695,11760529530,0,0,0
sn2203,20220218,20220218,112444500,11:24:44,338860,34920,29695,11760529530,0,0,0
sn2203,20220218,20220218,112445000,11:24:45,338860,34920,29695,11760529530,0,0,0
sn2203,20220218,20220218,112445500,11:24:45,338860,34920,29695,11760529530,0,0,0
sn2203,20220218,20220218,112446000,11:24:46,338860,34920,29695,11760529530,0,0,0
sn2203,20220218,20220218,112446500,11:24:46,338860,34920,29695,11760529530,0,0,0
sn2203,20220218,20220218,112447000,11:24:47,338860,34920,29695,11760529530,0,0,0
sn2203,20220218,20220218,112447500,11:24:47,338860,34920,29695,11760529530,0,0,0
sn2203,20220218,20220218,112448000,11:24:48,338860,34920,29695,11760529530,0,0,0
sn2203,20220218,20220218,112448500,11:24:48,338860,34920,29695,11760529530,0,0,0
sn2203,20220218,20220218,112449000,11:24:49,338860,34920,29695,11760529530,0,0,0
sn2203,20220218,20220218,112449500,11:24:49,338860,34920,29695,11760529530,0,0,0
sn2203,20220218,20220218,112450000,11:24:50,338860,34920,29695,11760529530,0,0,0
sn2203,20220218,20220218,112450500,11:24:50,338860,34920,29695,11760529530,0,0,0
sn2203,20220218,20220218,112451000,11:24:51,338860,34920,29695,11760529530,0,0,0
sn2203,20220218,20220218,112451500,11:24:51,338860,34920,29695,11760529530,0,0,0
sn2203,20220218,20220218,112452000,11:24:52,338860,34920,29695,11760529530,0,0,0
sn2203,20220218,20220218,112452500,11:24:52,338910,34921,29695,11760868440,1,0,338910
sn2203,20220218,20220218,112453000,11:24:53,338930,34923,29695,11761546300,2,0,677860
sn2203,20220218,20220218,112453500,11:24:53,338930,34923,29695,11761546300,0,0,0
sn2203,20220218,20220218,112454000,11:24:54,338930,34923,29695,11761546300,0,0,0
sn2203,20220218,20220218,112454500,11:24:54,338930,34923,29695,11761546300,0,0,0
sn2203,20220218,20220218,112455000,11:24:55,338930,34923,29695,11761546300,0,0,0
sn2203,20220218,20220218,112455500,11:24:56,338930,34923,29695,11761546300,0,0,0
sn2203,20220218,20220218,112456000,11:24:56,338930,34923,29695,11761546300,0,0,0
sn2203,20220218,20220218,112456500,11:24:56,338930,34923,29695,11761546300,0,0,0
sn2203,20220218,20220218,112457000,11:24:57,338930,34923,29695,11761546300,0,0,0
sn2203,20220218,20220218,112457500,11:24:57,338930,34923,29695,11761546300,0,0,0
sn2203,20220218,20220218,112458000,11:24:58,338930,34923,29695,11761546300,0,0,0
sn2203,20220218,20220218,112458500,11:24:58,338930,34923,29695,11761546300,0,0,0
sn2203,20220218,20220218,112459000,11:24:59,338930,34923,29695,11761546300,0,0,0
sn2203,20220218,20220218,112459500,11:24:59,338930,34923,29695,11761546300,0,0,0
sn2203,20220218,20220218,112500000,11:25:00,338930,34923,29695,11761546300,0,0,0
sn2203,20220218,20220218,112500500,11:25:01,338930,34923,29695,11761546300,0,0,0
sn2203,20220218,20220218,112501000,11:25:01,338930,34923,29695,11761546300,0,0,0
sn2203,20220218,20220218,112501500,11:25:02,338930,34923,29695,11761546300,0,0,0
sn2203,20220218,20220218,112502000,11:25:05,338930,34923,29695,11761546300,0,0,0
sn2203,20220218,20220218,112502500,11:25:05,338840,34924,29694,11761885140,1,-1,338840
sn2203,20220218,20220218,112503000,11:25:06,338840,34924,29694,11761885140,0,0,0
sn2203,20220218,20220218,112505000,11:25:06,338840,34924,29694,11761885140,0,0,0
sn2203,20220218,20220218,112505500,11:25:06,338840,34924,29694,11761885140,0,0,0
sn2203,20220218,20220218,112506000,11:25:06,338840,34924,29694,11761885140,0,0,0
sn2203,20220218,20220218,112506500,11:25:07,338840,34924,29694,11761885140,0,0,0
sn2203,20220218,20220218,112507000,11:25:07,338840,34924,29694,11761885140,0,0,0
sn2203,20220218,20220218,112507500,11:25:07,338840,34924,29694,11761885140,0,0,0
sn2203,20220218,20220218,112508000,11:25:08,338810,34926,29693,11762562770,2,-1,677630
sn2203,20220218,20220218,112508500,11:25:08,338810,34926,29693,11762562770,0,0,0
sn2203,20220218,20220218,112509000,11:25:09,338810,34926,29693,11762562770,0,0,0
sn2203,20220218,20220218,112509500,11:25:09,338810,34926,29693,11762562770,0,0,0
sn2203,20220218,20220218,112510000,11:25:10,338810,34926,29693,11762562770,0,0,0
sn2203,20220218,20220218,112510500,11:25:10,338810,34926,29693,11762562770,0,0,0
sn2203,20220218,20220218,112511000,11:25:11,338810,34926,29693,11762562770,0,0,0
sn2203,20220218,20220218,112511500,11:25:11,338810,34926,29693,11762562770,0,0,0
sn2203,20220218,20220218,112512000,11:25:12,338810,34926,29693,11762562770,0,0,0
sn2203,20220218,20220218,112512500,11:25:12,338810,34926,29693,11762562770,0,0,0
sn2203,20220218,20220218,112513000,11:25:13,338810,34926,29693,11762562770,0,0,0
sn2203,20220218,20220218,112513500,11:25:15,338810,34926,29693,11762562770,0,0,0
sn2203,20220218,20220218,112514000,11:25:15,338820,34927,29693,11762901590,1,0,338820
sn2203,20220218,20220218,112514500,11:25:15,338830,34930,29695,11763918070,3,2,1016480
sn2203,20220218,20220218,112515000,11:25:16,338830,34930,29695,11763918070,0,0,0
sn2203,20220218,20220218,112515500,11:25:16,338830,34930,29695,11763918070,0,0,0
sn2203,20220218,20220218,112516000,11:25:16,338830,34930,29695,11763918070,0,0,0
sn2203,20220218,20220218,112516500,11:25:16,338830,34930,29695,11763918070,0,0,0
sn2203,20220218,20220218,112517000,11:25:17,338830,34930,29695,11763918070,0,0,0
sn2203,20220218,20220218,112517500,11:25:18,338830,34930,29695,11763918070,0,0,0
sn2203,20220218,20220218,112518000,11:25:18,338830,34930,29695,11763918070,0,0,0
sn2203,20220218,20220218,112518500,11:25:19,338830,34930,29695,11763918070,0,0,0
sn2203,20220218,20220218,112519000,11:25:19,338830,34930,29695,11763918070,0,0,0
sn2203,20220218,20220218,112519500,11:25:19,338830,34930,29695,11763918070,0,0,0
sn2203,20220218,20220218,112520000,11:25:20,338830,34930,29695,11763918070,0,0,0
sn2203,20220218,20220218,112520500,11:25:21,338830,34930,29695,11763918070,0,0,0
sn2203,20220218,20220218,112521000,11:25:21,338830,34930,29695,11763918070,0,0,0
sn2203,20220218,20220218,112521500,11:25:22,338830,34930,29695,11763918070,0,0,0
sn2203,20220218,20220218,112522000,11:25:22,338830,34930,29695,11763918070,0,0,0
sn2203,20220218,20220218,112522500,11:25:22,338830,34930,29695,11763918070,0,0,0
sn2203,20220218,20220218,112523000,11:25:23,338830,34930,29695,11763918070,0,0,0
sn2203,20220218,20220218,112523500,11:25:23,338830,34930,29695,11763918070,0,0,0
sn2203,20220218,20220218,112524000,11:25:24,338810,34939,29687,11766967540,9,-8,3049470
sn2203,20220218,20220218,112524500,11:25:25,338810,34942,29685,11767983970,3,-2,1016430
sn2203,20220218,20220218,112525000,11:25:25,338760,34953,29684,11771710510,11,-1,3726540
sn2203,20220218,20220218,112525500,11:25:26,338750,34954,29683,11772049260,1,-1,338750
sn2203,20220218,20220218,112526000,11:25:26,338720,34958,29685,11773404140,4,2,1354880
sn2203,20220218,20220218,112526500,11:25:26,338720,34958,29685,11773404140,0,0,0
sn2203,20220218,20220218,112527000,11:25:27,338720,34958,29685,11773404140,0,0,0
sn2203,20220218,20220218,112527500,11:25:28,338660,34962,29688,11774758780,4,3,1354640
sn2203,20220218,20220218,112528000,11:25:28,338660,34962,29688,11774758780,0,0,0
sn2203,20220218,20220218,112528500,11:25:28,338660,34963,29689,11775097440,1,1,338660
sn2203,20220218,20220218,112529000,11:25:29,338660,34963,29689,11775097440,0,0,0
sn2203,20220218,20220218,112529500,11:25:30,338660,34963,29689,11775097440,0,0,0
sn2203,20220218,20220218,112530000,11:25:30,338660,34963,29689,11775097440,0,0,0
sn2203,20220218,20220218,112530500,11:25:31,338660,34963,29689,11775097440,0,0,0
sn2203,20220218,20220218,112531000,11:25:31,338660,34963,29689,11775097440,0,0,0
sn2203,20220218,20220218,112531500,11:25:31,338660,34963,29689,11775097440,0,0,0
sn2203,20220218,20220218,112532000,11:25:32,338640,34965,29689,11775774720,2,0,677280
sn2203,20220218,20220218,112532500,11:25:32,338640,34968,29688,11776790600,3,-1,1015880
sn2203,20220218,20220218,112533000,11:25:33,338640,34968,29688,11776790600,0,0,0
sn2203,20220218,20220218,112533500,11:25:33,338640,34968,29688,11776790600,0,0,0
sn2203,20220218,20220218,112534000,11:25:34,338640,34968,29688,11776790600,0,0,0
sn2203,20220218,20220218,112534500,11:25:34,338640,34968,29688,11776790600,0,0,0
sn2203,20220218,20220218,112535000,11:25:36,338640,34969,29688,11777129240,1,0,338640
sn2203,20220218,20220218,112535500,11:25:37,338640,34969,29688,11777129240,0,0,0
sn2203,20220218,20220218,112536000,11:25:37,338640,34969,29688,11777129240,0,0,0
sn2203,20220218,20220218,112536500,11:25:37,338640,34969,29688,11777129240,0,0,0
sn2203,20220218,20220218,112537000,11:25:37,338640,34969,29688,11777129240,0,0,0
sn2203,20220218,20220218,112537500,11:25:38,338640,34969,29688,11777129240,0,0,0
sn2203,20220218,20220218,112538000,11:25:38,338640,34969,29688,11777129240,0,0,0
sn2203,20220218,20220218,112538500,11:25:39,338640,34969,29688,11777129240,0,0,0
sn2203,20220218,20220218,112539000,11:25:39,338660,34970,29688,11777467900,1,0,338660
sn2203,20220218,20220218,112539500,11:25:40,338660,34970,29688,11777467900,0,0,0
sn2203,20220218,20220218,112540000,11:25:40,338660,34970,29688,11777467900,0,0,0
sn2203,20220218,20220218,112540500,11:25:40,338660,34970,29688,11777467900,0,0,0
sn2203,20220218,20220218,112541000,11:25:41,338660,34971,29688,11777806560,1,0,338660
sn2203,20220218,20220218,112541500,11:25:41,338660,34971,29688,11777806560,0,0,0
sn2203,20220218,20220218,112542000,11:25:42,338660,34971,29688,11777806560,0,0,0
sn2203,20220218,20220218,112542500,11:25:42,338660,34971,29688,11777806560,0,0,0
sn2203,20220218,20220218,112543000,11:25:43,338660,34972,29688,11778145220,1,0,338660
sn2203,20220218,20220218,112543500,11:25:43,338660,34972,29688,11778145220,0,0,0
sn2203,20220218,20220218,112544000,11:25:44,338660,34972,29688,11778145220,0,0,0
sn2203,20220218,20220218,112544500,11:25:44,338660,34972,29688,11778145220,0,0,0
sn2203,20220218,20220218,112545000,11:25:45,338660,34972,29688,11778145220,0,0,0
sn2203,20220218,20220218,112545500,11:25:46,338660,34972,29688,11778145220,0,0,0
sn2203,20220218,20220218,112546000,11:25:46,338660,34972,29688,11778145220,0,0,0
sn2203,20220218,20220218,112546500,11:25:47,338660,34972,29688,11778145220,0,0,0
sn2203,20220218,20220218,112547000,11:25:48,338660,34972,29688,11778145220,0,0,0
sn2203,20220218,20220218,112547500,11:25:48,338660,34972,29688,11778145220,0,0,0
sn2203,20220218,20220218,112548000,11:25:48,338660,34972,29688,11778145220,0,0,0
sn2203,20220218,20220218,112548500,11:25:48,338660,34972,29688,11778145220,0,0,0
sn2203,20220218,20220218,112549000,11:25:49,338660,34972,29688,11778145220,0,0,0
sn2203,20220218,20220218,112549500,11:25:49,338660,34972,29688,11778145220,0,0,0
sn2203,20220218,20220218,112550000,11:25:50,338660,34972,29688,11778145220,0,0,0
sn2203,20220218,20220218,112550500,11:25:50,338670,34973,29687,11778483890,1,-1,338670
sn2203,20220218,20220218,112551000,11:25:51,338670,34973,29687,11778483890,0,0,0
sn2203,20220218,20220218,112551500,11:25:51,338670,34973,29687,11778483890,0,0,0
sn2203,20220218,20220218,112552000,11:25:52,338670,34973,29687,11778483890,0,0,0
sn2203,20220218,20220218,112552500,11:25:52,338630,34974,29686,11778822520,1,-1,338630
sn2203,20220218,20220218,112553000,11:25:53,338630,34974,29686,11778822520,0,0,0
sn2203,20220218,20220218,112553500,11:25:53,338620,34978,29684,11780177000,4,-2,1354480
sn2203,20220218,20220218,112554000,11:25:54,338610,34980,29683,11780854230,2,-1,677230
sn2203,20220218,20220218,112554500,11:25:54,338610,34981,29683,11781192840,1,0,338610
sn2203,20220218,20220218,112555000,11:25:55,338600,34982,29682,11781531440,1,-1,338600
sn2203,20220218,20220218,112555500,11:25:56,338600,34982,29682,11781531440,0,0,0
sn2203,20220218,20220218,112556000,11:25:57,338600,34982,29682,11781531440,0,0,0
sn2203,20220218,20220218,112556500,11:25:57,338600,34982,29682,11781531440,0,0,0
sn2203,20220218,20220218,112557000,11:25:57,338600,34982,29682,11781531440,0,0,0
sn2203,20220218,20220218,112557500,11:25:57,338600,34982,29682,11781531440,0,0,0
sn2203,20220218,20220218,112558000,11:25:59,338600,34982,29682,11781531440,0,0,0
sn2203,20220218,20220218,112558500,11:25:59,338600,34982,29682,11781531440,0,0,0
sn2203,20220218,20220218,112559000,11:25:59,338530,34983,29681,11781869970,1,-1,338530
sn2203,20220218,20220218,112559500,11:26:00,338530,34984,29681,11782208500,1,0,338530
sn2203,20220218,20220218,112600000,11:26:00,338560,34988,29685,11783562740,4,4,1354240
sn2203,20220218,20220218,112600500,11:26:00,338610,34989,29686,11783901350,1,1,338610
sn2203,20220218,20220218,112601000,11:26:01,338620,34992,29686,11784917200,3,0,1015850
sn2203,20220218,20220218,112601500,11:26:01,338620,34992,29686,11784917200,0,0,0
sn2203,20220218,20220218,112602000,11:26:03,338620,34992,29686,11784917200,0,0,0
sn2203,20220218,20220218,112602500,11:26:03,338620,34992,29686,11784917200,0,0,0
sn2203,20220218,20220218,112603000,11:26:03,338620,34992,29686,11784917200,0,0,0
sn2203,20220218,20220218,112603500,11:26:03,338620,34992,29686,11784917200,0,0,0
sn2203,20220218,20220218,112604000,11:26:04,338620,34992,29686,11784917200,0,0,0
sn2203,20220218,20220218,112604500,11:26:05,338620,34992,29686,11784917200,0,0,0
sn2203,20220218,20220218,112605000,11:26:05,338620,34992,29686,11784917200,0,0,0
sn2203,20220218,20220218,112605500,11:26:05,338620,34992,29686,11784917200,0,0,0
sn2203,20220218,20220218,112606000,11:26:06,338620,34992,29686,11784917200,0,0,0
sn2203,20220218,20220218,112606500,11:26:06,338650,34993,29686,11785255850,1,0,338650
sn2203,20220218,20220218,112607000,11:26:09,338650,34996,29685,11786271800,3,-1,1015950
sn2203,20220218,20220218,112607500,11:26:09,338660,34997,29685,11786610460,1,0,338660
sn2203,20220218,20220218,112608000,11:26:09,338660,34997,29685,11786610460,0,0,0
sn2203,20220218,20220218,112609000,11:26:10,338660,34997,29685,11786610460,0,0,0
sn2203,20220218,20220218,112609500,11:26:10,338660,34997,29685,11786610460,0,0,0
sn2203,20220218,20220218,112610000,11:26:10,338660,34997,29685,11786610460,0,0,0
sn2203,20220218,20220218,112610500,11:26:10,338660,34997,29685,11786610460,0,0,0
sn2203,20220218,20220218,112611000,11:26:11,338660,34997,29685,11786610460,0,0,0
sn2203,20220218,20220218,112611500,11:26:11,338660,34997,29685,11786610460,0,0,0
sn2203,20220218,20220218,112612000,11:26:14,338660,34997,29685,11786610460,0,0,0
sn2203,20220218,20220218,112612500,11:26:14,338660,34997,29685,11786610460,0,0,0
sn2203,20220218,20220218,112613000,11:26:15,338660,34997,29685,11786610460,0,0,0
sn2203,20220218,20220218,112614000,11:26:15,338660,34998,29684,11786949120,1,-1,338660
sn2203,20220218,20220218,112614500,11:26:15,338660,34998,29684,11786949120,0,0,0
sn2203,20220218,20220218,112615000,11:26:16,338660,34998,29684,11786949120,0,0,0
sn2203,20220218,20220218,112615500,11:26:16,338660,34998,29684,11786949120,0,0,0
sn2203,20220218,20220218,112616000,11:26:16,338620,34999,29685,11787287740,1,1,338620
sn2203,20220218,20220218,112616500,11:26:16,338620,34999,29685,11787287740,0,0,0
sn2203,20220218,20220218,112617000,11:26:17,338620,34999,29685,11787287740,0,0,0
sn2203,20220218,20220218,112617500,11:26:17,338620,35000,29685,11787626360,1,0,338620
sn2203,20220218,20220218,112618000,11:26:18,338620,35000,29685,11787626360,0,0,0
sn2203,20220218,20220218,112618500,11:26:18,338620,35000,29685,11787626360,0,0,0
sn2203,20220218,20220218,112619000,11:26:19,338620,35001,29684,11787964980,1,-1,338620
sn2203,20220218,20220218,112619500,11:26:19,338620,35001,29684,11787964980,0,0,0
sn2203,20220218,20220218,112620000,11:26:20,338620,35001,29684,11787964980,0,0,0
sn2203,20220218,20220218,112620500,11:26:20,338620,35001,29684,11787964980,0,0,0
sn2203,20220218,20220218,112621000,11:26:21,338620,35002,29683,11788303600,1,-1,338620
sn2203,20220218,20220218,112621500,11:26:21,338620,35002,29683,11788303600,0,0,0
sn2203,20220218,20220218,112622000,11:26:22,338620,35002,29683,11788303600,0,0,0
sn2203,20220218,20220218,112622500,11:26:22,338620,35002,29683,11788303600,0,0,0
sn2203,20220218,20220218,112623000,11:26:23,338620,35002,29683,11788303600,0,0,0
sn2203,20220218,20220218,112623500,11:26:23,338620,35002,29683,11788303600,0,0,0
sn2203,20220218,20220218,112624000,11:26:24,338620,35002,29683,11788303600,0,0,0
sn2203,20220218,20220218,112624500,11:26:24,338620,35003,29683,11788642220,1,0,338620
sn2203,20220218,20220218,112625000,11:26:25,338610,35005,29682,11789319440,2,-1,677220
sn2203,20220218,20220218,112625500,11:26:25,338610,35005,29682,11789319440,0,0,0
sn2203,20220218,20220218,112626000,11:26:26,338610,35005,29682,11789319440,0,0,0
sn2203,20220218,20220218,112626500,11:26:26,338610,35005,29682,11789319440,0,0,0
sn2203,20220218,20220218,112627000,11:26:27,338610,35005,29682,11789319440,0,0,0
sn2203,20220218,20220218,112627500,11:26:27,338610,35005,29682,11789319440,0,0,0
sn2203,20220218,20220218,112628000,11:26:28,338610,35005,29682,11789319440,0,0,0
sn2203,20220218,20220218,112628500,11:26:28,338610,35005,29682,11789319440,0,0,0
sn2203,20220218,20220218,112629000,11:26:29,338610,35005,29682,11789319440,0,0,0
sn2203,20220218,20220218,112629500,11:26:30,338530,35006,29683,11789657970,1,1,338530
sn2203,20220218,20220218,112630000,11:26:31,338530,35006,29683,11789657970,0,0,0
sn2203,20220218,20220218,112630500,11:26:31,338530,35006,29683,11789657970,0,0,0
sn2203,20220218,20220218,112631000,11:26:31,338530,35006,29683,11789657970,0,0,0
sn2203,20220218,20220218,112631500,11:26:32,338580,35009,29684,11790673660,3,1,1015690
sn2203,20220218,20220218,112632000,11:26:32,338580,35013,29684,11792027980,4,0,1354320
sn2203,20220218,20220218,112632500,11:26:32,338580,35013,29684,11792027980,0,0,0
sn2203,20220218,20220218,112633000,11:26:33,338580,35013,29684,11792027980,0,0,0
sn2203,20220218,20220218,112633500,11:26:34,338580,35013,29684,11792027980,0,0,0
sn2203,20220218,20220218,112634000,11:26:34,338620,35014,29684,11792366600,1,0,338620
sn2203,20220218,20220218,112634500,11:26:37,338630,35015,29683,11792705230,1,-1,338630
sn2203,20220218,20220218,112635000,11:26:37,338630,35015,29683,11792705230,0,0,0
sn2203,20220218,20220218,112635500,11:26:37,338630,35015,29683,11792705230,0,0,0
sn2203,20220218,20220218,112636000,11:26:38,338630,35015,29683,11792705230,0,0,0
sn2203,20220218,20220218,112637000,11:26:54,338690,35018,29680,11793721280,3,-3,1016050
sn2203,20220218,20220218,112637500,11:26:54,338700,35019,29680,11794059980,1,0,338700
sn2203,20220218,20220218,112638000,11:27:10,338800,35022,29679,11795076380,3,-1,1016400
sn2203,20220218,20220218,112638500,11:27:10,338800,35022,29679,11795076380,0,0,0
sn2203,20220218,20220218,112653500,11:27:11,338800,35022,29679,11795076380,0,0,0
sn2203,20220218,20220218,112654000,11:27:12,338800,35022,29679,11795076380,0,0,0
sn2203,20220218,20220218,112710000,11:27:12,338800,35022,29679,11795076380,0,0,0
sn2203,20220218,20220218,112710500,11:27:12,338800,35022,29679,11795076380,0,0,0
sn2203,20220218,20220218,112712000,11:27:13,338810,35054,29679,11805916380,32,0,10840000
sn2203,20220218,20220218,112712500,11:27:13,338740,35055,29680,11806255120,1,1,338740
sn2203,20220218,20220218,112713000,11:27:13,338740,35055,29680,11806255120,0,0,0
sn2203,20220218,20220218,112713500,11:27:14,338740,35055,29680,11806255120,0,0,0
sn2203,20220218,20220218,112714000,11:27:14,338740,35055,29680,11806255120,0,0,0
sn2203,20220218,20220218,112714500,11:27:15,338740,35057,29678,11806932600,2,-2,677480
sn2203,20220218,20220218,112715000,11:27:15,338740,35060,29677,11807948820,3,-1,1016220
sn2203,20220218,20220218,112715500,11:27:16,338740,35060,29677,11807948820,0,0,0
sn2203,20220218,20220218,112716000,11:27:16,338740,35060,29677,11807948820,0,0,0
sn2203,20220218,20220218,112716500,11:27:17,338740,35060,29677,11807948820,0,0,0
sn2203,20220218,20220218,112717000,11:27:17,338740,35060,29677,11807948820,0,0,0
sn2203,20220218,20220218,112717500,11:27:17,338740,35060,29677,11807948820,0,0,0
sn2203,20220218,20220218,112718000,11:27:18,338740,35060,29677,11807948820,0,0,0
sn2203,20220218,20220218,112718500,11:27:19,338740,35060,29677,11807948820,0,0,0
sn2203,20220218,20220218,112719000,11:27:19,338740,35060,29677,11807948820,0,0,0
sn2203,20220218,20220218,112719500,11:27:20,338740,35060,29677,11807948820,0,0,0
sn2203,20220218,20220218,112720000,11:27:20,338830,35066,29673,11809981680,6,-4,2032860
sn2203,20220218,20220218,112720500,11:27:21,338830,35067,29673,11810320510,1,0,338830
sn2203,20220218,20220218,112721000,11:27:21,338830,35067,29673,11810320510,0,0,0
sn2203,20220218,20220218,112721500,11:27:22,338690,35072,29669,11812013980,5,-4,1693470
sn2203,20220218,20220218,112722000,11:27:22,338690,35072,29669,11812013980,0,0,0
sn2203,20220218,20220218,112722500,11:27:22,338690,35072,29669,11812013980,0,0,0
sn2203,20220218,20220218,112723000,11:27:26,338690,35072,29669,11812013980,0,0,0
sn2203,20220218,20220218,112723500,11:27:27,338690,35072,29669,11812013980,0,0,0
sn2203,20220218,20220218,112724000,11:27:27,338690,35072,29669,11812013980,0,0,0
sn2203,20220218,20220218,112724500,11:27:27,338690,35072,29669,11812013980,0,0,0
sn2203,20220218,20220218,112726500,11:27:27,338690,35072,29669,11812013980,0,0,0
sn2203,20220218,20220218,112727000,11:27:27,338690,35072,29669,11812013980,0,0,0
sn2203,20220218,20220218,112727500,11:27:27,338690,35072,29669,11812013980,0,0,0
sn2203,20220218,20220218,112728000,11:27:28,338690,35072,29669,11812013980,0,0,0
sn2203,20220218,20220218,112728500,11:27:28,338690,35072,29669,11812013980,0,0,0
sn2203,20220218,20220218,112729000,11:27:29,338690,35075,29667,11813030060,3,-2,1016080
sn2203,20220218,20220218,112729500,11:27:29,338690,35082,29665,11815400890,7,-2,2370830
sn2203,20220218,20220218,112730000,11:27:30,338690,35082,29665,11815400890,0,0,0
sn2203,20220218,20220218,112730500,11:27:31,338690,35082,29665,11815400890,0,0,0
sn2203,20220218,20220218,112731000,11:27:31,338690,35082,29665,11815400890,0,0,0
sn2203,20220218,20220218,112731500,11:27:35,338690,35082,29665,11815400890,0,0,0
sn2203,20220218,20220218,112732000,11:27:35,338690,35082,29665,11815400890,0,0,0
sn2203,20220218,20220218,112732500,11:27:36,338690,35082,29665,11815400890,0,0,0
sn2203,20220218,20220218,112735500,11:27:36,338690,35082,29665,11815400890,0,0,0
sn2203,20220218,20220218,112736000,11:27:36,338690,35082,29665,11815400890,0,0,0
sn2203,20220218,20220218,112736500,11:27:37,338690,35082,29665,11815400890,0,0,0
sn2203,20220218,20220218,112737000,11:27:38,338600,35085,29666,11816416710,3,1,1015820
sn2203,20220218,20220218,112737500,11:27:38,338600,35086,29667,11816755310,1,1,338600
sn2203,20220218,20220218,112738000,11:27:38,338600,35086,29667,11816755310,0,0,0
sn2203,20220218,20220218,112738500,11:27:39,338600,35086,29667,11816755310,0,0,0
sn2203,20220218,20220218,112739000,11:27:39,338600,35086,29667,11816755310,0,0,0
sn2203,20220218,20220218,112739500,11:27:39,338600,35087,29667,11817093910,1,0,338600
sn2203,20220218,20220218,112740000,11:27:40,338600,35087,29667,11817093910,0,0,0
sn2203,20220218,20220218,112740500,11:27:40,338600,35088,29667,11817432510,1,0,338600
sn2203,20220218,20220218,112741000,11:27:41,338600,35088,29667,11817432510,0,0,0
sn2203,20220218,20220218,112741500,11:27:41,338600,35091,29666,11818448310,3,-1,1015800
sn2203,20220218,20220218,112742000,11:27:42,338600,35091,29666,11818448310,0,0,0
sn2203,20220218,20220218,112742500,11:27:43,338600,35091,29666,11818448310,0,0,0
sn2203,20220218,20220218,112743000,11:27:43,338600,35091,29666,11818448310,0,0,0
sn2203,20220218,20220218,112743500,11:27:43,338600,35091,29666,11818448310,0,0,0
sn2203,20220218,20220218,112744000,11:27:44,338600,35091,29666,11818448310,0,0,0
sn2203,20220218,20220218,112744500,11:27:45,338600,35091,29666,11818448310,0,0,0
sn2203,20220218,20220218,112745000,11:27:45,338600,35091,29666,11818448310,0,0,0
sn2203,20220218,20220218,112745500,11:27:46,338600,35091,29666,11818448310,0,0,0
sn2203,20220218,20220218,112746000,11:27:46,338600,35091,29666,11818448310,0,0,0
sn2203,20220218,20220218,112746500,11:27:47,338600,35091,29666,11818448310,0,0,0
sn2203,20220218,20220218,112747000,11:27:47,338600,35091,29666,11818448310,0,0,0
sn2203,20220218,20220218,112747500,11:27:47,338600,35091,29666,11818448310,0,0,0
sn2203,20220218,20220218,112748000,11:27:48,338600,35091,29666,11818448310,0,0,0
sn2203,20220218,20220218,112748500,11:27:54,338600,35091,29666,11818448310,0,0,0
sn2203,20220218,20220218,112749000,11:27:54,338600,35091,29666,11818448310,0,0,0
sn2203,20220218,20220218,112749500,11:27:54,338600,35091,29666,11818448310,0,0,0
sn2203,20220218,20220218,112754000,11:27:54,338600,35091,29666,11818448310,0,0,0
sn2203,20220218,20220218,112754500,11:27:54,338600,35091,29666,11818448310,0,0,0
sn2203,20220218,20220218,112755000,11:27:55,338600,35091,29666,11818448310,0,0,0
sn2203,20220218,20220218,112755500,11:27:55,338600,35091,29666,11818448310,0,0,0
sn2203,20220218,20220218,112756000,11:27:56,338600,35091,29666,11818448310,0,0,0
sn2203,20220218,20220218,112756500,11:27:56,338600,35091,29666,11818448310,0,0,0
sn2203,20220218,20220218,112757000,11:27:57,338600,35093,29667,11819125510,2,1,677200
sn2203,20220218,20220218,112757500,11:27:57,338600,35093,29667,11819125510,0,0,0
sn2203,20220218,20220218,112758000,11:27:58,338600,35093,29667,11819125510,0,0,0
sn2203,20220218,20220218,112758500,11:27:58,338600,35093,29667,11819125510,0,0,0
sn2203,20220218,20220218,112759000,11:27:59,338600,35093,29667,11819125510,0,0,0
sn2203,20220218,20220218,112759500,11:27:59,338600,35093,29667,11819125510,0,0,0
sn2203,20220218,20220218,112800000,11:28:00,338600,35093,29667,11819125510,0,0,0
sn2203,20220218,20220218,112800500,11:28:01,338600,35093,29667,11819125510,0,0,0
sn2203,20220218,20220218,112801000,11:28:01,338600,35093,29667,11819125510,0,0,0
sn2203,20220218,20220218,112801500,11:28:02,338600,35093,29667,11819125510,0,0,0
sn2203,20220218,20220218,112802000,11:28:03,338580,35094,29667,11819464090,1,0,338580
sn2203,20220218,20220218,112802500,11:28:03,338580,35094,29667,11819464090,0,0,0
sn2203,20220218,20220218,112803000,11:28:04,338580,35095,29668,11819802670,1,1,338580
sn2203,20220218,20220218,112803500,11:28:04,338580,35095,29668,11819802670,0,0,0
sn2203,20220218,20220218,112804000,11:28:04,338580,35095,29668,11819802670,0,0,0
sn2203,20220218,20220218,112804500,11:28:05,338580,35095,29668,11819802670,0,0,0
sn2203,20220218,20220218,112805000,11:28:06,338580,35095,29668,11819802670,0,0,0
sn2203,20220218,20220218,112805500,11:28:06,338580,35095,29668,11819802670,0,0,0
sn2203,20220218,20220218,112806000,11:28:08,338580,35095,29668,11819802670,0,0,0
sn2203,20220218,20220218,112806500,11:28:10,338580,35095,29668,11819802670,0,0,0
sn2203,20220218,20220218,112807000,11:28:10,338580,35095,29668,11819802670,0,0,0
sn2203,20220218,20220218,112807500,11:28:10,338580,35095,29668,11819802670,0,0,0
sn2203,20220218,20220218,112810000,11:28:11,338580,35096,29668,11820141250,1,0,338580
sn2203,20220218,20220218,112810500,11:28:11,338580,35096,29668,11820141250,0,0,0
sn2203,20220218,20220218,112811000,11:28:12,338580,35096,29668,11820141250,0,0,0
sn2203,20220218,20220218,112811500,11:28:12,338580,35096,29668,11820141250,0,0,0
sn2203,20220218,20220218,112812000,11:28:12,338580,35096,29668,11820141250,0,0,0
sn2203,20220218,20220218,112812500,11:28:13,338580,35096,29668,11820141250,0,0,0
sn2203,20220218,20220218,112813000,11:28:13,338580,35096,29668,11820141250,0,0,0
sn2203,20220218,20220218,112813500,11:28:13,338580,35096,29668,11820141250,0,0,0
sn2203,20220218,20220218,112814000,11:28:14,338580,35097,29667,11820479830,1,-1,338580
sn2203,20220218,20220218,112814500,11:28:14,338610,35106,29671,11823527210,9,4,3047380
sn2203,20220218,20220218,112815000,11:28:15,338610,35106,29671,11823527210,0,0,0
sn2203,20220218,20220218,112815500,11:28:15,338580,35107,29671,11823865790,1,0,338580
sn2203,20220218,20220218,112816000,11:28:16,338540,35108,29670,11824204330,1,-1,338540
sn2203,20220218,20220218,112816500,11:28:16,338540,35109,29671,11824542870,1,1,338540
sn2203,20220218,20220218,112817000,11:28:17,338540,35109,29671,11824542870,0,0,0
sn2203,20220218,20220218,112817500,11:28:17,338540,35109,29671,11824542870,0,0,0
sn2203,20220218,20220218,112818000,11:28:18,338540,35109,29671,11824542870,0,0,0
sn2203,20220218,20220218,112818500,11:28:18,338540,35109,29671,11824542870,0,0,0
sn2203,20220218,20220218,112819000,11:28:19,338540,35109,29671,11824542870,0,0,0
sn2203,20220218,20220218,112819500,11:28:19,338540,35109,29671,11824542870,0,0,0
sn2203,20220218,20220218,112820000,11:28:20,338540,35109,29671,11824542870,0,0,0
sn2203,20220218,20220218,112820500,11:28:20,338540,35109,29671,11824542870,0,0,0
sn2203,20220218,20220218,112821000,11:28:21,338540,35109,29671,11824542870,0,0,0
sn2203,20220218,20220218,112821500,11:28:21,338540,35109,29671,11824542870,0,0,0
sn2203,20220218,20220218,112822000,11:28:22,338540,35109,29671,11824542870,0,0,0
sn2203,20220218,20220218,112822500,11:28:22,338540,35109,29671,11824542870,0,0,0
sn2203,20220218,20220218,112823000,11:28:23,338540,35109,29671,11824542870,0,0,0
sn2203,20220218,20220218,112823500,11:28:23,338540,35109,29671,11824542870,0,0,0
sn2203,20220218,20220218,112824000,11:28:24,338540,35109,29671,11824542870,0,0,0
sn2203,20220218,20220218,112824500,11:28:24,338540,35109,29671,11824542870,0,0,0
sn2203,20220218,20220218,112825000,11:28:25,338540,35109,29671,11824542870,0,0,0
sn2203,20220218,20220218,112825500,11:28:25,338670,35110,29672,11824881540,1,1,338670
sn2203,20220218,20220218,112826000,11:28:26,338670,35110,29672,11824881540,0,0,0
sn2203,20220218,20220218,112826500,11:28:26,338670,35110,29672,11824881540,0,0,0
sn2203,20220218,20220218,112827000,11:28:27,338670,35110,29672,11824881540,0,0,0
sn2203,20220218,20220218,112827500,11:28:27,338670,35110,29672,11824881540,0,0,0
sn2203,20220218,20220218,112828000,11:28:28,338670,35111,29671,11825220210,1,-1,338670
sn2203,20220218,20220218,112828500,11:28:28,338670,35111,29671,11825220210,0,0,0
sn2203,20220218,20220218,112829000,11:28:29,338670,35111,29671,11825220210,0,0,0
sn2203,20220218,20220218,112829500,11:28:29,338670,35111,29671,11825220210,0,0,0
sn2203,20220218,20220218,112830000,11:28:30,338670,35111,29671,11825220210,0,0,0
sn2203,20220218,20220218,112830500,11:28:31,338650,35112,29671,11825558860,1,0,338650
sn2203,20220218,20220218,112831000,11:28:31,338650,35112,29671,11825558860,0,0,0
sn2203,20220218,20220218,112831500,11:28:31,338550,35113,29671,11825897410,1,0,338550
sn2203,20220218,20220218,112832000,11:28:32,338540,35115,29670,11826574490,2,-1,677080
sn2203,20220218,20220218,112832500,11:28:33,338540,35115,29670,11826574490,0,0,0
sn2203,20220218,20220218,112833000,11:28:33,338540,35115,29670,11826574490,0,0,0
sn2203,20220218,20220218,112833500,11:28:33,338540,35115,29670,11826574490,0,0,0
sn2203,20220218,20220218,112834000,11:28:34,338530,35116,29671,11826913020,1,1,338530
sn2203,20220218,20220218,112834500,11:28:34,338530,35117,29671,11827251550,1,0,338530
sn2203,20220218,20220218,112835000,11:28:35,338530,35117,29671,11827251550,0,0,0
sn2203,20220218,20220218,112835500,11:28:35,338530,35117,29671,11827251550,0,0,0
sn2203,20220218,20220218,112836000,11:28:37,338530,35117,29671,11827251550,0,0,0
sn2203,20220218,20220218,112836500,11:28:37,338530,35117,29671,11827251550,0,0,0
sn2203,20220218,20220218,112837000,11:28:37,338530,35117,29671,11827251550,0,0,0
sn2203,20220218,20220218,112837500,11:28:37,338530,35117,29671,11827251550,0,0,0
sn2203,20220218,20220218,112838000,11:28:38,338530,35117,29671,11827251550,0,0,0
sn2203,20220218,20220218,112838500,11:28:38,338530,35117,29671,11827251550,0,0,0
sn2203,20220218,20220218,112839000,11:28:39,338530,35117,29671,11827251550,0,0,0
sn2203,20220218,20220218,112839500,11:28:40,338530,35117,29671,11827251550,0,0,0
sn2203,20220218,20220218,112840000,11:28:40,338530,35117,29671,11827251550,0,0,0
sn2203,20220218,20220218,112840500,11:28:40,338650,35118,29671,11827590200,1,0,338650
sn2203,20220218,20220218,112841000,11:28:41,338650,35118,29671,11827590200,0,0,0
sn2203,20220218,20220218,112841500,11:28:41,338650,35118,29671,11827590200,0,0,0
sn2203,20220218,20220218,112842000,11:28:42,338650,35118,29671,11827590200,0,0,0
sn2203,20220218,20220218,112842500,11:28:42,338530,35119,29670,11827928730,1,-1,338530
sn2203,20220218,20220218,112843000,11:28:43,338530,35119,29670,11827928730,0,0,0
sn2203,20220218,20220218,112843500,11:28:44,338530,35119,29670,11827928730,0,0,0
sn2203,20220218,20220218,112844000,11:28:44,338530,35119,29670,11827928730,0,0,0
sn2203,20220218,20220218,112844500,11:28:44,338530,35119,29670,11827928730,0,0,0
sn2203,20220218,20220218,112845000,11:28:45,338530,35119,29670,11827928730,0,0,0
sn2203,20220218,20220218,112845500,11:28:45,338530,35119,29670,11827928730,0,0,0
sn2203,20220218,20220218,112846000,11:28:46,338530,35119,29670,11827928730,0,0,0
sn2203,20220218,20220218,112846500,11:28:46,338530,35119,29670,11827928730,0,0,0
sn2203,20220218,20220218,112847000,11:28:47,338530,35119,29670,11827928730,0,0,0
sn2203,20220218,20220218,112847500,11:28:48,338530,35119,29670,11827928730,0,0,0
sn2203,20220218,20220218,112848000,11:28:48,338530,35119,29670,11827928730,0,0,0
sn2203,20220218,20220218,112848500,11:28:48,338530,35119,29670,11827928730,0,0,0
sn2203,20220218,20220218,112849000,11:28:49,338530,35119,29670,11827928730,0,0,0
sn2203,20220218,20220218,112849500,11:28:50,338530,35119,29670,11827928730,0,0,0
sn2203,20220218,20220218,112850000,11:28:50,338530,35120,29671,11828267260,1,1,338530
sn2203,20220218,20220218,112850500,11:28:50,338530,35120,29671,11828267260,0,0,0
sn2203,20220218,20220218,112851000,11:28:51,338530,35120,29671,11828267260,0,0,0
sn2203,20220218,20220218,112851500,11:28:51,338530,35120,29671,11828267260,0,0,0
sn2203,20220218,20220218,112852000,11:28:52,338530,35120,29671,11828267260,0,0,0
sn2203,20220218,20220218,112852500,11:28:53,338530,35120,29671,11828267260,0,0,0
sn2203,20220218,20220218,112853000,11:28:54,338630,35121,29670,11828605890,1,-1,338630
sn2203,20220218,20220218,112853500,11:28:54,338530,35122,29670,11828944420,1,0,338530
sn2203,20220218,20220218,112854000,11:28:54,338530,35122,29670,11828944420,0,0,0
sn2203,20220218,20220218,112854500,11:28:54,338530,35122,29670,11828944420,0,0,0
sn2203,20220218,20220218,112855000,11:28:55,338530,35122,29670,11828944420,0,0,0
sn2203,20220218,20220218,112855500,11:28:55,338530,35122,29670,11828944420,0,0,0
sn2203,20220218,20220218,112856000,11:28:56,338530,35122,29670,11828944420,0,0,0
sn2203,20220218,20220218,112856500,11:28:56,338530,35122,29670,11828944420,0,0,0
sn2203,20220218,20220218,112857000,11:28:57,338530,35122,29670,11828944420,0,0,0
sn2203,20220218,20220218,112857500,11:28:58,338530,35122,29670,11828944420,0,0,0
sn2203,20220218,20220218,112858000,11:28:58,338530,35122,29670,11828944420,0,0,0
sn2203,20220218,20220218,112858500,11:28:59,338640,35124,29668,11829621700,2,-2,677280
sn2203,20220218,20220218,112859000,11:28:59,338640,35124,29668,11829621700,0,0,0
sn2203,20220218,20220218,112859500,11:28:59,338640,35124,29668,11829621700,0,0,0
sn2203,20220218,20220218,112900000,11:29:00,338640,35124,29668,11829621700,0,0,0
sn2203,20220218,20220218,112900500,11:29:01,338640,35124,29668,11829621700,0,0,0
sn2203,20220218,20220218,112901000,11:29:01,338560,35125,29668,11829960260,1,0,338560
sn2203,20220218,20220218,112901500,11:29:01,338560,35125,29668,11829960260,0,0,0
sn2203,20220218,20220218,112902000,11:29:02,338640,35128,29667,11830976070,3,-1,1015810
sn2203,20220218,20220218,112902500,11:29:03,338640,35128,29667,11830976070,0,0,0
sn2203,20220218,20220218,112903000,11:29:03,338640,35128,29667,11830976070,0,0,0
sn2203,20220218,20220218,112903500,11:29:03,338640,35128,29667,11830976070,0,0,0
sn2203,20220218,20220218,112904000,11:29:04,338640,35128,29667,11830976070,0,0,0
sn2203,20220218,20220218,112904500,11:29:04,338640,35128,29667,11830976070,0,0,0
sn2203,20220218,20220218,112905000,11:29:05,338640,35128,29667,11830976070,0,0,0
sn2203,20220218,20220218,112905500,11:29:06,338640,35128,29667,11830976070,0,0,0
sn2203,20220218,20220218,112906000,11:29:06,338640,35128,29667,11830976070,0,0,0
sn2203,20220218,20220218,112906500,11:29:06,338640,35128,29667,11830976070,0,0,0
sn2203,20220218,20220218,112907000,11:29:07,338640,35128,29667,11830976070,0,0,0
sn2203,20220218,20220218,112907500,11:29:08,338640,35128,29667,11830976070,0,0,0
sn2203,20220218,20220218,112908000,11:29:08,338640,35128,29667,11830976070,0,0,0
sn2203,20220218,20220218,112908500,11:29:08,338640,35128,29667,11830976070,0,0,0
sn2203,20220218,20220218,112909000,11:29:09,338640,35128,29667,11830976070,0,0,0
sn2203,20220218,20220218,112909500,11:29:09,338640,35128,29667,11830976070,0,0,0
sn2203,20220218,20220218,112910000,11:29:10,338640,35128,29667,11830976070,0,0,0
sn2203,20220218,20220218,112910500,11:29:10,338640,35128,29667,11830976070,0,0,0
sn2203,20220218,20220218,112911000,11:29:11,338640,35128,29667,11830976070,0,0,0
sn2203,20220218,20220218,112911500,11:29:11,338640,35128,29667,11830976070,0,0,0
sn2203,20220218,20220218,112912000,11:29:12,338640,35128,29667,11830976070,0,0,0
sn2203,20220218,20220218,112912500,11:29:12,338640,35128,29667,11830976070,0,0,0
sn2203,20220218,20220218,112913000,11:29:13,338640,35128,29667,11830976070,0,0,0
sn2203,20220218,20220218,112913500,11:29:14,338640,35128,29667,11830976070,0,0,0
sn2203,20220218,20220218,112914000,11:29:14,338640,35128,29667,11830976070,0,0,0
sn2203,20220218,20220218,112914500,11:29:14,338640,35128,29667,11830976070,0,0,0
sn2203,20220218,20220218,112915000,11:29:15,338640,35128,29667,11830976070,0,0,0
sn2203,20220218,20220218,112915500,11:29:16,338640,35128,29667,11830976070,0,0,0
sn2203,20220218,20220218,112916000,11:29:16,338640,35128,29667,11830976070,0,0,0
sn2203,20220218,20220218,112916500,11:29:16,338580,35130,29666,11831653230,2,-1,677160
sn2203,20220218,20220218,112917000,11:29:20,338560,35134,29668,11833007510,4,2,1354280
sn2203,20220218,20220218,112917500,11:29:20,338560,35134,29668,11833007510,0,0,0
sn2203,20220218,20220218,112918000,11:29:21,338560,35134,29668,11833007510,0,0,0
sn2203,20220218,20220218,112920500,11:29:22,338560,35134,29668,11833007510,0,0,0
sn2203,20220218,20220218,112921000,11:29:22,338560,35134,29668,11833007510,0,0,0
sn2203,20220218,20220218,112921500,11:29:23,338560,35134,29668,11833007510,0,0,0
sn2203,20220218,20220218,112922000,11:29:24,338560,35134,29668,11833007510,0,0,0
sn2203,20220218,20220218,112922500,11:29:24,338560,35134,29668,11833007510,0,0,0
sn2203,20220218,20220218,112923000,11:29:24,338560,35134,29668,11833007510,0,0,0
sn2203,20220218,20220218,112923500,11:29:24,338560,35134,29668,11833007510,0,0,0
sn2203,20220218,20220218,112924000,11:29:24,338660,35136,29666,11833684710,2,-2,677200
sn2203,20220218,20220218,112924500,11:29:24,338660,35138,29666,11834362030,2,0,677320
sn2203,20220218,20220218,112925000,11:29:25,338660,35138,29666,11834362030,0,0,0
sn2203,20220218,20220218,112925500,11:29:25,338660,35138,29666,11834362030,0,0,0
sn2203,20220218,20220218,112926000,11:29:26,338660,35138,29666,11834362030,0,0,0
sn2203,20220218,20220218,112926500,11:29:26,338660,35139,29665,11834700690,1,-1,338660
sn2203,20220218,20220218,112927000,11:29:27,338660,35140,29666,11835039350,1,1,338660
sn2203,20220218,20220218,112927500,11:29:27,338660,35140,29666,11835039350,0,0,0
sn2203,20220218,20220218,112928000,11:29:28,338660,35140,29666,11835039350,0,0,0
sn2203,20220218,20220218,112928500,11:29:28,338530,35142,29664,11835716420,2,-2,677070
sn2203,20220218,20220218,112929000,11:29:29,338660,35143,29665,11836055080,1,1,338660
sn2203,20220218,20220218,112929500,11:29:29,338660,35143,29665,11836055080,0,0,0
sn2203,20220218,20220218,112930000,11:29:30,338660,35143,29665,11836055080,0,0,0
sn2203,20220218,20220218,112930500,11:29:30,338660,35143,29665,11836055080,0,0,0
sn2203,20220218,20220218,112931000,11:29:32,338660,35143,29665,11836055080,0,0,0
sn2203,20220218,20220218,112931500,11:29:32,338660,35143,29665,11836055080,0,0,0
sn2203,20220218,20220218,112932000,11:29:32,338660,35144,29664,11836393740,1,-1,338660
sn2203,20220218,20220218,112932500,11:29:36,338550,35145,29663,11836732290,1,-1,338550
sn2203,20220218,20220218,112933000,11:29:37,338550,35146,29662,11837070840,1,-1,338550
sn2203,20220218,20220218,112933500,11:29:37,338550,35146,29662,11837070840,0,0,0
sn2203,20220218,20220218,112936500,11:29:38,338550,35146,29662,11837070840,0,0,0
sn2203,20220218,20220218,112937000,11:29:38,338550,35146,29662,11837070840,0,0,0
sn2203,20220218,20220218,112937500,11:29:38,338550,35146,29662,11837070840,0,0,0
sn2203,20220218,20220218,112938000,11:29:38,338550,35146,29662,11837070840,0,0,0
sn2203,20220218,20220218,112938500,11:29:38,338550,35146,29662,11837070840,0,0,0
sn2203,20220218,20220218,112939000,11:29:39,338610,35149,29659,11838086640,3,-3,1015800
sn2203,20220218,20220218,112939500,11:29:39,338610,35149,29659,11838086640,0,0,0
sn2203,20220218,20220218,112942000,11:29:42,338550,35151,29658,11838763740,2,-1,677100
sn2203,20220218,20220218,112942500,11:29:44,338550,35154,29657,11839779390,3,-1,1015650
sn2203,20220218,20220218,112943000,11:29:45,338550,35154,29657,11839779390,0,0,0
sn2203,20220218,20220218,112943500,11:29:45,338550,35154,29657,11839779390,0,0,0
sn2203,20220218,20220218,112944000,11:29:45,338550,35154,29657,11839779390,0,0,0
sn2203,20220218,20220218,112944500,11:29:46,338550,35154,29657,11839779390,0,0,0
sn2203,20220218,20220218,112945500,11:29:46,338560,35155,29657,11840117950,1,0,338560
sn2203,20220218,20220218,112948000,11:29:48,338560,35156,29657,11840456510,1,0,338560
sn2203,20220218,20220218,112948500,11:29:49,338610,35157,29657,11840795120,1,0,338610
sn2203,20220218,20220218,112949000,11:29:50,338550,35158,29656,11841133670,1,-1,338550
sn2203,20220218,20220218,112949500,11:29:50,338550,35158,29656,11841133670,0,0,0
sn2203,20220218,20220218,112950000,11:29:51,338550,35159,29655,11841472220,1,-1,338550
sn2203,20220218,20220218,112950500,11:29:51,338550,35159,29655,11841472220,0,0,0
sn2203,20220218,20220218,112952500,11:29:53,338520,35161,29653,11842149290,2,-2,677070
sn2203,20220218,20220218,112953000,11:29:53,338490,35164,29654,11843164810,3,1,1015520
sn2203,20220218,20220218,112953500,11:29:54,338400,35174,29655,11846548530,10,1,3383720
sn2203,20220218,20220218,112954000,11:29:54,338400,35174,29655,11846548530,0,0,0
sn2203,20220218,20220218,112954500,11:29:54,338400,35174,29655,11846548530,0,0,0
sn2203,20220218,20220218,112955500,11:29:55,338460,35175,29654,11846886990,1,-1,338460
sn2203,20220218,20220218,112956000,11:29:56,338460,35175,29654,11846886990,0,0,0
sn2203,20220218,20220218,112956500,11:30:00,338460,35175,29654,11846886990,0,0,0
sn2203,20220218,20220218,112957000,11:30:00,338460,35175,29654,11846886990,0,0,0
sn2203,20220218,20220218,112957500,11:30:02,338500,35176,29654,11847225490,1,0,338500
sn2203,20220218,20220218,112959500,11:30:02,338500,35176,29654,11847225490,0,0,0
sn2203,20220218,20220218,113000000,11:30:03,338500,35176,29654,11847225490,0,0,0
sn2203,20220218,20220218,113001500,11:30:03,338500,35176,29654,11847225490,0,0,0
sn2203,20220218,20220218,133002000,13:30:08,338500,35180,29655,11848579490,4,1,1354000
sn2203,20220218,20220218,133002500,13:30:08,338500,35180,29655,11848579490,0,0,0
sn2203,20220218,20220218,133008500,13:30:10,338370,35214,29638,11860081800,34,-17,11502310
sn2203,20220218,20220218,133009500,13:30:11,338160,35216,29638,11860758120,2,0,676320
sn2203,20220218,20220218,133010000,13:30:11,338330,35220,29637,11862110930,4,-1,1352810
sn2203,20220218,20220218,133010500,13:30:11,338320,35229,29638,11865155700,9,1,3044770
sn2203,20220218,20220218,133011000,13:30:12,338310,35234,29642,11866847200,5,4,1691500
sn2203,20220218,20220218,133011500,13:30:13,338260,35236,29641,11867523730,2,-1,676530
sn2203,20220218,20220218,133012500,13:30:13,338220,35240,29640,11868876640,4,-1,1352910
sn2203,20220218,20220218,133013000,13:30:13,338220,35240,29640,11868876640,0,0,0
sn2203,20220218,20220218,133013500,13:30:14,338210,35246,29641,11870905900,6,1,2029260
sn2203,20220218,20220218,133014000,13:30:15,338160,35248,29641,11871582270,2,0,676370
sn2203,20220218,20220218,133014500,13:30:16,338270,35249,29641,11871920540,1,0,338270
sn2203,20220218,20220218,133015000,13:30:17,338270,35249,29641,11871920540,0,0,0
sn2203,20220218,20220218,133016500,13:30:18,338330,35257,29642,11874627030,8,1,2706490
sn2203,20220218,20220218,133017000,13:30:18,338230,35260,29641,11875641720,3,-1,1014690
sn2203,20220218,20220218,133017500,13:30:19,338230,35265,29639,11877332870,5,-2,1691150
sn2203,20220218,20220218,133018000,13:30:19,338330,35266,29640,11877671200,1,1,338330
sn2203,20220218,20220218,133018500,13:30:20,338430,35269,29640,11878686290,3,0,1015090
sn2203,20220218,20220218,133019000,13:30:20,338430,35269,29640,11878686290,0,0,0
sn2203,20220218,20220218,133019500,13:30:20,338430,35270,29640,11879024720,1,0,338430
sn2203,20220218,20220218,133020000,13:30:21,338170,35271,29639,11879362890,1,-1,338170
sn2203,20220218,20220218,133020500,13:30:21,338170,35272,29639,11879701060,1,0,338170
sn2203,20220218,20220218,133021000,13:30:21,338200,35274,29640,11880377710,2,1,676650
sn2203,20220218,20220218,133021500,13:30:22,338370,35277,29640,11881392740,3,0,1015030
sn2203,20220218,20220218,133022000,13:30:22,338170,35282,29638,11883084100,5,-2,1691360
sn2203,20220218,20220218,133022500,13:30:38,338170,35282,29638,11883084100,0,0,0
sn2203,20220218,20220218,133023000,13:30:38,338170,35282,29638,11883084100,0,0,0
sn2203,20220218,20220218,133038000,13:30:41,338170,35282,29638,11883084100,0,0,0
sn2203,20220218,20220218,133038500,13:30:41,338110,35325,29636,11897628790,43,-2,14544690
sn2203,20220218,20220218,133040500,13:30:43,338110,35325,29636,11897628790,0,0,0
sn2203,20220218,20220218,133041000,13:30:43,338110,35325,29636,11897628790,0,0,0
sn2203,20220218,20220218,133041500,13:30:43,338090,35328,29636,11898643060,3,0,1014270
sn2203,20220218,20220218,133042500,13:30:44,338090,35328,29636,11898643060,0,0,0
sn2203,20220218,20220218,133043000,13:30:44,338090,35328,29636,11898643060,0,0,0
sn2203,20220218,20220218,133043500,13:30:44,338080,35338,29642,11902023860,10,6,3380800
sn2203,20220218,20220218,133044500,13:30:46,338080,35338,29642,11902023860,0,0,0
sn2203,20220218,20220218,133045000,13:30:46,338170,35343,29642,11903714660,5,0,1690800
sn2203,20220218,20220218,133045500,13:30:46,338170,35344,29641,11904052830,1,-1,338170
sn2203,20220218,20220218,133046000,13:30:47,338340,35347,29641,11905067510,3,0,1014680
sn2203,20220218,20220218,133046500,13:30:47,338340,35347,29641,11905067510,0,0,0
sn2203,20220218,20220218,133047000,13:30:47,338170,35348,29640,11905405680,1,-1,338170
sn2203,20220218,20220218,133047500,13:30:48,338170,35348,29640,11905405680,0,0,0
sn2203,20220218,20220218,133048000,13:30:48,338170,35348,29640,11905405680,0,0,0
sn2203,20220218,20220218,133048500,13:30:49,338170,35348,29640,11905405680,0,0,0
sn2203,20220218,20220218,133049000,13:30:49,338340,35351,29637,11906420600,3,-3,1014920
sn2203,20220218,20220218,133049500,13:30:50,338360,35354,29637,11907435680,3,0,1015080
sn2203,20220218,20220218,133050000,13:30:50,338310,35358,29635,11908789070,4,-2,1353390
sn2203,20220218,20220218,133050500,13:30:51,338450,35359,29636,11909127520,1,1,338450
sn2203,20220218,20220218,133051000,13:30:52,338460,35360,29636,11909465980,1,0,338460
sn2203,20220218,20220218,133051500,13:30:52,338460,35360,29636,11909465980,0,0,0
sn2203,20220218,20220218,133052000,13:30:52,338460,35360,29636,11909465980,0,0,0
sn2203,20220218,20220218,133052500,13:30:53,338460,35360,29636,11909465980,0,0,0
sn2203,20220218,20220218,133053000,13:30:54,338460,35360,29636,11909465980,0,0,0
sn2203,20220218,20220218,133054500,13:30:55,338520,35361,29635,11909804500,1,-1,338520
sn2203,20220218,20220218,133055000,13:30:55,338520,35361,29635,11909804500,0,0,0
sn2203,20220218,20220218,133055500,13:30:56,338380,35362,29636,11910142880,1,1,338380
sn2203,20220218,20220218,133056000,13:30:56,338380,35362,29636,11910142880,0,0,0
sn2203,20220218,20220218,133056500,13:30:57,338380,35362,29636,11910142880,0,0,0
sn2203,20220218,20220218,133057000,13:30:57,338380,35362,29636,11910142880,0,0,0
sn2203,20220218,20220218,133057500,13:30:58,338380,35362,29636,11910142880,0,0,0
sn2203,20220218,20220218,133058000,13:30:58,338380,35362,29636,11910142880,0,0,0
sn2203,20220218,20220218,133058500,13:30:59,338380,35362,29636,11910142880,0,0,0
sn2203,20220218,20220218,133059000,13:30:59,338380,35362,29636,11910142880,0,0,0
sn2203,20220218,20220218,133059500,13:30:59,338350,35363,29635,11910481230,1,-1,338350
sn2203,20220218,20220218,133100000,13:31:00,338350,35363,29635,11910481230,0,0,0
sn2203,20220218,20220218,133100500,13:31:00,338350,35363,29635,11910481230,0,0,0
sn2203,20220218,20220218,133101000,13:31:01,338350,35363,29635,11910481230,0,0,0
sn2203,20220218,20220218,133101500,13:31:01,338340,35364,29636,11910819570,1,1,338340
sn2203,20220218,20220218,133102000,13:31:02,338340,35364,29636,11910819570,0,0,0
sn2203,20220218,20220218,133102500,13:31:02,338340,35364,29636,11910819570,0,0,0
sn2203,20220218,20220218,133103000,13:31:03,338340,35364,29636,11910819570,0,0,0
sn2203,20220218,20220218,133103500,13:31:04,338450,35367,29634,11911834910,3,-2,1015340
sn2203,20220218,20220218,133104000,13:31:06,338350,35370,29632,11912850070,3,-2,1015160
sn2203,20220218,20220218,133104500,13:31:06,338350,35370,29632,11912850070,0,0,0
sn2203,20220218,20220218,133105500,13:31:08,338440,35371,29631,11913188510,1,-1,338440
sn2203,20220218,20220218,133106000,13:31:08,338440,35371,29631,11913188510,0,0,0
sn2203,20220218,20220218,133107500,13:31:09,338440,35372,29631,11913526950,1,0,338440
sn2203,20220218,20220218,133108500,13:31:09,338430,35375,29630,11914542060,3,-1,1015110
sn2203,20220218,20220218,133109000,13:31:09,338430,35375,29630,11914542060,0,0,0
sn2203,20220218,20220218,133109500,13:31:10,338430,35375,29630,11914542060,0,0,0
sn2203,20220218,20220218,133110000,13:31:11,338430,35376,29630,11914880490,1,0,338430
sn2203,20220218,20220218,133110500,13:31:11,338430,35376,29630,11914880490,0,0,0
sn2203,20220218,20220218,133111500,13:31:12,338430,35376,29630,11914880490,0,0,0
sn2203,20220218,20220218,133112000,13:31:12,338420,35382,29634,11916911000,6,4,2030510
sn2203,20220218,20220218,133112500,13:31:13,338420,35383,29634,11917249420,1,0,338420
sn2203,20220218,20220218,133113000,13:31:13,338430,35384,29634,11917587850,1,0,338430
sn2203,20220218,20220218,133113500,13:31:14,338430,35393,29632,11920634150,9,-2,3046300
sn2203,20220218,20220218,133114000,13:31:15,338460,35400,29630,11923003960,7,-2,2369810
sn2203,20220218,20220218,133114500,13:31:15,338460,35400,29630,11923003960,0,0,0
sn2203,20220218,20220218,133115000,13:31:15,338630,35401,29629,11923342590,1,-1,338630
sn2203,20220218,20220218,133115500,13:31:15,338670,35402,29629,11923681260,1,0,338670
sn2203,20220218,20220218,133116000,13:31:16,338670,35402,29629,11923681260,0,0,0
sn2203,20220218,20220218,133116500,13:31:17,338670,35403,29628,11924019930,1,-1,338670
sn2203,20220218,20220218,133117000,13:31:17,338550,35404,29627,11924358480,1,-1,338550
sn2203,20220218,20220218,133117500,13:31:18,338550,35404,29627,11924358480,0,0,0
sn2203,20220218,20220218,133118000,13:31:18,338550,35404,29627,11924358480,0,0,0
sn2203,20220218,20220218,133118500,13:31:19,338650,35406,29627,11925035730,2,0,677250
sn2203,20220218,20220218,133119000,13:31:19,338540,35408,29627,11925712930,2,0,677200
sn2203,20220218,20220218,133119500,13:31:20,338540,35408,29627,11925712930,0,0,0
sn2203,20220218,20220218,133120000,13:31:20,338540,35409,29628,11926051470,1,1,338540
sn2203,20220218,20220218,133120500,13:31:21,338500,35416,29630,11928420970,7,2,2369500
sn2203,20220218,20220218,133121000,13:31:21,338570,35419,29630,11929436590,3,0,1015620
sn2203,20220218,20220218,133121500,13:31:21,338560,35421,29630,11930113710,2,0,677120
sn2203,20220218,20220218,133122000,13:31:22,338560,35421,29630,11930113710,0,0,0
sn2203,20220218,20220218,133122500,13:31:23,338560,35421,29630,11930113710,0,0,0
sn2203,20220218,20220218,133123000,13:31:25,338560,35421,29630,11930113710,0,0,0
sn2203,20220218,20220218,133123500,13:31:25,338560,35421,29630,11930113710,0,0,0
sn2203,20220218,20220218,133124000,13:31:25,338560,35421,29630,11930113710,0,0,0
sn2203,20220218,20220218,133124500,13:31:25,338560,35421,29630,11930113710,0,0,0
sn2203,20220218,20220218,133156000,13:31:56,338560,35421,29630,11930113710,0,0,0
sn2203,20220218,20220218,133158000,13:31:58,338570,35422,29631,11930452280,1,1,338570
sn2203,20220218,20220218,133158500,13:31:58,338620,35423,29632,11930790900,1,1,338620
sn2203,20220218,20220218,133159500,13:32:00,338620,35423,29632,11930790900,0,0,0
sn2203,20220218,20220218,133201000,13:32:01,338430,35525,29633,11965323240,102,1,34532340
sn2203,20220218,20220218,133201500,13:32:01,338430,35525,29633,11965323240,0,0,0
sn2203,20220218,20220218,133202000,13:32:03,338430,35525,29633,11965323240,0,0,0
sn2203,20220218,20220218,133202500,13:32:03,338480,35527,29632,11966000200,2,-1,676960
sn2203,20220218,20220218,133203000,13:32:04,338480,35529,29632,11966677160,2,0,676960
sn2203,20220218,20220218,133203500,13:32:05,338480,35529,29632,11966677160,0,0,0
sn2203,20220218,20220218,133204000,13:32:05,338480,35529,29632,11966677160,0,0,0
sn2203,20220218,20220218,133205000,13:32:06,338480,35529,29632,11966677160,0,0,0
sn2203,20220218,20220218,133205500,13:32:06,338360,35531,29633,11967354000,2,1,676840
sn2203,20220218,20220218,133206000,13:32:06,338340,35533,29634,11968030680,2,1,676680
sn2203,20220218,20220218,133206500,13:32:07,338340,35533,29634,11968030680,0,0,0
sn2203,20220218,20220218,133207000,13:32:07,338340,35533,29634,11968030680,0,0,0
sn2203,20220218,20220218,133207500,13:32:07,338340,35533,29634,11968030680,0,0,0
sn2203,20220218,20220218,133208000,13:32:09,338270,35541,29628,11970736940,8,-6,2706260
sn2203,20220218,20220218,133208500,13:32:10,338270,35541,29628,11970736940,0,0,0
sn2203,20220218,20220218,133209000,13:32:10,338220,35544,29628,11971751660,3,0,1014720
sn2203,20220218,20220218,133209500,13:32:10,338270,35546,29626,11972428200,2,-2,676540
sn2203,20220218,20220218,133210000,13:32:10,338200,35548,29626,11973104630,2,0,676430
sn2203,20220218,20220218,133210500,13:32:13,338210,35560,29627,11977162970,12,1,4058340
sn2203,20220218,20220218,133211000,13:32:14,338240,35565,29626,11978854090,5,-1,1691120
sn2203,20220218,20220218,133213000,13:32:15,338240,35565,29626,11978854090,0,0,0
sn2203,20220218,20220218,133213500,13:32:15,338240,35565,29626,11978854090,0,0,0
sn2203,20220218,20220218,133214000,13:32:15,338240,35565,29626,11978854090,0,0,0
sn2203,20220218,20220218,133214500,13:32:16,338240,35565,29626,11978854090,0,0,0
sn2203,20220218,20220218,133215000,13:32:16,338170,35572,29623,11981221330,7,-3,2367240
sn2203,20220218,20220218,133215500,13:32:16,338170,35572,29623,11981221330,0,0,0
sn2203,20220218,20220218,133216000,13:32:17,338170,35572,29623,11981221330,0,0,0
sn2203,20220218,20220218,133216500,13:32:17,338170,35572,29623,11981221330,0,0,0
sn2203,20220218,20220218,133217000,13:32:17,338170,35572,29623,11981221330,0,0,0
sn2203,20220218,20220218,133217500,13:32:18,338170,35572,29623,11981221330,0,0,0
sn2203,20220218,20220218,133218000,13:32:18,338170,35573,29622,11981559500,1,-1,338170
sn2203,20220218,20220218,133218500,13:32:18,338170,35573,29622,11981559500,0,0,0
sn2203,20220218,20220218,133219000,13:32:19,338170,35574,29622,11981897670,1,0,338170
sn2203,20220218,20220218,133219500,13:32:20,338170,35575,29621,11982235840,1,-1,338170
sn2203,20220218,20220218,133220000,13:32:20,338170,35578,29618,11983250350,3,-3,1014510
sn2203,20220218,20220218,133220500,13:32:21,338170,35578,29618,11983250350,0,0,0
sn2203,20220218,20220218,133221000,13:32:21,338170,35579,29618,11983588520,1,0,338170
sn2203,20220218,20220218,133221500,13:32:22,338180,35583,29619,11984941240,4,1,1352720
sn2203,20220218,20220218,133222000,13:32:22,338180,35583,29619,11984941240,0,0,0
sn2203,20220218,20220218,133222500,13:32:23,338160,35584,29619,11985279400,1,0,338160
sn2203,20220218,20220218,133223000,13:32:24,338160,35584,29619,11985279400,0,0,0
sn2203,20220218,20220218,133223500,13:32:24,338160,35586,29619,11985955720,2,0,676320
sn2203,20220218,20220218,133224000,13:32:24,338160,35586,29619,11985955720,0,0,0
sn2203,20220218,20220218,133224500,13:32:24,338160,35586,29619,11985955720,0,0,0
sn2203,20220218,20220218,133225000,13:32:25,338170,35591,29619,11987646530,5,0,1690810
sn2203,20220218,20220218,133225500,13:32:25,338170,35591,29619,11987646530,0,0,0
sn2203,20220218,20220218,133226000,13:32:27,338170,35591,29619,11987646530,0,0,0
sn2203,20220218,20220218,133226500,13:32:27,338170,35591,29619,11987646530,0,0,0
sn2203,20220218,20220218,133227000,13:32:27,338170,35591,29619,11987646530,0,0,0
sn2203,20220218,20220218,133227500,13:32:27,338200,35592,29619,11987984730,1,0,338200
sn2203,20220218,20220218,133228000,13:32:32,338200,35592,29619,11987984730,0,0,0
sn2203,20220218,20220218,133228500,13:32:32,338200,35592,29619,11987984730,0,0,0
sn2203,20220218,20220218,133229000,13:32:33,338200,35592,29619,11987984730,0,0,0
sn2203,20220218,20220218,133229500,13:32:33,338200,35592,29619,11987984730,0,0,0
sn2203,20220218,20220218,133232000,13:32:35,338230,35595,29618,11988999400,3,-1,1014670
sn2203,20220218,20220218,133232500,13:32:35,338230,35595,29618,11988999400,0,0,0
sn2203,20220218,20220218,133234500,13:32:35,338230,35595,29618,11988999400,0,0,0
sn2203,20220218,20220218,133235000,13:32:36,338230,35595,29618,11988999400,0,0,0
sn2203,20220218,20220218,133235500,13:32:36,338200,35598,29616,11990014180,3,-2,1014780
sn2203,20220218,20220218,133236000,13:32:36,338200,35598,29616,11990014180,0,0,0
sn2203,20220218,20220218,133236500,13:32:37,338170,35604,29620,11992043720,6,4,2029540
sn2203,20220218,20220218,133237000,13:32:37,338170,35604,29620,11992043720,0,0,0
sn2203,20220218,20220218,133237500,13:32:37,338170,35604,29620,11992043720,0,0,0
sn2203,20220218,20220218,133238000,13:32:38,338200,35609,29620,11993735040,5,0,1691320
sn2203,20220218,20220218,133238500,13:32:39,338200,35609,29620,11993735040,0,0,0
sn2203,20220218,20220218,133239000,13:32:39,338200,35609,29620,11993735040,0,0,0
sn2203,20220218,20220218,133239500,13:32:40,338200,35609,29620,11993735040,0,0,0
sn2203,20220218,20220218,133240000,13:32:40,338200,35609,29620,11993735040,0,0,0
sn2203,20220218,20220218,133240500,13:32:40,338200,35609,29620,11993735040,0,0,0
sn2203,20220218,20220218,133241000,13:32:41,338200,35609,29620,11993735040,0,0,0
sn2203,20220218,20220218,133241500,13:32:42,338200,35609,29620,11993735040,0,0,0
sn2203,20220218,20220218,133242000,13:32:42,338200,35609,29620,11993735040,0,0,0
sn2203,20220218,20220218,133242500,13:32:42,338200,35609,29620,11993735040,0,0,0
sn2203,20220218,20220218,133243000,13:32:43,338200,35609,29620,11993735040,0,0,0
sn2203,20220218,20220218,133243500,13:32:43,338200,35609,29620,11993735040,0,0,0
sn2203,20220218,20220218,133244000,13:32:44,338200,35609,29620,11993735040,0,0,0
sn2203,20220218,20220218,133244500,13:32:45,338330,35612,29620,11994750030,3,0,1014990
sn2203,20220218,20220218,133245000,13:32:45,338330,35614,29620,11995426690,2,0,676660
sn2203,20220218,20220218,133245500,13:32:45,338330,35614,29620,11995426690,0,0,0
sn2203,20220218,20220218,133246000,13:32:47,338330,35614,29620,11995426690,0,0,0
sn2203,20220218,20220218,133246500,13:32:47,338330,35614,29620,11995426690,0,0,0
sn2203,20220218,20220218,133247000,13:32:47,338330,35614,29620,11995426690,0,0,0
sn2203,20220218,20220218,133247500,13:32:48,338220,35615,29620,11995764910,1,0,338220
sn2203,20220218,20220218,133248000,13:32:48,338220,35615,29620,11995764910,0,0,0
sn2203,20220218,20220218,133248500,13:32:49,338230,35616,29620,11996103140,1,0,338230
sn2203,20220218,20220218,133249000,13:32:49,338230,35616,29620,11996103140,0,0,0
sn2203,20220218,20220218,133249500,13:32:50,338180,35617,29619,11996441320,1,-1,338180
sn2203,20220218,20220218,133250000,13:32:50,338170,35618,29619,11996779490,1,0,338170
sn2203,20220218,20220218,133250500,13:32:52,338170,35618,29619,11996779490,0,0,0
sn2203,20220218,20220218,133251000,13:32:52,338170,35618,29619,11996779490,0,0,0
sn2203,20220218,20220218,133251500,13:32:53,338170,35618,29619,11996779490,0,0,0
sn2203,20220218,20220218,133252000,13:32:53,338110,35625,29617,11999146520,7,-2,2367030
sn2203,20220218,20220218,133252500,13:32:53,338110,35625,29617,11999146520,0,0,0
sn2203,20220218,20220218,133253000,13:32:53,338110,35625,29617,11999146520,0,0,0
sn2203,20220218,20220218,133253500,13:32:54,338110,35625,29617,11999146520,0,0,0
sn2203,20220218,20220218,133254000,13:32:54,338110,35625,29617,11999146520,0,0,0
sn2203,20220218,20220218,133254500,13:32:54,338110,35625,29617,11999146520,0,0,0
sn2203,20220218,20220218,133255000,13:32:55,338110,35625,29617,11999146520,0,0,0
sn2203,20220218,20220218,133255500,13:32:55,338110,35625,29617,11999146520,0,0,0
sn2203,20220218,20220218,133256000,13:32:56,338110,35625,29617,11999146520,0,0,0
sn2203,20220218,20220218,133256500,13:32:56,338110,35625,29617,11999146520,0,0,0
sn2203,20220218,20220218,133257000,13:32:59,338160,35626,29617,11999484680,1,0,338160
sn2203,20220218,20220218,133257500,13:33:00,338160,35626,29617,11999484680,0,0,0
sn2203,20220218,20220218,133258000,13:33:00,338160,35626,29617,11999484680,0,0,0
sn2203,20220218,20220218,133258500,13:33:00,338160,35626,29617,11999484680,0,0,0
sn2203,20220218,20220218,133259500,13:33:01,338160,35626,29617,11999484680,0,0,0
sn2203,20220218,20220218,133300000,13:33:01,338160,35626,29617,11999484680,0,0,0
sn2203,20220218,20220218,133300500,13:33:01,338160,35626,29617,11999484680,0,0,0
sn2203,20220218,20220218,133301000,13:33:02,338160,35626,29617,11999484680,0,0,0
sn2203,20220218,20220218,133301500,13:33:02,338160,35633,29612,12001851550,7,-5,2366870
sn2203,20220218,20220218,133302000,13:33:02,338160,35634,29612,12002189710,1,0,338160
sn2203,20220218,20220218,133302500,13:33:03,338130,35636,29612,12002865970,2,0,676260
sn2203,20220218,20220218,133303000,13:33:03,338100,35641,29608,12004556410,5,-4,1690440
sn2203,20220218,20220218,133303500,13:33:04,338100,35641,29608,12004556410,0,0,0
sn2203,20220218,20220218,133304000,13:33:04,338100,35641,29608,12004556410,0,0,0
sn2203,20220218,20220218,133304500,13:33:05,338100,35645,29608,12005908810,4,0,1352400
sn2203,20220218,20220218,133305000,13:33:05,338030,35650,29607,12007599140,5,-1,1690330
sn2203,20220218,20220218,133305500,13:33:05,338030,35650,29607,12007599140,0,0,0
sn2203,20220218,20220218,133306000,13:33:06,338030,35651,29607,12007937170,1,0,338030
sn2203,20220218,20220218,133306500,13:33:06,338030,35670,29600,12014359260,19,-7,6422090
sn2203,20220218,20220218,133307000,13:33:07,338000,35671,29600,12014697260,1,0,338000
sn2203,20220218,20220218,133307500,13:33:08,337920,35674,29598,12015711110,3,-2,1013850
sn2203,20220218,20220218,133308000,13:33:08,337920,35678,29596,12017062790,4,-2,1351680
sn2203,20220218,20220218,133308500,13:33:09,337920,35680,29595,12017738630,2,-1,675840
sn2203,20220218,20220218,133309000,13:33:09,337920,35680,29595,12017738630,0,0,0
sn2203,20220218,20220218,133309500,13:33:10,338000,35685,29596,12019428600,5,1,1689970
sn2203,20220218,20220218,133310000,13:33:11,338000,35693,29594,12022132340,8,-2,2703740
sn2203,20220218,20220218,133310500,13:33:12,338030,35696,29595,12023146350,3,1,1014010
sn2203,20220218,20220218,133311000,13:33:14,338030,35696,29595,12023146350,0,0,0
sn2203,20220218,20220218,133311500,13:33:14,338030,35696,29595,12023146350,0,0,0
sn2203,20220218,20220218,133312000,13:33:14,338040,35697,29595,12023484390,1,0,338040
sn2203,20220218,20220218,133312500,13:33:14,338000,35702,29595,12025174480,5,0,1690090
sn2203,20220218,20220218,133313500,13:33:15,338040,35704,29595,12025850560,2,0,676080
sn2203,20220218,20220218,133314000,13:33:15,338000,35709,29594,12027540600,5,-1,1690040
sn2203,20220218,20220218,133314500,13:33:17,338000,35709,29594,12027540600,0,0,0
sn2203,20220218,20220218,133315000,13:33:18,337960,35712,29594,12028554490,3,0,1013890
sn2203,20220218,20220218,133315500,13:33:18,338070,35714,29594,12029230600,2,0,676110
sn2203,20220218,20220218,133317500,13:33:19,338040,35736,29601,12036666300,22,7,7435700
sn2203,20220218,20220218,133318000,13:33:19,338040,35736,29601,12036666300,0,0,0
sn2203,20220218,20220218,133318500,13:33:19,337940,35738,29599,12037342180,2,-2,675880
sn2203,20220218,20220218,133319000,13:33:20,337930,35739,29599,12037680110,1,0,337930
sn2203,20220218,20220218,133319500,13:33:20,337910,35742,29599,12038693880,3,0,1013770
sn2203,20220218,20220218,133320000,13:33:21,337910,35742,29599,12038693880,0,0,0
sn2203,20220218,20220218,133320500,13:33:21,337910,35742,29599,12038693880,0,0,0
sn2203,20220218,20220218,133321000,13:33:22,337910,35742,29599,12038693880,0,0,0
sn2203,20220218,20220218,133321500,13:33:22,337910,35742,29599,12038693880,0,0,0
sn2203,20220218,20220218,133322000,13:33:22,337910,35742,29599,12038693880,0,0,0
sn2203,20220218,20220218,133322500,13:33:22,337910,35742,29599,12038693880,0,0,0
sn2203,20220218,20220218,133323000,13:33:23,337910,35742,29599,12038693880,0,0,0
sn2203,20220218,20220218,133323500,13:33:24,337930,35743,29599,12039031810,1,0,337930
sn2203,20220218,20220218,133324000,13:33:24,337930,35743,29599,12039031810,0,0,0
sn2203,20220218,20220218,133324500,13:33:25,337910,35746,29596,12040045560,3,-3,1013750
sn2203,20220218,20220218,133325000,13:33:26,337910,35746,29596,12040045560,0,0,0
sn2203,20220218,20220218,133325500,13:33:26,337910,35746,29596,12040045560,0,0,0
sn2203,20220218,20220218,133326000,13:33:27,337910,35746,29596,12040045560,0,0,0
sn2203,20220218,20220218,133326500,13:33:29,337910,35746,29596,12040045560,0,0,0
sn2203,20220218,20220218,133327000,13:33:29,337910,35746,29596,12040045560,0,0,0
sn2203,20220218,20220218,133327500,13:33:29,337910,35746,29596,12040045560,0,0,0
sn2203,20220218,20220218,133328500,13:33:30,337910,35746,29596,12040045560,0,0,0
sn2203,20220218,20220218,133329000,13:33:30,337910,35746,29596,12040045560,0,0,0
sn2203,20220218,20220218,133329500,13:33:30,338050,35748,29597,12040721580,2,1,676020
sn2203,20220218,20220218,133330000,13:33:30,338050,35748,29597,12040721580,0,0,0
sn2203,20220218,20220218,133330500,13:33:31,338050,35748,29597,12040721580,0,0,0
sn2203,20220218,20220218,133331000,13:33:32,338050,35748,29597,12040721580,0,0,0
sn2203,20220218,20220218,133331500,13:33:32,338110,35750,29597,12041397770,2,0,676190
sn2203,20220218,20220218,133332000,13:33:32,338110,35750,29597,12041397770,0,0,0
sn2203,20220218,20220218,133332500,13:33:33,338110,35750,29597,12041397770,0,0,0
sn2203,20220218,20220218,133333000,13:33:33,338110,35750,29597,12041397770,0,0,0
sn2203,20220218,20220218,133333500,13:33:33,338040,35754,29594,12042749940,4,-3,1352170
sn2203,20220218,20220218,133334000,13:33:34,338040,35754,29594,12042749940,0,0,0
sn2203,20220218,20220218,133334500,13:33:34,338120,35755,29594,12043088060,1,0,338120
sn2203,20220218,20220218,133335000,13:33:35,338120,35755,29594,12043088060,0,0,0
sn2203,20220218,20220218,133335500,13:33:35,338120,35755,29594,12043088060,0,0,0
sn2203,20220218,20220218,133336000,13:33:36,338120,35755,29594,12043088060,0,0,0
sn2203,20220218,20220218,133336500,13:33:36,338120,35755,29594,12043088060,0,0,0
sn2203,20220218,20220218,133337000,13:33:37,338120,35755,29594,12043088060,0,0,0
sn2203,20220218,20220218,133337500,13:33:37,338120,35755,29594,12043088060,0,0,0
sn2203,20220218,20220218,133338000,13:33:38,338120,35755,29594,12043088060,0,0,0
sn2203,20220218,20220218,133338500,13:33:39,338130,35756,29594,12043426190,1,0,338130
sn2203,20220218,20220218,133339000,13:33:39,338130,35756,29594,12043426190,0,0,0
sn2203,20220218,20220218,133339500,13:33:40,338130,35757,29594,12043764320,1,0,338130
sn2203,20220218,20220218,133340000,13:33:40,338130,35757,29594,12043764320,0,0,0
sn2203,20220218,20220218,133340500,13:33:41,338130,35757,29594,12043764320,0,0,0
sn2203,20220218,20220218,133341000,13:33:41,338130,35757,29594,12043764320,0,0,0
sn2203,20220218,20220218,133341500,13:33:42,338130,35757,29594,12043764320,0,0,0
sn2203,20220218,20220218,133342000,13:33:42,338070,35758,29595,12044102390,1,1,338070
sn2203,20220218,20220218,133342500,13:33:42,338070,35758,29595,12044102390,0,0,0
sn2203,20220218,20220218,133343000,13:33:43,338070,35758,29595,12044102390,0,0,0
sn2203,20220218,20220218,133343500,13:33:43,338070,35758,29595,12044102390,0,0,0
sn2203,20220218,20220218,133344000,13:33:44,338070,35758,29595,12044102390,0,0,0
sn2203,20220218,20220218,133344500,13:33:45,338070,35758,29595,12044102390,0,0,0
sn2203,20220218,20220218,133345000,13:33:45,338070,35758,29595,12044102390,0,0,0
sn2203,20220218,20220218,133345500,13:33:46,338070,35758,29595,12044102390,0,0,0
sn2203,20220218,20220218,133346000,13:33:47,338070,35758,29595,12044102390,0,0,0
sn2203,20220218,20220218,133346500,13:33:48,338070,35758,29595,12044102390,0,0,0
sn2203,20220218,20220218,133347000,13:33:48,338170,35759,29595,12044440560,1,0,338170
sn2203,20220218,20220218,133347500,13:33:49,338170,35760,29594,12044778730,1,-1,338170
sn2203,20220218,20220218,133348000,13:33:49,338170,35760,29594,12044778730,0,0,0
sn2203,20220218,20220218,133348500,13:33:49,338170,35760,29594,12044778730,0,0,0
sn2203,20220218,20220218,133349000,13:33:50,338170,35760,29594,12044778730,0,0,0
sn2203,20220218,20220218,133349500,13:33:50,338170,35760,29594,12044778730,0,0,0
sn2203,20220218,20220218,133350000,13:33:50,338170,35760,29594,12044778730,0,0,0
sn2203,20220218,20220218,133350500,13:33:50,338070,35761,29594,12045116800,1,0,338070
sn2203,20220218,20220218,133351000,13:33:51,338070,35761,29594,12045116800,0,0,0
sn2203,20220218,20220218,133351500,13:33:52,338150,35762,29594,12045454950,1,0,338150
sn2203,20220218,20220218,133352000,13:33:52,338150,35762,29594,12045454950,0,0,0
sn2203,20220218,20220218,133352500,13:33:52,338150,35762,29594,12045454950,0,0,0
sn2203,20220218,20220218,133353000,13:33:53,338150,35762,29594,12045454950,0,0,0
sn2203,20220218,20220218,133353500,13:33:53,338160,35763,29594,12045793110,1,0,338160
sn2203,20220218,20220218,133354000,13:33:54,338160,35763,29594,12045793110,0,0,0
sn2203,20220218,20220218,133354500,13:33:54,338160,35763,29594,12045793110,0,0,0
sn2203,20220218,20220218,133355000,13:33:56,338160,35763,29594,12045793110,0,0,0
sn2203,20220218,20220218,133355500,13:33:56,338160,35763,29594,12045793110,0,0,0
sn2203,20220218,20220218,133356000,13:33:56,338160,35763,29594,12045793110,0,0,0
sn2203,20220218,20220218,133356500,13:33:57,338170,35764,29594,12046131280,1,0,338170
sn2203,20220218,20220218,133357000,13:33:57,338170,35764,29594,12046131280,0,0,0
sn2203,20220218,20220218,133357500,13:33:58,338170,35764,29594,12046131280,0,0,0
sn2203,20220218,20220218,133358000,13:33:58,338170,35764,29594,12046131280,0,0,0
sn2203,20220218,20220218,133358500,13:33:58,338040,35765,29595,12046469320,1,1,338040
sn2203,20220218,20220218,133359000,13:33:59,338040,35765,29595,12046469320,0,0,0
sn2203,20220218,20220218,133359500,13:33:59,338040,35765,29595,12046469320,0,0,0
sn2203,20220218,20220218,133400000,13:34:00,338040,35767,29595,12047145400,2,0,676080
sn2203,20220218,20220218,133400500,13:34:00,338040,35767,29595,12047145400,0,0,0
sn2203,20220218,20220218,133401000,13:34:01,338150,35768,29595,12047483550,1,0,338150
sn2203,20220218,20220218,133401500,13:34:02,338150,35768,29595,12047483550,0,0,0
sn2203,20220218,20220218,133402000,13:34:02,338150,35768,29595,12047483550,0,0,0
sn2203,20220218,20220218,133402500,13:34:10,338150,35768,29595,12047483550,0,0,0
sn2203,20220218,20220218,133403000,13:34:10,338150,35768,29595,12047483550,0,0,0
sn2203,20220218,20220218,133403500,13:34:11,338150,35768,29595,12047483550,0,0,0
sn2203,20220218,20220218,133410000,13:34:12,338150,35768,29595,12047483550,0,0,0
sn2203,20220218,20220218,133410500,13:34:12,338150,35777,29597,12050526420,9,2,3042870
sn2203,20220218,20220218,133411000,13:34:12,338150,35777,29597,12050526420,0,0,0
sn2203,20220218,20220218,133411500,13:34:12,338150,35777,29597,12050526420,0,0,0
sn2203,20220218,20220218,133412000,13:34:12,338150,35777,29597,12050526420,0,0,0
sn2203,20220218,20220218,133412500,13:34:13,338150,35777,29597,12050526420,0,0,0
sn2203,20220218,20220218,133413000,13:34:13,338150,35777,29597,12050526420,0,0,0
sn2203,20220218,20220218,133413500,13:34:14,338150,35777,29597,12050526420,0,0,0
sn2203,20220218,20220218,133414000,13:34:14,338150,35777,29597,12050526420,0,0,0
sn2203,20220218,20220218,133414500,13:34:14,338150,35778,29596,12050864570,1,-1,338150
sn2203,20220218,20220218,133415000,13:34:15,338150,35778,29596,12050864570,0,0,0
sn2203,20220218,20220218,133415500,13:34:16,338150,35780,29597,12051540870,2,1,676300
sn2203,20220218,20220218,133416000,13:34:16,338140,35781,29596,12051879010,1,-1,338140
sn2203,20220218,20220218,133416500,13:34:16,338140,35782,29596,12052217150,1,0,338140
sn2203,20220218,20220218,133417000,13:34:17,338140,35782,29596,12052217150,0,0,0
sn2203,20220218,20220218,133417500,13:34:17,338140,35782,29596,12052217150,0,0,0
sn2203,20220218,20220218,133418000,13:34:18,338140,35782,29596,12052217150,0,0,0
sn2203,20220218,20220218,133418500,13:34:18,338140,35782,29596,12052217150,0,0,0
sn2203,20220218,20220218,133419000,13:34:19,338140,35782,29596,12052217150,0,0,0
sn2203,20220218,20220218,133419500,13:34:20,338140,35782,29596,12052217150,0,0,0
sn2203,20220218,20220218,133420000,13:34:20,338140,35782,29596,12052217150,0,0,0
sn2203,20220218,20220218,133420500,13:34:21,338140,35782,29596,12052217150,0,0,0
sn2203,20220218,20220218,133421000,13:34:23,338140,35782,29596,12052217150,0,0,0
sn2203,20220218,20220218,133421500,13:34:23,338140,35783,29595,12052555290,1,-1,338140
sn2203,20220218,20220218,133423500,13:34:24,338140,35783,29595,12052555290,0,0,0
sn2203,20220218,20220218,133424000,13:34:24,338140,35783,29595,12052555290,0,0,0
sn2203,20220218,20220218,133424500,13:34:24,338140,35783,29595,12052555290,0,0,0
sn2203,20220218,20220218,133425000,13:34:25,338040,35784,29595,12052893330,1,0,338040
sn2203,20220218,20220218,133425500,13:34:25,338040,35788,29592,12054245450,4,-3,1352120
sn2203,20220218,20220218,133426000,13:34:26,338070,35789,29592,12054583520,1,0,338070
sn2203,20220218,20220218,133426500,13:34:26,338040,35791,29590,12055259600,2,-2,676080
sn2203,20220218,20220218,133427000,13:34:27,338040,35791,29590,12055259600,0,0,0
sn2203,20220218,20220218,133427500,13:34:27,338040,35791,29590,12055259600,0,0,0
sn2203,20220218,20220218,133428000,13:34:28,338040,35791,29590,12055259600,0,0,0
sn2203,20220218,20220218,133428500,13:34:28,338040,35791,29590,12055259600,0,0,0
sn2203,20220218,20220218,133429000,13:34:29,338040,35792,29590,12055597640,1,0,338040
sn2203,20220218,20220218,133429500,13:34:29,338040,35793,29590,12055935680,1,0,338040
sn2203,20220218,20220218,133430000,13:34:30,338040,35794,29590,12056273720,1,0,338040
sn2203,20220218,20220218,133430500,13:34:30,338040,35794,29590,12056273720,0,0,0
sn2203,20220218,20220218,133431000,13:34:31,338000,35795,29591,12056611720,1,1,338000
sn2203,20220218,20220218,133431500,13:34:31,338020,35796,29592,12056949740,1,1,338020
sn2203,20220218,20220218,133432000,13:34:32,338020,35796,29592,12056949740,0,0,0
sn2203,20220218,20220218,133432500,13:34:32,338020,35796,29592,12056949740,0,0,0
sn2203,20220218,20220218,133433000,13:34:33,338020,35796,29592,12056949740,0,0,0
sn2203,20220218,20220218,133433500,13:34:34,338000,35798,29594,12057625740,2,2,676000
sn2203,20220218,20220218,133434000,13:34:34,337950,35808,29591,12061005510,10,-3,3379770
