sp2203,20220218,20220218,111918000,11:20:05,6376,823,8969,52299440,823,-505,52299440
sp2203,20220218,20220218,112013500,11:20:13,6376,823,8969,52299440,0,0,0
sp2203,20220218,20220218,112014000,11:20:14,6376,823,8969,52299440,0,0,0
sp2203,20220218,20220218,112014500,11:20:14,6376,823,8969,52299440,0,0,0
sp2203,20220218,20220218,112015000,11:20:15,6376,823,8969,52299440,0,0,0
sp2203,20220218,20220218,112037500,11:20:38,6376,823,8969,52299440,0,0,0
sp2203,20220218,20220218,112038000,11:20:38,6372,825,8969,52426880,2,0,127440
sp2203,20220218,20220218,112038500,11:20:38,6372,825,8969,52426880,0,0,0
sp2203,20220218,20220218,112039000,11:20:39,6372,825,8969,52426880,0,0,0
sp2203,20220218,20220218,112040000,11:20:40,6372,825,8969,52426880,0,0,0
sp2203,20220218,20220218,112057500,11:20:58,6372,825,8969,52426880,0,0,0
sp2203,20220218,20220218,112058000,11:20:58,6372,825,8969,52426880,0,0,0
sp2203,20220218,20220218,112058500,11:20:59,6374,827,8967,52554360,2,-2,127480
sp2203,20220218,20220218,112059000,11:20:59,6374,827,8967,52554360,0,0,0
sp2203,20220218,20220218,112059500,11:21:00,6374,827,8967,52554360,0,0,0
sp2203,20220218,20220218,112100000,11:21:00,6374,827,8967,52554360,0,0,0
sp2203,20220218,20220218,112100500,11:21:00,6374,827,8967,52554360,0,0,0
sp2203,20220218,20220218,112103500,11:21:03,6374,827,8967,52554360,0,0,0
sp2203,20220218,20220218,112104000,11:21:04,6374,827,8967,52554360,0,0,0
sp2203,20220218,20220218,112104500,11:21:05,6374,827,8967,52554360,0,0,0
sp2203,20220218,20220218,112105500,11:21:06,6374,827,8967,52554360,0,0,0
sp2203,20220218,20220218,112106000,11:21:07,6374,827,8967,52554360,0,0,0
sp2203,20220218,20220218,112106500,11:21:07,6374,827,8967,52554360,0,0,0
sp2203,20220218,20220218,112314000,11:23:33,6374,827,8967,52554360,0,0,0
sp2203,20220218,20220218,112334500,11:23:34,6374,827,8967,52554360,0,0,0
sp2203,20220218,20220218,112342000,11:23:42,6374,827,8967,52554360,0,0,0
sp2203,20220218,20220218,112342500,11:23:42,6374,827,8967,52554360,0,0,0
sp2203,20220218,20220218,112343500,11:23:43,6374,827,8967,52554360,0,0,0
sp2203,20220218,20220218,112344500,11:23:48,6374,827,8967,52554360,0,0,0
sp2203,20220218,20220218,112350000,11:23:50,6374,827,8967,52554360,0,0,0
sp2203,20220218,20220218,112350500,11:23:50,6374,827,8967,52554360,0,0,0
sp2203,20220218,20220218,112355500,11:23:55,6374,827,8967,52554360,0,0,0
sp2203,20220218,20220218,112356500,11:23:56,6374,827,8967,52554360,0,0,0
sp2203,20220218,20220218,112429500,11:24:29,6374,827,8967,52554360,0,0,0
sp2203,20220218,20220218,112430000,11:24:30,6374,827,8967,52554360,0,0,0
sp2203,20220218,20220218,112431500,11:24:31,6374,827,8967,52554360,0,0,0
sp2203,20220218,20220218,112432000,11:24:32,6374,827,8967,52554360,0,0,0
sp2203,20220218,20220218,112432500,11:24:32,6374,827,8967,52554360,0,0,0
sp2203,20220218,20220218,112433000,11:24:33,6374,827,8967,52554360,0,0,0
sp2203,20220218,20220218,112433500,11:24:33,6374,827,8967,52554360,0,0,0
sp2203,20220218,20220218,112442500,11:24:42,6374,827,8967,52554360,0,0,0
sp2203,20220218,20220218,112444000,11:24:44,6374,827,8967,52554360,0,0,0
sp2203,20220218,20220218,112444500,11:24:44,6374,827,8967,52554360,0,0,0
sp2203,20220218,20220218,112445000,11:24:45,6374,827,8967,52554360,0,0,0
sp2203,20220218,20220218,112525000,11:25:25,6374,827,8967,52554360,0,0,0
sp2203,20220218,20220218,112525500,11:25:26,6374,827,8967,52554360,0,0,0
sp2203,20220218,20220218,112526000,11:25:26,6374,827,8967,52554360,0,0,0
sp2203,20220218,20220218,112547000,11:25:48,6374,827,8967,52554360,0,0,0
sp2203,20220218,20220218,112547500,11:25:48,6374,827,8967,52554360,0,0,0
sp2203,20220218,20220218,112548000,11:25:48,6374,827,8967,52554360,0,0,0
sp2203,20220218,20220218,112548500,11:25:48,6374,827,8967,52554360,0,0,0
sp2203,20220218,20220218,112549500,11:25:49,6374,827,8967,52554360,0,0,0
sp2203,20220218,20220218,112550000,11:25:50,6374,827,8967,52554360,0,0,0
sp2203,20220218,20220218,112550500,11:25:50,6374,827,8967,52554360,0,0,0
sp2203,20220218,20220218,112552500,11:25:52,6374,827,8967,52554360,0,0,0
sp2203,20220218,20220218,112553000,11:25:53,6374,827,8967,52554360,0,0,0
sp2203,20220218,20220218,112553500,11:25:54,6374,827,8967,52554360,0,0,0
sp2203,20220218,20220218,112554000,11:25:54,6374,827,8967,52554360,0,0,0
sp2203,20220218,20220218,112554500,11:25:54,6374,827,8967,52554360,0,0,0
sp2203,20220218,20220218,112601500,11:26:01,6376,829,8965,52681880,2,-2,127520
sp2203,20220218,20220218,112602000,11:26:03,6376,829,8965,52681880,0,0,0
sp2203,20220218,20220218,112602500,11:26:03,6376,829,8965,52681880,0,0,0
sp2203,20220218,20220218,112603000,11:26:03,6376,829,8965,52681880,0,0,0
sp2203,20220218,20220218,112603500,11:26:03,6376,829,8965,52681880,0,0,0
sp2203,20220218,20220218,112604500,11:26:05,6376,829,8965,52681880,0,0,0
sp2203,20220218,20220218,112607000,11:26:09,6376,829,8965,52681880,0,0,0
sp2203,20220218,20220218,112617500,11:26:17,6376,829,8965,52681880,0,0,0
sp2203,20220218,20220218,112618000,11:26:18,6376,829,8965,52681880,0,0,0
sp2203,20220218,20220218,112618500,11:26:18,6376,829,8965,52681880,0,0,0
sp2203,20220218,20220218,112619000,11:26:19,6376,829,8965,52681880,0,0,0
sp2203,20220218,20220218,112620000,11:26:20,6376,829,8965,52681880,0,0,0
sp2203,20220218,20220218,112620500,11:26:20,6376,829,8965,52681880,0,0,0
sp2203,20220218,20220218,112621500,11:26:21,6376,829,8965,52681880,0,0,0
sp2203,20220218,20220218,112624500,11:26:24,6376,829,8965,52681880,0,0,0
sp2203,20220218,20220218,112625000,11:26:25,6376,829,8965,52681880,0,0,0
sp2203,20220218,20220218,112626500,11:26:26,6376,829,8965,52681880,0,0,0
sp2203,20220218,20220218,112635000,11:26:37,6376,829,8965,52681880,0,0,0
sp2203,20220218,20220218,112635500,11:26:37,6376,829,8965,52681880,0,0,0
sp2203,20220218,20220218,112636000,11:26:38,6376,829,8965,52681880,0,0,0
sp2203,20220218,20220218,112637500,11:26:54,6376,829,8965,52681880,0,0,0
sp2203,20220218,20220218,112638500,11:27:10,6376,829,8965,52681880,0,0,0
sp2203,20220218,20220218,112653500,11:27:12,6376,829,8965,52681880,0,0,0
sp2203,20220218,20220218,112709500,11:27:12,6376,829,8965,52681880,0,0,0
sp2203,20220218,20220218,112718000,11:27:18,6376,829,8965,52681880,0,0,0
sp2203,20220218,20220218,112719000,11:27:19,6376,829,8965,52681880,0,0,0
sp2203,20220218,20220218,112720000,11:27:20,6376,829,8965,52681880,0,0,0
sp2203,20220218,20220218,112722500,11:27:22,6376,829,8965,52681880,0,0,0
sp2203,20220218,20220218,112732000,11:27:35,6376,829,8965,52681880,0,0,0
sp2203,20220218,20220218,112734500,11:27:36,6376,829,8965,52681880,0,0,0
sp2203,20220218,20220218,112800500,11:28:01,6376,829,8965,52681880,0,0,0
sp2203,20220218,20220218,112802500,11:28:03,6376,829,8965,52681880,0,0,0
sp2203,20220218,20220218,112809500,11:28:11,6376,829,8965,52681880,0,0,0
sp2203,20220218,20220218,112824500,11:28:24,6376,829,8965,52681880,0,0,0
sp2203,20220218,20220218,112825000,11:28:25,6376,829,8965,52681880,0,0,0
sp2203,20220218,20220218,112825500,11:28:25,6376,829,8965,52681880,0,0,0
sp2203,20220218,20220218,112826500,11:28:26,6376,829,8965,52681880,0,0,0
sp2203,20220218,20220218,112830000,11:28:30,6376,829,8965,52681880,0,0,0
sp2203,20220218,20220218,112830500,11:28:31,6376,829,8965,52681880,0,0,0
sp2203,20220218,20220218,112840000,11:28:40,6376,829,8965,52681880,0,0,0
sp2203,20220218,20220218,112911000,11:29:11,6376,829,8965,52681880,0,0,0
sp2203,20220218,20220218,112912000,11:29:12,6376,829,8965,52681880,0,0,0
sp2203,20220218,20220218,112931000,11:29:32,6376,829,8965,52681880,0,0,0
sp2203,20220218,20220218,112931500,11:29:32,6376,829,8965,52681880,0,0,0
sp2203,20220218,20220218,112932000,11:29:32,6376,829,8965,52681880,0,0,0
sp2203,20220218,20220218,112932500,11:29:36,6376,829,8965,52681880,0,0,0
sp2203,20220218,20220218,112936500,11:29:38,6376,829,8965,52681880,0,0,0
sp2203,20220218,20220218,112937000,11:29:38,6376,829,8965,52681880,0,0,0
sp2203,20220218,20220218,112938500,11:29:38,6376,829,8965,52681880,0,0,0
sp2203,20220218,20220218,112939000,11:29:39,6376,829,8965,52681880,0,0,0
sp2203,20220218,20220218,112939500,11:29:39,6376,829,8965,52681880,0,0,0
sp2203,20220218,20220218,112948500,11:29:49,6376,829,8965,52681880,0,0,0
sp2203,20220218,20220218,112951500,11:29:52,6376,829,8965,52681880,0,0,0
sp2203,20220218,20220218,112954500,11:29:54,6376,829,8965,52681880,0,0,0
sp2203,20220218,20220218,112956000,11:29:56,6376,829,8965,52681880,0,0,0
sp2203,20220218,20220218,112956500,11:30:00,6376,829,8965,52681880,0,0,0
sp2203,20220218,20220218,112957500,11:30:02,6376,829,8965,52681880,0,0,0
sp2203,20220218,20220218,112959500,11:30:02,6376,829,8965,52681880,0,0,0
sp2203,20220218,20220218,113001500,11:30:03,6376,829,8965,52681880,0,0,0
sp2203,20220218,20220218,133002000,13:30:08,6376,829,8965,52681880,0,0,0
sp2203,20220218,20220218,133002500,13:30:08,6376,829,8965,52681880,0,0,0
sp2203,20220218,20220218,133007500,13:30:10,6376,829,8965,52681880,0,0,0
sp2203,20220218,20220218,133009000,13:30:11,6376,829,8965,52681880,0,0,0
sp2203,20220218,20220218,133010500,13:30:11,6376,829,8965,52681880,0,0,0
sp2203,20220218,20220218,133011000,13:30:12,6376,829,8965,52681880,0,0,0
sp2203,20220218,20220218,133018000,13:30:19,6376,829,8965,52681880,0,0,0
sp2203,20220218,20220218,133021500,13:30:22,6376,829,8965,52681880,0,0,0
sp2203,20220218,20220218,133022000,13:30:22,6376,829,8965,52681880,0,0,0
sp2203,20220218,20220218,133036000,13:30:41,6376,829,8965,52681880,0,0,0
sp2203,20220218,20220218,133059000,13:30:59,6376,829,8965,52681880,0,0,0
sp2203,20220218,20220218,133059500,13:30:59,6376,829,8965,52681880,0,0,0
sp2203,20220218,20220218,133100000,13:31:00,6376,829,8965,52681880,0,0,0
sp2203,20220218,20220218,133100500,13:31:00,6376,829,8965,52681880,0,0,0
sp2203,20220218,20220218,133102000,13:31:02,6376,829,8965,52681880,0,0,0
sp2203,20220218,20220218,133120500,13:31:21,6376,829,8965,52681880,0,0,0
sp2203,20220218,20220218,133121000,13:31:21,6380,831,8963,52809480,2,-2,127600
sp2203,20220218,20220218,133121500,13:31:21,6380,831,8963,52809480,0,0,0
sp2203,20220218,20220218,133122000,13:31:22,6380,831,8963,52809480,0,0,0
sp2203,20220218,20220218,133158000,13:31:58,6380,831,8963,52809480,0,0,0
sp2203,20220218,20220218,133158500,13:31:58,6380,831,8963,52809480,0,0,0
sp2203,20220218,20220218,133201000,13:32:01,6380,831,8963,52809480,0,0,0
sp2203,20220218,20220218,133201500,13:32:01,6380,831,8963,52809480,0,0,0
sp2203,20220218,20220218,133202000,13:32:03,6380,831,8963,52809480,0,0,0
sp2203,20220218,20220218,133203500,13:32:05,6380,831,8963,52809480,0,0,0
sp2203,20220218,20220218,133209000,13:32:10,6380,831,8963,52809480,0,0,0
sp2203,20220218,20220218,133210500,13:32:13,6380,831,8963,52809480,0,0,0
sp2203,20220218,20220218,133211000,13:32:14,6380,831,8963,52809480,0,0,0
sp2203,20220218,20220218,133213000,13:32:15,6380,831,8963,52809480,0,0,0
sp2203,20220218,20220218,133213500,13:32:15,6380,831,8963,52809480,0,0,0
sp2203,20220218,20220218,133214000,13:32:15,6380,831,8963,52809480,0,0,0
sp2203,20220218,20220218,133217500,13:32:18,6380,831,8963,52809480,0,0,0
sp2203,20220218,20220218,133218000,13:32:18,6380,831,8963,52809480,0,0,0
sp2203,20220218,20220218,133218500,13:32:18,6380,831,8963,52809480,0,0,0
sp2203,20220218,20220218,133219000,13:32:19,6380,831,8963,52809480,0,0,0
sp2203,20220218,20220218,133219500,13:32:20,6380,831,8963,52809480,0,0,0
sp2203,20220218,20220218,133232500,13:32:35,6380,831,8963,52809480,0,0,0
sp2203,20220218,20220218,133235500,13:32:36,6380,831,8963,52809480,0,0,0
sp2203,20220218,20220218,133239500,13:32:40,6380,831,8963,52809480,0,0,0
sp2203,20220218,20220218,133316000,13:33:19,6380,831,8963,52809480,0,0,0
sp2203,20220218,20220218,133342500,13:33:42,6380,831,8963,52809480,0,0,0
sp2203,20220218,20220218,133405500,13:34:12,6380,831,8963,52809480,0,0,0
sp2203,20220218,20220218,133415500,13:34:16,6380,831,8963,52809480,0,0,0
sp2203,20220218,20220218,133416000,13:34:16,6380,831,8963,52809480,0,0,0
sp2203,20220218,20220218,133416500,13:34:16,6380,831,8963,52809480,0,0,0
sp2203,20220218,20220218,133417000,13:34:17,6380,831,8963,52809480,0,0,0
sp2203,20220218,20220218,133417500,13:34:17,6380,831,8963,52809480,0,0,0
sp2203,20220218,20220218,133419000,13:34:19,6380,831,8963,52809480,0,0,0
sp2203,20220218,20220218,133419500,13:34:20,6380,831,8963,52809480,0,0,0
sp2203,20220218,20220218,133429000,13:34:29,6380,831,8963,52809480,0,0,0
sp2203,20220218,20220218,133429500,13:34:29,6380,831,8963,52809480,0,0,0
sp2203,20220218,20220218,133433000,13:34:33,6380,831,8963,52809480,0,0,0
sp2203,20220218,20220218,133433500,13:34:34,6380,831,8963,52809480,0,0,0
sp2203,20220218,20220218,133437500,13:34:38,6380,831,8963,52809480,0,0,0
sp2203,20220218,20220218,133441000,13:34:41,6380,831,8963,52809480,0,0,0
sp2203,20220218,20220218,133508000,13:35:11,6380,831,8963,52809480,0,0,0
sp2203,20220218,20220218,133516500,13:35:16,6380,831,8963,52809480,0,0,0
sp2203,20220218,20220218,133517000,13:35:17,6380,831,8963,52809480,0,0,0
sp2203,20220218,20220218,133518500,13:35:19,6380,831,8963,52809480,0,0,0
sp2203,20220218,20220218,133519000,13:35:19,6380,831,8963,52809480,0,0,0
sp2203,20220218,20220218,133519500,13:35:20,6380,831,8963,52809480,0,0,0
sp2203,20220218,20220218,133520000,13:35:20,6380,831,8963,52809480,0,0,0
sp2203,20220218,20220218,133523000,13:35:23,6380,831,8963,52809480,0,0,0
sp2203,20220218,20220218,133523500,13:35:23,6380,831,8963,52809480,0,0,0
sp2203,20220218,20220218,133527500,13:35:31,6380,831,8963,52809480,0,0,0
sp2203,20220218,20220218,133528000,13:35:31,6380,831,8963,52809480,0,0,0
sp2203,20220218,20220218,133530500,13:35:35,6380,831,8963,52809480,0,0,0
sp2203,20220218,20220218,133537000,13:35:43,6380,831,8963,52809480,0,0,0
sp2203,20220218,20220218,133543500,13:35:44,6380,831,8963,52809480,0,0,0
sp2203,20220218,20220218,133551500,13:35:51,6380,831,8963,52809480,0,0,0
sp2203,20220218,20220218,133601500,13:36:03,6380,831,8963,52809480,0,0,0
sp2203,20220218,20220218,133603000,13:36:04,6380,831,8963,52809480,0,0,0
sp2203,20220218,20220218,133615500,13:36:15,6380,831,8963,52809480,0,0,0
sp2203,20220218,20220218,133616000,13:36:16,6380,831,8963,52809480,0,0,0
sp2203,20220218,20220218,133650500,13:36:50,6380,831,8963,52809480,0,0,0
sp2203,20220218,20220218,133704500,13:37:04,6380,831,8963,52809480,0,0,0
sp2203,20220218,20220218,133705000,13:37:05,6380,831,8963,52809480,0,0,0
sp2203,20220218,20220218,133705500,13:37:07,6380,831,8963,52809480,0,0,0
sp2203,20220218,20220218,133706000,13:37:08,6380,831,8963,52809480,0,0,0
sp2203,20220218,20220218,133707500,13:37:08,6380,831,8963,52809480,0,0,0
sp2203,20220218,20220218,133709500,13:37:10,6380,831,8963,52809480,0,0,0
sp2203,20220218,20220218,133713500,13:37:14,6380,831,8963,52809480,0,0,0
sp2203,20220218,20220218,133727500,13:37:27,6380,831,8963,52809480,0,0,0
sp2203,20220218,20220218,133728000,13:37:28,6380,831,8963,52809480,0,0,0
sp2203,20220218,20220218,133733000,13:37:33,6380,831,8963,52809480,0,0,0
sp2203,20220218,20220218,133733500,13:37:33,6380,831,8963,52809480,0,0,0
sp2203,20220218,20220218,133752000,13:37:53,6380,831,8963,52809480,0,0,0
sp2203,20220218,20220218,133752500,13:37:54,6380,831,8963,52809480,0,0,0
sp2203,20220218,20220218,133753000,13:37:54,6380,831,8963,52809480,0,0,0
sp2203,20220218,20220218,133755000,13:37:55,6380,831,8963,52809480,0,0,0
sp2203,20220218,20220218,133755500,13:37:55,6380,831,8963,52809480,0,0,0
sp2203,20220218,20220218,133759500,13:38:00,6380,831,8963,52809480,0,0,0
sp2203,20220218,20220218,133800500,13:38:02,6380,831,8963,52809480,0,0,0
sp2203,20220218,20220218,133801000,13:38:02,6380,831,8963,52809480,0,0,0
sp2203,20220218,20220218,133801500,13:38:03,6380,831,8963,52809480,0,0,0
sp2203,20220218,20220218,133802000,13:38:04,6380,831,8963,52809480,0,0,0
sp2203,20220218,20220218,133803500,13:38:06,6380,831,8963,52809480,0,0,0
sp2203,20220218,20220218,133804500,13:38:07,6380,831,8963,52809480,0,0,0
sp2203,20220218,20220218,133809000,13:38:09,6380,831,8963,52809480,0,0,0
sp2203,20220218,20220218,133809500,13:38:10,6380,831,8963,52809480,0,0,0
sp2203,20220218,20220218,133810000,13:38:10,6380,831,8963,52809480,0,0,0
sp2203,20220218,20220218,133818000,13:38:18,6380,831,8963,52809480,0,0,0
sp2203,20220218,20220218,133818500,13:38:18,6380,831,8963,52809480,0,0,0
sp2203,20220218,20220218,133819000,13:38:19,6380,831,8963,52809480,0,0,0
sp2203,20220218,20220218,133820000,13:38:20,6380,831,8963,52809480,0,0,0
sp2203,20220218,20220218,133821000,13:38:22,6380,831,8963,52809480,0,0,0
sp2203,20220218,20220218,133822000,13:38:23,6380,831,8963,52809480,0,0,0
sp2203,20220218,20220218,133822500,13:38:23,6380,831,8963,52809480,0,0,0
sp2203,20220218,20220218,133823000,13:38:23,6392,838,8961,53256520,7,-2,447040
sp2203,20220218,20220218,133823500,13:38:24,6398,839,8961,53320500,1,0,63980
sp2203,20220218,20220218,133824000,13:38:24,6398,842,8964,53512440,3,3,191940
sp2203,20220218,20220218,133824500,13:38:28,6398,843,8964,53576420,1,0,63980
sp2203,20220218,20220218,133825000,13:38:41,6398,844,8963,53640400,1,-1,63980
sp2203,20220218,20220218,133825500,13:38:41,6398,844,8963,53640400,0,0,0
sp2203,20220218,20220218,133840500,13:38:43,6398,844,8963,53640400,0,0,0
sp2203,20220218,20220218,133842000,13:38:43,6398,844,8963,53640400,0,0,0
sp2203,20220218,20220218,133842500,13:38:43,6398,844,8963,53640400,0,0,0
sp2203,20220218,20220218,133843500,13:38:43,6396,845,8963,53704360,1,0,63960
sp2203,20220218,20220218,133845000,13:38:45,6396,845,8963,53704360,0,0,0
sp2203,20220218,20220218,133847500,13:38:47,6396,845,8963,53704360,0,0,0
sp2203,20220218,20220218,133849500,13:38:49,6396,845,8963,53704360,0,0,0
sp2203,20220218,20220218,133853000,13:38:53,6396,845,8963,53704360,0,0,0
sp2203,20220218,20220218,133858000,13:38:58,6396,845,8963,53704360,0,0,0
sp2203,20220218,20220218,133900500,13:39:01,6396,845,8963,53704360,0,0,0
sp2203,20220218,20220218,133901500,13:39:01,6396,845,8963,53704360,0,0,0
sp2203,20220218,20220218,133902000,13:39:02,6396,845,8963,53704360,0,0,0
sp2203,20220218,20220218,133910500,13:39:10,6396,845,8963,53704360,0,0,0
sp2203,20220218,20220218,133912000,13:39:12,6396,845,8963,53704360,0,0,0
sp2203,20220218,20220218,133913500,13:39:13,6396,845,8963,53704360,0,0,0
sp2203,20220218,20220218,133914000,13:39:14,6396,845,8963,53704360,0,0,0
sp2203,20220218,20220218,133914500,13:39:15,6396,845,8963,53704360,0,0,0
sp2203,20220218,20220218,133915000,13:39:18,6396,845,8963,53704360,0,0,0
sp2203,20220218,20220218,133918000,13:39:19,6396,845,8963,53704360,0,0,0
sp2203,20220218,20220218,133919000,13:39:19,6396,845,8963,53704360,0,0,0
sp2203,20220218,20220218,133919500,13:39:19,6396,845,8963,53704360,0,0,0
sp2203,20220218,20220218,133922000,13:39:22,6396,845,8963,53704360,0,0,0
sp2203,20220218,20220218,133925000,13:39:25,6396,845,8963,53704360,0,0,0
sp2203,20220218,20220218,133925500,13:39:26,6396,845,8963,53704360,0,0,0
sp2203,20220218,20220218,133927000,13:39:27,6396,845,8963,53704360,0,0,0
sp2203,20220218,20220218,133928500,13:39:28,6396,845,8963,53704360,0,0,0
sp2203,20220218,20220218,133935500,13:39:35,6396,845,8963,53704360,0,0,0
sp2203,20220218,20220218,133940000,13:39:40,6396,845,8963,53704360,0,0,0
sp2203,20220218,20220218,133945000,13:39:45,6396,845,8963,53704360,0,0,0
sp2203,20220218,20220218,133945500,13:39:46,6396,845,8963,53704360,0,0,0
sp2203,20220218,20220218,133946000,13:39:46,6396,845,8963,53704360,0,0,0
sp2203,20220218,20220218,133947000,13:39:47,6396,845,8963,53704360,0,0,0
sp2203,20220218,20220218,133948500,13:39:48,6396,845,8963,53704360,0,0,0
sp2203,20220218,20220218,133956500,13:39:57,6396,845,8963,53704360,0,0,0
sp2203,20220218,20220218,133957000,13:39:57,6396,845,8963,53704360,0,0,0
sp2203,20220218,20220218,133957500,13:40:05,6396,845,8963,53704360,0,0,0
sp2203,20220218,20220218,133958000,13:40:13,6396,845,8963,53704360,0,0,0
sp2203,20220218,20220218,133958500,13:40:13,6396,845,8963,53704360,0,0,0
sp2203,20220218,20220218,134009000,13:40:13,6396,845,8963,53704360,0,0,0
sp2203,20220218,20220218,134016500,13:40:16,6396,845,8963,53704360,0,0,0
sp2203,20220218,20220218,134017000,13:40:17,6396,845,8963,53704360,0,0,0
sp2203,20220218,20220218,134029500,13:40:30,6396,845,8963,53704360,0,0,0
sp2203,20220218,20220218,134030000,13:40:30,6396,845,8963,53704360,0,0,0
sp2203,20220218,20220218,134037500,13:40:37,6396,845,8963,53704360,0,0,0
sp2203,20220218,20220218,134038000,13:40:38,6396,845,8963,53704360,0,0,0
sp2203,20220218,20220218,134038500,13:40:38,6396,845,8963,53704360,0,0,0
sp2203,20220218,20220218,134039000,13:40:39,6396,845,8963,53704360,0,0,0
sp2203,20220218,20220218,134039500,13:40:40,6396,845,8963,53704360,0,0,0
sp2203,20220218,20220218,134040000,13:40:41,6396,845,8963,53704360,0,0,0
sp2203,20220218,20220218,134040500,13:40:41,6396,845,8963,53704360,0,0,0
sp2203,20220218,20220218,134041500,13:40:42,6396,845,8963,53704360,0,0,0
sp2203,20220218,20220218,134042000,13:40:42,6396,845,8963,53704360,0,0,0
sp2203,20220218,20220218,134043000,13:40:43,6396,845,8963,53704360,0,0,0
sp2203,20220218,20220218,134043500,13:40:44,6396,845,8963,53704360,0,0,0
sp2203,20220218,20220218,134049000,13:40:49,6396,845,8963,53704360,0,0,0
sp2203,20220218,20220218,134049500,13:40:49,6396,845,8963,53704360,0,0,0
sp2203,20220218,20220218,134050000,13:40:50,6396,845,8963,53704360,0,0,0
sp2203,20220218,20220218,134050500,13:40:50,6396,845,8963,53704360,0,0,0
sp2203,20220218,20220218,134051000,13:40:51,6396,845,8963,53704360,0,0,0
sp2203,20220218,20220218,134051500,13:40:55,6396,845,8963,53704360,0,0,0
sp2203,20220218,20220218,134052500,13:40:55,6396,845,8963,53704360,0,0,0
sp2203,20220218,20220218,134054000,13:40:56,6396,845,8963,53704360,0,0,0
sp2203,20220218,20220218,134055500,13:40:57,6396,845,8963,53704360,0,0,0
sp2203,20220218,20220218,134056000,13:40:58,6396,845,8963,53704360,0,0,0
sp2203,20220218,20220218,134056500,13:40:58,6396,845,8963,53704360,0,0,0
sp2203,20220218,20220218,134057000,13:40:58,6396,845,8963,53704360,0,0,0
sp2203,20220218,20220218,134100500,13:41:00,6396,845,8963,53704360,0,0,0
sp2203,20220218,20220218,134101000,13:41:01,6396,845,8963,53704360,0,0,0
sp2203,20220218,20220218,134101500,13:41:01,6396,845,8963,53704360,0,0,0
sp2203,20220218,20220218,134102000,13:41:02,6396,845,8963,53704360,0,0,0
sp2203,20220218,20220218,134102500,13:41:02,6396,845,8963,53704360,0,0,0
sp2203,20220218,20220218,134103000,13:41:04,6396,845,8963,53704360,0,0,0
sp2203,20220218,20220218,134103500,13:41:05,6396,845,8963,53704360,0,0,0
sp2203,20220218,20220218,134104000,13:41:05,6396,845,8963,53704360,0,0,0
sp2203,20220218,20220218,134107000,13:41:07,6396,845,8963,53704360,0,0,0
sp2203,20220218,20220218,134107500,13:41:09,6396,845,8963,53704360,0,0,0
sp2203,20220218,20220218,134108000,13:41:09,6396,845,8963,53704360,0,0,0
sp2203,20220218,20220218,134108500,13:41:10,6396,845,8963,53704360,0,0,0
sp2203,20220218,20220218,134109000,13:41:10,6396,845,8963,53704360,0,0,0
sp2203,20220218,20220218,134109500,13:41:10,6396,845,8963,53704360,0,0,0
sp2203,20220218,20220218,134112500,13:41:12,6396,845,8963,53704360,0,0,0
sp2203,20220218,20220218,134114000,13:41:14,6396,845,8963,53704360,0,0,0
sp2203,20220218,20220218,134114500,13:41:15,6396,845,8963,53704360,0,0,0
sp2203,20220218,20220218,134115500,13:41:16,6396,845,8963,53704360,0,0,0
sp2203,20220218,20220218,134116000,13:41:16,6396,845,8963,53704360,0,0,0
sp2203,20220218,20220218,134116500,13:41:17,6396,845,8963,53704360,0,0,0
sp2203,20220218,20220218,134117000,13:41:17,6396,845,8963,53704360,0,0,0
sp2203,20220218,20220218,134125500,13:41:27,6396,845,8963,53704360,0,0,0
sp2203,20220218,20220218,134126500,13:41:27,6396,845,8963,53704360,0,0,0
sp2203,20220218,20220218,134131000,13:41:31,6396,845,8963,53704360,0,0,0
sp2203,20220218,20220218,134131500,13:41:31,6396,845,8963,53704360,0,0,0
sp2203,20220218,20220218,134132000,13:41:32,6396,845,8963,53704360,0,0,0
sp2203,20220218,20220218,134132500,13:41:33,6396,845,8963,53704360,0,0,0
sp2203,20220218,20220218,134134000,13:41:34,6396,845,8963,53704360,0,0,0
sp2203,20220218,20220218,134135000,13:41:35,6396,845,8963,53704360,0,0,0
sp2203,20220218,20220218,134137000,13:41:40,6396,845,8963,53704360,0,0,0
sp2203,20220218,20220218,134138000,13:41:42,6396,845,8963,53704360,0,0,0
sp2203,20220218,20220218,134148000,13:41:48,6396,845,8963,53704360,0,0,0
sp2203,20220218,20220218,134149000,13:41:49,6396,845,8963,53704360,0,0,0
sp2203,20220218,20220218,134153000,13:41:53,6396,845,8963,53704360,0,0,0
sp2203,20220218,20220218,134153500,13:41:54,6396,845,8963,53704360,0,0,0
sp2203,20220218,20220218,134154000,13:42:02,6396,845,8963,53704360,0,0,0
sp2203,20220218,20220218,134210000,13:42:12,6396,845,8963,53704360,0,0,0
sp2203,20220218,20220218,134213000,13:42:13,6396,845,8963,53704360,0,0,0
sp2203,20220218,20220218,134213500,13:42:13,6396,845,8963,53704360,0,0,0
sp2203,20220218,20220218,134214000,13:42:14,6396,845,8963,53704360,0,0,0
sp2203,20220218,20220218,134216000,13:42:16,6396,845,8963,53704360,0,0,0
sp2203,20220218,20220218,134216500,13:42:17,6396,845,8963,53704360,0,0,0
sp2203,20220218,20220218,134220000,13:42:20,6396,845,8963,53704360,0,0,0
sp2203,20220218,20220218,134220500,13:42:21,6396,845,8963,53704360,0,0,0
sp2203,20220218,20220218,134222000,13:42:22,6396,845,8963,53704360,0,0,0
sp2203,20220218,20220218,134222500,13:42:22,6396,845,8963,53704360,0,0,0
sp2203,20220218,20220218,134223000,13:42:23,6396,845,8963,53704360,0,0,0
sp2203,20220218,20220218,134223500,13:42:24,6396,845,8963,53704360,0,0,0
sp2203,20220218,20220218,134226000,13:42:26,6396,845,8963,53704360,0,0,0
sp2203,20220218,20220218,134226500,13:42:27,6396,845,8963,53704360,0,0,0
sp2203,20220218,20220218,134227500,13:42:28,6396,845,8963,53704360,0,0,0
sp2203,20220218,20220218,134228500,13:42:29,6396,845,8963,53704360,0,0,0
sp2203,20220218,20220218,134235000,13:42:35,6396,845,8963,53704360,0,0,0
sp2203,20220218,20220218,134243000,13:42:43,6420,847,8962,53832580,2,-1,128220
sp2203,20220218,20220218,134246500,13:42:46,6420,849,8960,53960980,2,-2,128400
sp2203,20220218,20220218,134249500,13:42:49,6420,849,8960,53960980,0,0,0
sp2203,20220218,20220218,134255000,13:42:55,6420,849,8960,53960980,0,0,0
sp2203,20220218,20220218,134255500,13:42:55,6420,849,8960,53960980,0,0,0
sp2203,20220218,20220218,134256000,13:42:56,6416,851,8960,54089300,2,0,128320
sp2203,20220218,20220218,134257000,13:42:59,6416,851,8960,54089300,0,0,0
sp2203,20220218,20220218,134259500,13:43:01,6416,851,8960,54089300,0,0,0
sp2203,20220218,20220218,134300500,13:43:02,6416,853,8960,54217620,2,0,128320
sp2203,20220218,20220218,134301000,13:43:02,6416,853,8960,54217620,0,0,0
sp2203,20220218,20220218,134301500,13:43:02,6416,853,8960,54217620,0,0,0
sp2203,20220218,20220218,134302000,13:43:02,6416,853,8960,54217620,0,0,0
sp2203,20220218,20220218,134302500,13:43:02,6416,853,8960,54217620,0,0,0
sp2203,20220218,20220218,134303500,13:43:11,6416,853,8960,54217620,0,0,0
sp2203,20220218,20220218,134310000,13:43:13,6416,853,8960,54217620,0,0,0
sp2203,20220218,20220218,134314000,13:43:14,6416,853,8960,54217620,0,0,0
sp2203,20220218,20220218,134314500,13:43:15,6416,853,8960,54217620,0,0,0
sp2203,20220218,20220218,134315000,13:43:15,6416,853,8960,54217620,0,0,0
sp2203,20220218,20220218,134318500,13:43:18,6416,853,8960,54217620,0,0,0
sp2203,20220218,20220218,134319000,13:43:19,6416,853,8960,54217620,0,0,0
sp2203,20220218,20220218,134323500,13:43:23,6416,853,8960,54217620,0,0,0
sp2203,20220218,20220218,134324500,13:43:24,6416,853,8960,54217620,0,0,0
sp2203,20220218,20220218,134325000,13:43:25,6416,853,8960,54217620,0,0,0
sp2203,20220218,20220218,134330500,13:43:30,6416,853,8960,54217620,0,0,0
sp2203,20220218,20220218,134331000,13:43:31,6416,853,8960,54217620,0,0,0
sp2203,20220218,20220218,134331500,13:43:31,6416,853,8960,54217620,0,0,0
sp2203,20220218,20220218,134332000,13:43:32,6416,853,8960,54217620,0,0,0
sp2203,20220218,20220218,134335000,13:43:35,6416,853,8960,54217620,0,0,0
sp2203,20220218,20220218,134337500,13:43:37,6416,853,8960,54217620,0,0,0
sp2203,20220218,20220218,134346500,13:44:04,6416,853,8960,54217620,0,0,0
sp2203,20220218,20220218,134408000,13:44:08,6416,855,8960,54345940,2,0,128320
sp2203,20220218,20220218,134426000,13:44:26,6416,855,8960,54345940,0,0,0
sp2203,20220218,20220218,134427500,13:44:27,6416,855,8960,54345940,0,0,0
sp2203,20220218,20220218,134435500,13:44:37,6416,855,8960,54345940,0,0,0
sp2203,20220218,20220218,134439000,13:44:39,6416,855,8960,54345940,0,0,0
sp2203,20220218,20220218,134503500,13:45:04,6416,855,8960,54345940,0,0,0
sp2203,20220218,20220218,134504000,13:45:08,6418,857,8960,54474300,2,0,128360
sp2203,20220218,20220218,134504500,13:45:08,6418,857,8960,54474300,0,0,0
sp2203,20220218,20220218,134507500,13:45:09,6418,857,8960,54474300,0,0,0
sp2203,20220218,20220218,134509500,13:45:10,6418,857,8960,54474300,0,0,0
sp2203,20220218,20220218,134510000,13:45:10,6420,859,8960,54602700,2,0,128400
sp2203,20220218,20220218,134510500,13:45:10,6420,859,8960,54602700,0,0,0
sp2203,20220218,20220218,134511000,13:45:11,6420,859,8960,54602700,0,0,0
sp2203,20220218,20220218,134511500,13:45:11,6420,859,8960,54602700,0,0,0
sp2203,20220218,20220218,134512000,13:45:12,6420,859,8960,54602700,0,0,0
sp2203,20220218,20220218,134512500,13:45:13,6420,859,8960,54602700,0,0,0
sp2203,20220218,20220218,134513000,13:45:13,6420,859,8960,54602700,0,0,0
sp2203,20220218,20220218,134513500,13:45:14,6420,859,8960,54602700,0,0,0
sp2203,20220218,20220218,134514000,13:45:15,6420,859,8960,54602700,0,0,0
sp2203,20220218,20220218,134514500,13:45:16,6420,859,8960,54602700,0,0,0
sp2203,20220218,20220218,134520500,13:45:23,6420,859,8960,54602700,0,0,0
sp2203,20220218,20220218,134527500,13:45:30,6420,859,8960,54602700,0,0,0
sp2203,20220218,20220218,134528000,13:45:30,6420,859,8960,54602700,0,0,0
sp2203,20220218,20220218,134528500,13:45:30,6420,859,8960,54602700,0,0,0
sp2203,20220218,20220218,134531500,13:45:32,6420,859,8960,54602700,0,0,0
sp2203,20220218,20220218,134532000,13:45:32,6420,859,8960,54602700,0,0,0
sp2203,20220218,20220218,134532500,13:45:33,6420,859,8960,54602700,0,0,0
sp2203,20220218,20220218,134533000,13:45:33,6420,859,8960,54602700,0,0,0
sp2203,20220218,20220218,134534000,13:45:35,6420,859,8960,54602700,0,0,0
sp2203,20220218,20220218,134534500,13:45:35,6420,859,8960,54602700,0,0,0
sp2203,20220218,20220218,134535000,13:45:35,6420,859,8960,54602700,0,0,0
sp2203,20220218,20220218,134535500,13:45:35,6420,859,8960,54602700,0,0,0
sp2203,20220218,20220218,134536000,13:45:36,6420,859,8960,54602700,0,0,0
sp2203,20220218,20220218,134536500,13:45:37,6420,859,8960,54602700,0,0,0
sp2203,20220218,20220218,134537000,13:45:37,6420,859,8960,54602700,0,0,0
sp2203,20220218,20220218,134540500,13:45:40,6420,859,8960,54602700,0,0,0
sp2203,20220218,20220218,134541000,13:45:41,6420,859,8960,54602700,0,0,0
sp2203,20220218,20220218,134541500,13:45:41,6420,859,8960,54602700,0,0,0
sp2203,20220218,20220218,134545500,13:45:46,6420,859,8960,54602700,0,0,0
sp2203,20220218,20220218,134547000,13:45:47,6420,859,8960,54602700,0,0,0
sp2203,20220218,20220218,134547500,13:45:47,6420,859,8960,54602700,0,0,0
sp2203,20220218,20220218,134548000,13:45:48,6420,859,8960,54602700,0,0,0
sp2203,20220218,20220218,134548500,13:45:48,6420,859,8960,54602700,0,0,0
sp2203,20220218,20220218,134549000,13:45:49,6420,859,8960,54602700,0,0,0
sp2203,20220218,20220218,134553500,13:45:54,6420,859,8960,54602700,0,0,0
sp2203,20220218,20220218,134554000,13:45:54,6420,859,8960,54602700,0,0,0
sp2203,20220218,20220218,134555000,13:45:55,6420,859,8960,54602700,0,0,0
sp2203,20220218,20220218,134555500,13:45:56,6420,859,8960,54602700,0,0,0
sp2203,20220218,20220218,134556000,13:45:58,6420,859,8960,54602700,0,0,0
sp2203,20220218,20220218,134556500,13:46:00,6420,859,8960,54602700,0,0,0
sp2203,20220218,20220218,134557000,13:46:00,6420,859,8960,54602700,0,0,0
sp2203,20220218,20220218,134602000,13:46:02,6420,859,8960,54602700,0,0,0
sp2203,20220218,20220218,134602500,13:46:04,6420,859,8960,54602700,0,0,0
sp2203,20220218,20220218,134603000,13:46:04,6420,859,8960,54602700,0,0,0
sp2203,20220218,20220218,134647500,13:46:47,6420,859,8960,54602700,0,0,0
sp2203,20220218,20220218,134648000,13:46:48,6420,859,8960,54602700,0,0,0
sp2203,20220218,20220218,134648500,13:46:48,6420,859,8960,54602700,0,0,0
sp2203,20220218,20220218,134650500,13:46:50,6420,859,8960,54602700,0,0,0
sp2203,20220218,20220218,134651000,13:46:51,6420,859,8960,54602700,0,0,0
sp2203,20220218,20220218,134651500,13:46:51,6420,859,8960,54602700,0,0,0
sp2203,20220218,20220218,134652000,13:46:52,6420,859,8960,54602700,0,0,0
sp2203,20220218,20220218,134652500,13:46:52,6420,859,8960,54602700,0,0,0
sp2203,20220218,20220218,134728500,13:47:28,6420,859,8960,54602700,0,0,0
sp2203,20220218,20220218,134729000,13:47:29,6420,859,8960,54602700,0,0,0
sp2203,20220218,20220218,134729500,13:47:29,6420,859,8960,54602700,0,0,0
sp2203,20220218,20220218,134740500,13:47:40,6420,859,8960,54602700,0,0,0
sp2203,20220218,20220218,134741000,13:47:41,6420,859,8960,54602700,0,0,0
sp2203,20220218,20220218,134741500,13:47:41,6420,859,8960,54602700,0,0,0
sp2203,20220218,20220218,134742000,13:47:42,6420,859,8960,54602700,0,0,0
sp2203,20220218,20220218,134800500,13:48:00,6420,859,8960,54602700,0,0,0
sp2203,20220218,20220218,134803500,13:48:03,6420,859,8960,54602700,0,0,0
sp2203,20220218,20220218,134805500,13:48:05,6420,859,8960,54602700,0,0,0
sp2203,20220218,20220218,134807000,13:48:07,6420,859,8960,54602700,0,0,0
sp2203,20220218,20220218,134808000,13:48:08,6420,859,8960,54602700,0,0,0
sp2203,20220218,20220218,134809000,13:48:09,6420,859,8960,54602700,0,0,0
sp2203,20220218,20220218,134818500,13:48:20,6420,859,8960,54602700,0,0,0
sp2203,20220218,20220218,134836000,13:48:37,6420,859,8960,54602700,0,0,0
sp2203,20220218,20220218,134836500,13:48:37,6420,859,8960,54602700,0,0,0
sp2203,20220218,20220218,134837000,13:48:37,6420,859,8960,54602700,0,0,0
sp2203,20220218,20220218,134837500,13:48:37,6420,859,8960,54602700,0,0,0
sp2203,20220218,20220218,134838000,13:48:38,6420,859,8960,54602700,0,0,0
sp2203,20220218,20220218,134838500,13:48:38,6420,859,8960,54602700,0,0,0
sp2203,20220218,20220218,134845000,13:48:45,6420,859,8960,54602700,0,0,0
sp2203,20220218,20220218,134846500,13:48:46,6420,859,8960,54602700,0,0,0
sp2203,20220218,20220218,134850000,13:48:50,6420,859,8960,54602700,0,0,0
sp2203,20220218,20220218,134850500,13:48:51,6420,859,8960,54602700,0,0,0
sp2203,20220218,20220218,134910500,13:49:10,6420,859,8960,54602700,0,0,0
sp2203,20220218,20220218,134911000,13:49:11,6420,859,8960,54602700,0,0,0
sp2203,20220218,20220218,134913000,13:49:13,6420,859,8960,54602700,0,0,0
sp2203,20220218,20220218,134923500,13:49:24,6420,859,8960,54602700,0,0,0
sp2203,20220218,20220218,134924000,13:49:24,6420,859,8960,54602700,0,0,0
sp2203,20220218,20220218,134924500,13:49:25,6420,859,8960,54602700,0,0,0
sp2203,20220218,20220218,134925000,13:49:25,6420,859,8960,54602700,0,0,0
sp2203,20220218,20220218,134925500,13:49:25,6420,859,8960,54602700,0,0,0
sp2203,20220218,20220218,134933000,13:49:33,6420,859,8960,54602700,0,0,0
sp2203,20220218,20220218,134933500,13:49:33,6420,859,8960,54602700,0,0,0
sp2203,20220218,20220218,134934000,13:49:34,6424,860,8959,54666940,1,-1,64240
sp2203,20220218,20220218,134934500,13:49:35,6424,860,8959,54666940,0,0,0
sp2203,20220218,20220218,134935000,13:49:35,6424,860,8959,54666940,0,0,0
sp2203,20220218,20220218,134935500,13:49:36,6424,860,8959,54666940,0,0,0
sp2203,20220218,20220218,134937000,13:49:37,6424,860,8959,54666940,0,0,0
sp2203,20220218,20220218,134937500,13:49:37,6424,860,8959,54666940,0,0,0
sp2203,20220218,20220218,134938000,13:49:38,6424,860,8959,54666940,0,0,0
sp2203,20220218,20220218,134938500,13:49:38,6424,860,8959,54666940,0,0,0
sp2203,20220218,20220218,134944500,13:49:44,6424,860,8959,54666940,0,0,0
sp2203,20220218,20220218,134952500,13:49:54,6424,860,8959,54666940,0,0,0
sp2203,20220218,20220218,134953000,13:49:54,6424,860,8959,54666940,0,0,0
sp2203,20220218,20220218,134953500,13:49:54,6424,860,8959,54666940,0,0,0
sp2203,20220218,20220218,134954000,13:49:55,6424,860,8959,54666940,0,0,0
sp2203,20220218,20220218,134957000,13:49:57,6424,860,8959,54666940,0,0,0
sp2203,20220218,20220218,134957500,13:49:57,6424,860,8959,54666940,0,0,0
sp2203,20220218,20220218,134958000,13:49:58,6424,860,8959,54666940,0,0,0
sp2203,20220218,20220218,134958500,13:49:59,6424,860,8959,54666940,0,0,0
sp2203,20220218,20220218,134959000,13:49:59,6424,860,8959,54666940,0,0,0
sp2203,20220218,20220218,134959500,13:49:59,6424,860,8959,54666940,0,0,0
sp2203,20220218,20220218,135000000,13:50:00,6424,860,8959,54666940,0,0,0
sp2203,20220218,20220218,135000500,13:50:00,6424,860,8959,54666940,0,0,0
sp2203,20220218,20220218,135001000,13:50:01,6424,860,8959,54666940,0,0,0
sp2203,20220218,20220218,135003500,13:50:03,6424,860,8959,54666940,0,0,0
sp2203,20220218,20220218,135006000,13:50:06,6424,860,8959,54666940,0,0,0
sp2203,20220218,20220218,135006500,13:50:07,6424,860,8959,54666940,0,0,0
sp2203,20220218,20220218,135007000,13:50:07,6424,860,8959,54666940,0,0,0
sp2203,20220218,20220218,135007500,13:50:09,6424,860,8959,54666940,0,0,0
sp2203,20220218,20220218,135009500,13:50:26,6424,860,8959,54666940,0,0,0
sp2203,20220218,20220218,135010000,13:50:26,6424,860,8959,54666940,0,0,0
sp2203,20220218,20220218,135011000,13:50:27,6424,860,8959,54666940,0,0,0
sp2203,20220218,20220218,135026500,13:50:30,6424,860,8959,54666940,0,0,0
sp2203,20220218,20220218,135027000,13:50:33,6424,860,8959,54666940,0,0,0
sp2203,20220218,20220218,135028000,13:50:37,6424,860,8959,54666940,0,0,0
sp2203,20220218,20220218,135033500,13:50:37,6424,860,8959,54666940,0,0,0
sp2203,20220218,20220218,135048000,13:50:48,6424,860,8959,54666940,0,0,0
sp2203,20220218,20220218,135048500,13:50:48,6424,860,8959,54666940,0,0,0
sp2203,20220218,20220218,135049500,13:50:50,6424,860,8959,54666940,0,0,0
sp2203,20220218,20220218,135050000,13:50:50,6424,860,8959,54666940,0,0,0
sp2203,20220218,20220218,135051000,13:50:51,6424,860,8959,54666940,0,0,0
sp2203,20220218,20220218,135055500,13:50:55,6424,860,8959,54666940,0,0,0
sp2203,20220218,20220218,135056000,13:50:56,6424,860,8959,54666940,0,0,0
sp2203,20220218,20220218,135056500,13:50:57,6424,860,8959,54666940,0,0,0
sp2203,20220218,20220218,135058000,13:50:58,6424,860,8959,54666940,0,0,0
sp2203,20220218,20220218,135122000,13:51:22,6424,860,8959,54666940,0,0,0
sp2203,20220218,20220218,135122500,13:51:22,6424,860,8959,54666940,0,0,0
sp2203,20220218,20220218,135147500,13:51:48,6424,860,8959,54666940,0,0,0
sp2203,20220218,20220218,135150000,13:51:50,6424,860,8959,54666940,0,0,0
sp2203,20220218,20220218,135203500,13:52:04,6424,860,8959,54666940,0,0,0
sp2203,20220218,20220218,135215000,13:52:15,6424,860,8959,54666940,0,0,0
sp2203,20220218,20220218,135215500,13:52:15,6424,860,8959,54666940,0,0,0
sp2203,20220218,20220218,135216000,13:52:16,6424,860,8959,54666940,0,0,0
sp2203,20220218,20220218,135216500,13:52:17,6424,860,8959,54666940,0,0,0
sp2203,20220218,20220218,135217500,13:52:18,6424,860,8959,54666940,0,0,0
sp2203,20220218,20220218,135218000,13:52:19,6424,860,8959,54666940,0,0,0
sp2203,20220218,20220218,135218500,13:52:19,6424,860,8959,54666940,0,0,0
sp2203,20220218,20220218,135223500,13:52:24,6424,860,8959,54666940,0,0,0
sp2203,20220218,20220218,135224000,13:52:24,6424,860,8959,54666940,0,0,0
sp2203,20220218,20220218,135224500,13:52:24,6424,860,8959,54666940,0,0,0
sp2203,20220218,20220218,135225000,13:52:25,6424,860,8959,54666940,0,0,0
sp2203,20220218,20220218,135226000,13:52:26,6424,860,8959,54666940,0,0,0
sp2203,20220218,20220218,135254500,13:52:54,6424,860,8959,54666940,0,0,0
sp2203,20220218,20220218,135255000,13:52:55,6424,860,8959,54666940,0,0,0
sp2203,20220218,20220218,135256000,13:52:56,6424,860,8959,54666940,0,0,0
sp2203,20220218,20220218,135257500,13:52:57,6424,860,8959,54666940,0,0,0
sp2203,20220218,20220218,135258500,13:52:59,6424,860,8959,54666940,0,0,0
sp2203,20220218,20220218,135259000,13:52:59,6424,860,8959,54666940,0,0,0
sp2203,20220218,20220218,135300000,13:53:00,6424,860,8959,54666940,0,0,0
sp2203,20220218,20220218,135302000,13:53:02,6424,860,8959,54666940,0,0,0
sp2203,20220218,20220218,135304000,13:53:05,6424,860,8959,54666940,0,0,0
sp2203,20220218,20220218,135304500,13:53:06,6424,860,8959,54666940,0,0,0
sp2203,20220218,20220218,135305000,13:53:06,6424,860,8959,54666940,0,0,0
sp2203,20220218,20220218,135307000,13:53:09,6424,860,8959,54666940,0,0,0
sp2203,20220218,20220218,135308000,13:53:09,6424,860,8959,54666940,0,0,0
sp2203,20220218,20220218,135309000,13:53:09,6424,860,8959,54666940,0,0,0
sp2203,20220218,20220218,135311000,13:53:11,6424,860,8959,54666940,0,0,0
sp2203,20220218,20220218,135311500,13:53:12,6424,860,8959,54666940,0,0,0
sp2203,20220218,20220218,135312500,13:53:13,6424,860,8959,54666940,0,0,0
sp2203,20220218,20220218,135313000,13:53:13,6424,860,8959,54666940,0,0,0
sp2203,20220218,20220218,135314000,13:53:14,6424,860,8959,54666940,0,0,0
sp2203,20220218,20220218,135317500,13:53:20,6424,860,8959,54666940,0,0,0
sp2203,20220218,20220218,135318000,13:53:20,6424,860,8959,54666940,0,0,0
sp2203,20220218,20220218,135323500,13:53:23,6424,860,8959,54666940,0,0,0
sp2203,20220218,20220218,135324000,13:53:24,6424,860,8959,54666940,0,0,0
sp2203,20220218,20220218,135344000,13:53:45,6424,860,8959,54666940,0,0,0
sp2203,20220218,20220218,135344500,13:53:45,6424,860,8959,54666940,0,0,0
sp2203,20220218,20220218,135345000,13:53:46,6424,860,8959,54666940,0,0,0
sp2203,20220218,20220218,135348000,13:53:48,6424,860,8959,54666940,0,0,0
sp2203,20220218,20220218,135348500,13:53:48,6424,860,8959,54666940,0,0,0
sp2203,20220218,20220218,135349000,13:53:49,6424,860,8959,54666940,0,0,0
sp2203,20220218,20220218,135354500,13:53:55,6424,860,8959,54666940,0,0,0
sp2203,20220218,20220218,135355000,13:53:55,6424,860,8959,54666940,0,0,0
sp2203,20220218,20220218,135356000,13:53:56,6424,860,8959,54666940,0,0,0
sp2203,20220218,20220218,135406000,13:54:09,6424,860,8959,54666940,0,0,0
sp2203,20220218,20220218,135434500,13:54:34,6424,860,8959,54666940,0,0,0
sp2203,20220218,20220218,135435000,13:54:35,6424,860,8959,54666940,0,0,0
sp2203,20220218,20220218,135435500,13:54:35,6424,860,8959,54666940,0,0,0
sp2203,20220218,20220218,135436500,13:54:36,6424,860,8959,54666940,0,0,0
sp2203,20220218,20220218,135437500,13:54:37,6424,860,8959,54666940,0,0,0
sp2203,20220218,20220218,135438000,13:54:38,6424,860,8959,54666940,0,0,0
sp2203,20220218,20220218,135438500,13:54:39,6424,860,8959,54666940,0,0,0
sp2203,20220218,20220218,135442000,13:54:42,6424,860,8959,54666940,0,0,0
sp2203,20220218,20220218,135442500,13:54:43,6424,860,8959,54666940,0,0,0
sp2203,20220218,20220218,135446500,13:54:47,6424,860,8959,54666940,0,0,0
sp2203,20220218,20220218,135500500,13:55:00,6424,860,8959,54666940,0,0,0
sp2203,20220218,20220218,135501000,13:55:01,6424,860,8959,54666940,0,0,0
sp2203,20220218,20220218,135501500,13:55:02,6424,860,8959,54666940,0,0,0
sp2203,20220218,20220218,135502500,13:55:03,6424,860,8959,54666940,0,0,0
sp2203,20220218,20220218,135503500,13:55:03,6424,860,8959,54666940,0,0,0
sp2203,20220218,20220218,135504000,13:55:04,6424,860,8959,54666940,0,0,0
sp2203,20220218,20220218,135504500,13:55:05,6424,860,8959,54666940,0,0,0
sp2203,20220218,20220218,135505000,13:55:05,6424,860,8959,54666940,0,0,0
sp2203,20220218,20220218,135505500,13:55:06,6424,860,8959,54666940,0,0,0
sp2203,20220218,20220218,135506500,13:55:06,6424,860,8959,54666940,0,0,0
sp2203,20220218,20220218,135507000,13:55:08,6424,860,8959,54666940,0,0,0
sp2203,20220218,20220218,135508000,13:55:12,6424,860,8959,54666940,0,0,0
sp2203,20220218,20220218,135509000,13:55:12,6424,860,8959,54666940,0,0,0
sp2203,20220218,20220218,135513500,13:55:15,6424,860,8959,54666940,0,0,0
sp2203,20220218,20220218,135514000,13:55:15,6424,860,8959,54666940,0,0,0
sp2203,20220218,20220218,135514500,13:55:15,6424,860,8959,54666940,0,0,0
sp2203,20220218,20220218,135515000,13:55:15,6424,860,8959,54666940,0,0,0
sp2203,20220218,20220218,135515500,13:55:16,6424,860,8959,54666940,0,0,0
sp2203,20220218,20220218,135516000,13:55:16,6424,860,8959,54666940,0,0,0
sp2203,20220218,20220218,135516500,13:55:16,6424,860,8959,54666940,0,0,0
sp2203,20220218,20220218,135517000,13:55:21,6424,860,8959,54666940,0,0,0
sp2203,20220218,20220218,135524500,13:55:25,6424,860,8959,54666940,0,0,0
sp2203,20220218,20220218,135525000,13:55:25,6424,860,8959,54666940,0,0,0
sp2203,20220218,20220218,135525500,13:55:26,6424,860,8959,54666940,0,0,0
sp2203,20220218,20220218,135526000,13:55:27,6424,860,8959,54666940,0,0,0
sp2203,20220218,20220218,135526500,13:55:27,6424,860,8959,54666940,0,0,0
sp2203,20220218,20220218,135527000,13:55:27,6424,860,8959,54666940,0,0,0
sp2203,20220218,20220218,135528500,13:55:28,6424,860,8959,54666940,0,0,0
sp2203,20220218,20220218,135530000,13:55:30,6424,860,8959,54666940,0,0,0
sp2203,20220218,20220218,135530500,13:55:31,6424,860,8959,54666940,0,0,0
sp2203,20220218,20220218,135531000,13:55:31,6424,860,8959,54666940,0,0,0
sp2203,20220218,20220218,135531500,13:55:32,6424,860,8959,54666940,0,0,0
sp2203,20220218,20220218,135532000,13:55:32,6424,860,8959,54666940,0,0,0
sp2203,20220218,20220218,135533000,13:55:33,6424,860,8959,54666940,0,0,0
sp2203,20220218,20220218,135533500,13:55:33,6424,860,8959,54666940,0,0,0
sp2203,20220218,20220218,135534000,13:55:34,6424,860,8959,54666940,0,0,0
sp2203,20220218,20220218,135534500,13:55:34,6424,860,8959,54666940,0,0,0
sp2203,20220218,20220218,135535000,13:55:35,6424,860,8959,54666940,0,0,0
sp2203,20220218,20220218,135535500,13:55:36,6424,860,8959,54666940,0,0,0
sp2203,20220218,20220218,135537000,13:55:37,6424,860,8959,54666940,0,0,0
sp2203,20220218,20220218,135537500,13:55:37,6424,860,8959,54666940,0,0,0
sp2203,20220218,20220218,135538000,13:55:38,6424,860,8959,54666940,0,0,0
sp2203,20220218,20220218,135538500,13:55:39,6424,860,8959,54666940,0,0,0
sp2203,20220218,20220218,135539500,13:55:40,6424,860,8959,54666940,0,0,0
sp2203,20220218,20220218,135602000,13:56:03,6424,860,8959,54666940,0,0,0
sp2203,20220218,20220218,135602500,13:56:19,6424,860,8959,54666940,0,0,0
sp2203,20220218,20220218,135603000,13:56:19,6424,860,8959,54666940,0,0,0
sp2203,20220218,20220218,135603500,13:56:23,6424,860,8959,54666940,0,0,0
sp2203,20220218,20220218,135604000,13:56:23,6424,860,8959,54666940,0,0,0
sp2203,20220218,20220218,135618500,13:56:23,6424,860,8959,54666940,0,0,0
sp2203,20220218,20220218,135643000,13:56:43,6424,860,8959,54666940,0,0,0
sp2203,20220218,20220218,135643500,13:56:44,6424,860,8959,54666940,0,0,0
sp2203,20220218,20220218,135647000,13:56:48,6424,860,8959,54666940,0,0,0
sp2203,20220218,20220218,135647500,13:56:48,6424,860,8959,54666940,0,0,0
sp2203,20220218,20220218,135648000,13:56:48,6424,860,8959,54666940,0,0,0
sp2203,20220218,20220218,135649000,13:56:50,6424,860,8959,54666940,0,0,0
sp2203,20220218,20220218,135656000,13:56:56,6424,860,8959,54666940,0,0,0
sp2203,20220218,20220218,135656500,13:56:56,6424,860,8959,54666940,0,0,0
sp2203,20220218,20220218,135657000,13:56:57,6424,860,8959,54666940,0,0,0
sp2203,20220218,20220218,135700000,13:57:01,6424,860,8959,54666940,0,0,0
sp2203,20220218,20220218,135700500,13:57:01,6424,860,8959,54666940,0,0,0
sp2203,20220218,20220218,135701000,13:57:02,6424,860,8959,54666940,0,0,0
sp2203,20220218,20220218,135701500,13:57:02,6424,860,8959,54666940,0,0,0
sp2203,20220218,20220218,135702000,13:57:02,6424,860,8959,54666940,0,0,0
sp2203,20220218,20220218,135702500,13:57:02,6424,860,8959,54666940,0,0,0
sp2203,20220218,20220218,135703000,13:57:03,6424,860,8959,54666940,0,0,0
sp2203,20220218,20220218,135706000,13:57:06,6424,860,8959,54666940,0,0,0
sp2203,20220218,20220218,135706500,13:57:06,6424,860,8959,54666940,0,0,0
