sp2205,20220218,20220218,112002500,11:20:04,6416,167293,198420,10688302820,167293,-4665,10688302820
sp2205,20220218,20220218,112004500,11:20:10,6414,167306,198431,10689136660,13,11,833840
sp2205,20220218,20220218,112005000,11:20:10,6414,167306,198431,10689136660,0,0,0
sp2205,20220218,20220218,112006000,11:20:10,6416,167307,198431,10689200820,1,0,64160
sp2205,20220218,20220218,112006500,11:20:10,6416,167308,198432,10689264980,1,1,64160
sp2205,20220218,20220218,112007000,11:20:10,6416,167308,198432,10689264980,0,0,0
sp2205,20220218,20220218,112007500,11:20:10,6416,167310,198434,10689393280,2,2,128300
sp2205,20220218,20220218,112008500,11:20:10,6416,167310,198434,10689393280,0,0,0
sp2205,20220218,20220218,112009000,11:20:10,6414,167311,198435,10689457420,1,1,64140
sp2205,20220218,20220218,112010500,11:20:10,6414,167311,198435,10689457420,0,0,0
sp2205,20220218,20220218,112011000,11:20:11,6414,167311,198435,10689457420,0,0,0
sp2205,20220218,20220218,112011500,11:20:12,6414,167315,198435,10689713980,4,0,256560
sp2205,20220218,20220218,112012000,11:20:12,6414,167319,198436,10689970540,4,1,256560
sp2205,20220218,20220218,112012500,11:20:12,6414,167377,198406,10693690660,58,-30,3720120
sp2205,20220218,20220218,112013000,11:20:13,6414,167391,198403,10694588620,14,-3,897960
sp2205,20220218,20220218,112013500,11:20:13,6412,167392,198403,10694652740,1,0,64120
sp2205,20220218,20220218,112014000,11:20:14,6412,167396,198400,10694909220,4,-3,256480
sp2205,20220218,20220218,112014500,11:20:14,6414,167399,198399,10695101600,3,-1,192380
sp2205,20220218,20220218,112015000,11:20:15,6414,167399,198399,10695101600,0,0,0
sp2205,20220218,20220218,112015500,11:20:16,6412,167400,198398,10695165720,1,-1,64120
sp2205,20220218,20220218,112016000,11:20:16,6412,167404,198398,10695422240,4,0,256520
sp2205,20220218,20220218,112016500,11:20:16,6412,167404,198398,10695422240,0,0,0
sp2205,20220218,20220218,112017000,11:20:17,6414,167405,198398,10695486380,1,0,64140
sp2205,20220218,20220218,112017500,11:20:17,6414,167405,198398,10695486380,0,0,0
sp2205,20220218,20220218,112019000,11:20:19,6414,167407,198399,10695614640,2,1,128260
sp2205,20220218,20220218,112019500,11:20:20,6412,167408,198399,10695678760,1,0,64120
sp2205,20220218,20220218,112020000,11:20:20,6412,167408,198399,10695678760,0,0,0
sp2205,20220218,20220218,112020500,11:20:20,6414,167438,198393,10697602960,30,-6,1924200
sp2205,20220218,20220218,112021000,11:20:21,6412,167443,198395,10697923560,5,2,320600
sp2205,20220218,20220218,112021500,11:20:21,6412,167443,198395,10697923560,0,0,0
sp2205,20220218,20220218,112022000,11:20:22,6412,167444,198394,10697987680,1,-1,64120
sp2205,20220218,20220218,112022500,11:20:23,6412,167446,198394,10698115920,2,0,128240
sp2205,20220218,20220218,112023000,11:20:23,6412,167446,198394,10698115920,0,0,0
sp2205,20220218,20220218,112023500,11:20:23,6412,167447,198393,10698180040,1,-1,64120
sp2205,20220218,20220218,112024000,11:20:24,6412,167447,198393,10698180040,0,0,0
sp2205,20220218,20220218,112024500,11:20:24,6414,167456,198386,10698757300,9,-7,577260
sp2205,20220218,20220218,112025000,11:20:25,6414,167457,198387,10698821440,1,1,64140
sp2205,20220218,20220218,112025500,11:20:25,6414,167457,198387,10698821440,0,0,0
sp2205,20220218,20220218,112026000,11:20:26,6414,167457,198387,10698821440,0,0,0
sp2205,20220218,20220218,112026500,11:20:26,6412,167459,198386,10698949680,2,-1,128240
sp2205,20220218,20220218,112027000,11:20:27,6412,167459,198386,10698949680,0,0,0
sp2205,20220218,20220218,112027500,11:20:28,6412,167459,198386,10698949680,0,0,0
sp2205,20220218,20220218,112028000,11:20:28,6412,167459,198386,10698949680,0,0,0
sp2205,20220218,20220218,112028500,11:20:28,6412,167459,198386,10698949680,0,0,0
sp2205,20220218,20220218,112029000,11:20:29,6412,167459,198386,10698949680,0,0,0
sp2205,20220218,20220218,112029500,11:20:30,6412,167463,198384,10699206160,4,-2,256480
sp2205,20220218,20220218,112030000,11:20:31,6412,167466,198384,10699398560,3,0,192400
sp2205,20220218,20220218,112030500,11:20:31,6412,167466,198384,10699398560,0,0,0
sp2205,20220218,20220218,112031000,11:20:31,6412,167467,198385,10699462680,1,1,64120
sp2205,20220218,20220218,112031500,11:20:32,6412,167467,198385,10699462680,0,0,0
sp2205,20220218,20220218,112032000,11:20:32,6412,167469,198384,10699590920,2,-1,128240
sp2205,20220218,20220218,112032500,11:20:32,6412,167479,198390,10700232120,10,6,641200
sp2205,20220218,20220218,112033000,11:20:33,6412,167479,198390,10700232120,0,0,0
sp2205,20220218,20220218,112033500,11:20:33,6412,167479,198390,10700232120,0,0,0
sp2205,20220218,20220218,112034000,11:20:34,6412,167479,198390,10700232120,0,0,0
sp2205,20220218,20220218,112034500,11:20:35,6412,167480,198391,10700296240,1,1,64120
sp2205,20220218,20220218,112035000,11:20:35,6412,167481,198392,10700360360,1,1,64120
sp2205,20220218,20220218,112035500,11:20:35,6414,167482,198392,10700424500,1,0,64140
sp2205,20220218,20220218,112036000,11:20:36,6414,167490,198385,10700937620,8,-7,513120
sp2205,20220218,20220218,112036500,11:20:37,6414,167490,198385,10700937620,0,0,0
sp2205,20220218,20220218,112037000,11:20:37,6412,167514,198399,10702476500,24,14,1538880
sp2205,20220218,20220218,112037500,11:20:38,6412,167516,198400,10702604740,2,1,128240
sp2205,20220218,20220218,112038000,11:20:38,6412,167516,198400,10702604740,0,0,0
sp2205,20220218,20220218,112038500,11:20:38,6412,167527,198394,10703310060,11,-6,705320
sp2205,20220218,20220218,112039000,11:20:39,6412,167527,198394,10703310060,0,0,0
sp2205,20220218,20220218,112039500,11:20:40,6412,167527,198394,10703310060,0,0,0
sp2205,20220218,20220218,112040000,11:20:40,6412,167528,198393,10703374180,1,-1,64120
sp2205,20220218,20220218,112040500,11:20:41,6412,167531,198393,10703566540,3,0,192360
sp2205,20220218,20220218,112041000,11:20:41,6412,167533,198392,10703694780,2,-1,128240
sp2205,20220218,20220218,112041500,11:20:41,6412,167533,198392,10703694780,0,0,0
sp2205,20220218,20220218,112042000,11:20:42,6412,167536,198392,10703887140,3,0,192360
sp2205,20220218,20220218,112043000,11:20:43,6412,167538,198390,10704015380,2,-2,128240
sp2205,20220218,20220218,112043500,11:20:44,6412,167540,198390,10704143620,2,0,128240
sp2205,20220218,20220218,112044000,11:20:44,6412,167542,198390,10704271860,2,0,128240
sp2205,20220218,20220218,112044500,11:20:44,6412,167543,198390,10704335980,1,0,64120
sp2205,20220218,20220218,112045500,11:20:46,6412,167544,198389,10704400100,1,-1,64120
sp2205,20220218,20220218,112046000,11:20:46,6412,167544,198389,10704400100,0,0,0
sp2205,20220218,20220218,112047000,11:20:47,6414,167545,198389,10704464240,1,0,64140
sp2205,20220218,20220218,112047500,11:20:48,6412,167546,198388,10704528360,1,-1,64120
sp2205,20220218,20220218,112048000,11:20:48,6412,167546,198388,10704528360,0,0,0
sp2205,20220218,20220218,112048500,11:20:50,6412,167546,198388,10704528360,0,0,0
sp2205,20220218,20220218,112049000,11:20:50,6412,167550,198385,10704784840,4,-3,256480
sp2205,20220218,20220218,112049500,11:20:50,6412,167562,198378,10705554280,12,-7,769440
sp2205,20220218,20220218,112050500,11:20:51,6412,167562,198378,10705554280,0,0,0
sp2205,20220218,20220218,112051500,11:20:51,6414,167566,198377,10705810840,4,-1,256560
sp2205,20220218,20220218,112052000,11:20:52,6414,167566,198377,10705810840,0,0,0
sp2205,20220218,20220218,112052500,11:20:53,6414,167566,198377,10705810840,0,0,0
sp2205,20220218,20220218,112053000,11:20:53,6414,167566,198377,10705810840,0,0,0
sp2205,20220218,20220218,112054000,11:20:54,6414,167566,198377,10705810840,0,0,0
sp2205,20220218,20220218,112054500,11:20:55,6412,167568,198378,10705939080,2,1,128240
sp2205,20220218,20220218,112055000,11:20:55,6412,167568,198378,10705939080,0,0,0
sp2205,20220218,20220218,112055500,11:20:56,6412,167568,198378,10705939080,0,0,0
sp2205,20220218,20220218,112056000,11:20:56,6412,167568,198378,10705939080,0,0,0
sp2205,20220218,20220218,112056500,11:20:56,6414,167574,198381,10706323920,6,3,384840
sp2205,20220218,20220218,112057000,11:20:57,6414,167612,198382,10708761240,38,1,2437320
sp2205,20220218,20220218,112057500,11:20:58,6414,167612,198382,10708761240,0,0,0
sp2205,20220218,20220218,112058000,11:20:58,6414,167613,198383,10708825380,1,1,64140
sp2205,20220218,20220218,112058500,11:20:59,6416,167614,198383,10708889540,1,0,64160
sp2205,20220218,20220218,112059000,11:20:59,6416,167614,198383,10708889540,0,0,0
sp2205,20220218,20220218,112059500,11:21:00,6416,167615,198383,10708953700,1,0,64160
sp2205,20220218,20220218,112100000,11:21:00,6416,167616,198383,10709017860,1,0,64160
sp2205,20220218,20220218,112100500,11:21:01,6416,167617,198384,10709082020,1,1,64160
sp2205,20220218,20220218,112101000,11:21:01,6414,167632,198397,10710044120,15,13,962100
sp2205,20220218,20220218,112101500,11:21:02,6414,167632,198397,10710044120,0,0,0
sp2205,20220218,20220218,112102000,11:21:02,6414,167632,198397,10710044120,0,0,0
sp2205,20220218,20220218,112102500,11:21:03,6416,167638,198403,10710429080,6,6,384960
sp2205,20220218,20220218,112103000,11:21:03,6416,167691,198413,10713829560,53,10,3400480
sp2205,20220218,20220218,112103500,11:21:03,6418,167694,198413,10714022100,3,0,192540
sp2205,20220218,20220218,112104000,11:21:04,6418,167694,198413,10714022100,0,0,0
sp2205,20220218,20220218,112104500,11:21:05,6418,167697,198414,10714214640,3,1,192540
sp2205,20220218,20220218,112105000,11:21:05,6418,167724,198402,10715947500,27,-12,1732860
sp2205,20220218,20220218,112105500,11:21:07,6418,167724,198402,10715947500,0,0,0
sp2205,20220218,20220218,112106000,11:21:07,6418,167724,198402,10715947500,0,0,0
sp2205,20220218,20220218,112106500,11:21:07,6418,167729,198401,10716268400,5,-1,320900
sp2205,20220218,20220218,112107000,11:21:09,6418,167729,198401,10716268400,0,0,0
sp2205,20220218,20220218,112107500,11:21:10,6418,167734,198406,10716589300,5,5,320900
sp2205,20220218,20220218,112108000,11:21:10,6418,167734,198406,10716589300,0,0,0
sp2205,20220218,20220218,112108500,11:21:10,6418,167740,198412,10716974380,6,6,385080
sp2205,20220218,20220218,112110000,11:21:11,6420,167743,198411,10717166940,3,-1,192560
sp2205,20220218,20220218,112110500,11:21:11,6420,167753,198409,10717808900,10,-2,641960
sp2205,20220218,20220218,112111000,11:21:11,6418,167754,198408,10717873080,1,-1,64180
sp2205,20220218,20220218,112111500,11:21:12,6420,167760,198409,10718258280,6,1,385200
sp2205,20220218,20220218,112112000,11:21:12,6420,167761,198409,10718322480,1,0,64200
sp2205,20220218,20220218,112112500,11:21:12,6418,167762,198409,10718386660,1,0,64180
sp2205,20220218,20220218,112113000,11:21:13,6420,167763,198409,10718450860,1,0,64200
sp2205,20220218,20220218,112113500,11:21:13,6420,167767,198405,10718707640,4,-4,256780
sp2205,20220218,20220218,112114000,11:21:14,6420,167768,198406,10718771840,1,1,64200
sp2205,20220218,20220218,112114500,11:21:14,6420,167768,198406,10718771840,0,0,0
sp2205,20220218,20220218,112115000,11:21:15,6420,167768,198406,10718771840,0,0,0
sp2205,20220218,20220218,112115500,11:21:15,6420,167768,198406,10718771840,0,0,0
sp2205,20220218,20220218,112116000,11:21:16,6420,167768,198406,10718771840,0,0,0
sp2205,20220218,20220218,112116500,11:21:16,6420,167768,198406,10718771840,0,0,0
sp2205,20220218,20220218,112117000,11:21:17,6418,167770,198406,10718900200,2,0,128360
sp2205,20220218,20220218,112117500,11:21:18,6420,167775,198410,10719221180,5,4,320980
sp2205,20220218,20220218,112118000,11:21:18,6420,167786,198408,10719927200,11,-2,706020
sp2205,20220218,20220218,112118500,11:21:18,6420,167786,198408,10719927200,0,0,0
sp2205,20220218,20220218,112119000,11:21:19,6418,167791,198407,10720248100,5,-1,320900
sp2205,20220218,20220218,112119500,11:21:19,6420,167792,198407,10720312300,1,0,64200
sp2205,20220218,20220218,112120000,11:21:20,6420,167792,198407,10720312300,0,0,0
sp2205,20220218,20220218,112120500,11:21:21,6418,167793,198408,10720376480,1,1,64180
sp2205,20220218,20220218,112121000,11:21:22,6418,167795,198409,10720504860,2,1,128380
sp2205,20220218,20220218,112122500,11:21:22,6418,167795,198409,10720504860,0,0,0
sp2205,20220218,20220218,112123000,11:21:23,6418,167795,198409,10720504860,0,0,0
sp2205,20220218,20220218,112123500,11:21:23,6418,167798,198412,10720697440,3,3,192580
sp2205,20220218,20220218,112124000,11:21:24,6418,167798,198412,10720697440,0,0,0
sp2205,20220218,20220218,112125000,11:21:57,6418,167798,198412,10720697440,0,0,0
sp2205,20220218,20220218,112125500,11:23:32,6418,167798,198412,10720697440,0,0,0
sp2205,20220218,20220218,112126000,11:23:32,6418,167798,198412,10720697440,0,0,0
sp2205,20220218,20220218,112126500,11:23:33,6418,167808,198406,10721339240,10,-6,641800
sp2205,20220218,20220218,112332500,11:23:33,6418,167808,198406,10721339240,0,0,0
sp2205,20220218,20220218,112333000,11:23:33,6412,168186,198436,10745590860,378,30,24251620
sp2205,20220218,20220218,112333500,11:23:33,6412,168202,198434,10746617060,16,-2,1026200
sp2205,20220218,20220218,112334000,11:23:34,6414,168203,198434,10746681200,1,0,64140
sp2205,20220218,20220218,112334500,11:23:34,6414,168204,198435,10746745340,1,1,64140
sp2205,20220218,20220218,112335000,11:23:35,6416,168210,198438,10747130200,6,3,384860
sp2205,20220218,20220218,112335500,11:23:35,6412,168211,198437,10747194320,1,-1,64120
sp2205,20220218,20220218,112336000,11:23:36,6414,168213,198437,10747322600,2,0,128280
sp2205,20220218,20220218,112336500,11:23:38,6414,168213,198437,10747322600,0,0,0
sp2205,20220218,20220218,112337000,11:23:38,6414,168213,198437,10747322600,0,0,0
sp2205,20220218,20220218,112337500,11:23:38,6414,168214,198437,10747386740,1,0,64140
sp2205,20220218,20220218,112338000,11:23:38,6414,168214,198437,10747386740,0,0,0
sp2205,20220218,20220218,112338500,11:23:38,6414,168215,198437,10747450880,1,0,64140
sp2205,20220218,20220218,112339000,11:23:39,6414,168215,198437,10747450880,0,0,0
sp2205,20220218,20220218,112339500,11:23:39,6414,168215,198437,10747450880,0,0,0
sp2205,20220218,20220218,112340000,11:23:40,6416,168219,198435,10747707480,4,-2,256600
sp2205,20220218,20220218,112340500,11:23:40,6416,168219,198435,10747707480,0,0,0
sp2205,20220218,20220218,112341000,11:23:41,6416,168219,198435,10747707480,0,0,0
sp2205,20220218,20220218,112341500,11:23:42,6416,168219,198435,10747707480,0,0,0
sp2205,20220218,20220218,112342000,11:23:42,6416,168220,198436,10747771640,1,1,64160
sp2205,20220218,20220218,112342500,11:23:42,6414,168223,198436,10747964100,3,0,192460
sp2205,20220218,20220218,112343000,11:23:43,6416,168231,198443,10748477380,8,7,513280
sp2205,20220218,20220218,112343500,11:23:43,6416,168231,198443,10748477380,0,0,0
sp2205,20220218,20220218,112344000,11:23:45,6416,168231,198443,10748477380,0,0,0
sp2205,20220218,20220218,112344500,11:23:48,6416,168231,198443,10748477380,0,0,0
sp2205,20220218,20220218,112345000,11:23:48,6416,168231,198443,10748477380,0,0,0
sp2205,20220218,20220218,112345500,11:23:48,6416,168231,198443,10748477380,0,0,0
sp2205,20220218,20220218,112346000,11:23:48,6416,168231,198443,10748477380,0,0,0
sp2205,20220218,20220218,112348000,11:23:48,6418,168239,198446,10748990760,8,3,513380
sp2205,20220218,20220218,112348500,11:23:49,6416,168241,198447,10749119080,2,1,128320
sp2205,20220218,20220218,112349000,11:23:49,6416,168244,198450,10749311560,3,3,192480
sp2205,20220218,20220218,112349500,11:23:50,6416,168249,198449,10749632360,5,-1,320800
sp2205,20220218,20220218,112350000,11:23:50,6416,168249,198449,10749632360,0,0,0
sp2205,20220218,20220218,112350500,11:23:50,6416,168250,198449,10749696520,1,0,64160
sp2205,20220218,20220218,112351000,11:23:51,6416,168250,198449,10749696520,0,0,0
sp2205,20220218,20220218,112351500,11:23:51,6416,168250,198449,10749696520,0,0,0
sp2205,20220218,20220218,112352000,11:23:52,6416,168250,198449,10749696520,0,0,0
sp2205,20220218,20220218,112352500,11:23:52,6416,168253,198450,10749889000,3,1,192480
sp2205,20220218,20220218,112353000,11:23:53,6414,168254,198450,10749953140,1,0,64140
sp2205,20220218,20220218,112353500,11:23:53,6414,168254,198450,10749953140,0,0,0
sp2205,20220218,20220218,112354000,11:23:54,6416,168255,198450,10750017300,1,0,64160
sp2205,20220218,20220218,112354500,11:23:55,6416,168262,198450,10750466420,7,0,449120
sp2205,20220218,20220218,112355000,11:23:55,6416,168271,198449,10751043860,9,-1,577440
sp2205,20220218,20220218,112355500,11:23:55,6416,168271,198449,10751043860,0,0,0
sp2205,20220218,20220218,112356000,11:23:56,6418,168278,198452,10751493100,7,3,449240
sp2205,20220218,20220218,112356500,11:23:56,6418,168279,198452,10751557280,1,0,64180
sp2205,20220218,20220218,112357000,11:23:57,6418,168280,198452,10751621460,1,0,64180
sp2205,20220218,20220218,112357500,11:23:57,6416,168283,198451,10751813960,3,-1,192500
sp2205,20220218,20220218,112358000,11:23:58,6416,168284,198451,10751878120,1,0,64160
sp2205,20220218,20220218,112358500,11:23:58,6416,168284,198451,10751878120,0,0,0
sp2205,20220218,20220218,112359500,11:23:59,6416,168294,198457,10752519720,10,6,641600
sp2205,20220218,20220218,112400000,11:24:00,6418,168296,198457,10752648060,2,0,128340
sp2205,20220218,20220218,112400500,11:24:00,6418,168313,198459,10753739040,17,2,1090980
sp2205,20220218,20220218,112401000,11:24:01,6418,168328,198447,10754701740,15,-12,962700
sp2205,20220218,20220218,112401500,11:24:01,6418,168330,198445,10754830100,2,-2,128360
sp2205,20220218,20220218,112402000,11:24:02,6416,168333,198446,10755022600,3,1,192500
sp2205,20220218,20220218,112402500,11:24:02,6416,168333,198446,10755022600,0,0,0
sp2205,20220218,20220218,112403000,11:24:03,6416,168333,198446,10755022600,0,0,0
sp2205,20220218,20220218,112403500,11:24:03,6416,168333,198446,10755022600,0,0,0
sp2205,20220218,20220218,112404000,11:24:04,6418,168335,198445,10755150960,2,-1,128360
sp2205,20220218,20220218,112404500,11:24:04,6416,168337,198445,10755279300,2,0,128340
sp2205,20220218,20220218,112406000,11:24:06,6416,168338,198445,10755343460,1,0,64160
sp2205,20220218,20220218,112406500,11:24:06,6418,168339,198445,10755407640,1,0,64180
sp2205,20220218,20220218,112407000,11:24:07,6416,168344,198450,10755728440,5,5,320800
sp2205,20220218,20220218,112407500,11:24:08,6418,168345,198450,10755792620,1,0,64180
sp2205,20220218,20220218,112408000,11:24:08,6418,168345,198450,10755792620,0,0,0
sp2205,20220218,20220218,112409000,11:24:09,6416,168346,198450,10755856780,1,0,64160
sp2205,20220218,20220218,112409500,11:24:11,6416,168348,198449,10755985100,2,-1,128320
sp2205,20220218,20220218,112410000,11:24:12,6416,168348,198449,10755985100,0,0,0
sp2205,20220218,20220218,112410500,11:24:12,6416,168349,198450,10756049260,1,1,64160
sp2205,20220218,20220218,112411000,11:24:12,6416,168349,198450,10756049260,0,0,0
sp2205,20220218,20220218,112411500,11:24:12,6416,168349,198450,10756049260,0,0,0
sp2205,20220218,20220218,112412500,11:24:12,6418,168350,198450,10756113440,1,0,64180
sp2205,20220218,20220218,112413000,11:24:13,6418,168356,198449,10756498520,6,-1,385080
sp2205,20220218,20220218,112413500,11:24:14,6418,168358,198451,10756626880,2,2,128360
sp2205,20220218,20220218,112414000,11:24:14,6418,168365,198455,10757076140,7,4,449260
sp2205,20220218,20220218,112414500,11:24:14,6418,168371,198458,10757461180,6,3,385040
sp2205,20220218,20220218,112415000,11:24:15,6418,168377,198462,10757846260,6,4,385080
sp2205,20220218,20220218,112415500,11:24:15,6418,168377,198462,10757846260,0,0,0
sp2205,20220218,20220218,112416000,11:24:16,6418,168378,198462,10757910440,1,0,64180
sp2205,20220218,20220218,112416500,11:24:17,6418,168379,198461,10757974620,1,-1,64180
sp2205,20220218,20220218,112417000,11:24:17,6418,168379,198461,10757974620,0,0,0
sp2205,20220218,20220218,112417500,11:24:18,6418,168379,198461,10757974620,0,0,0
sp2205,20220218,20220218,112418000,11:24:18,6418,168381,198461,10758102980,2,0,128360
sp2205,20220218,20220218,112418500,11:24:19,6418,168382,198461,10758167160,1,0,64180
sp2205,20220218,20220218,112419500,11:24:19,6416,168383,198462,10758231320,1,1,64160
sp2205,20220218,20220218,112420500,11:24:20,6416,168384,198463,10758295480,1,1,64160
sp2205,20220218,20220218,112421000,11:24:21,6416,168384,198463,10758295480,0,0,0
sp2205,20220218,20220218,112421500,11:24:22,6416,168384,198463,10758295480,0,0,0
sp2205,20220218,20220218,112422000,11:24:22,6416,168385,198463,10758359640,1,0,64160
sp2205,20220218,20220218,112423500,11:24:23,6416,168385,198463,10758359640,0,0,0
sp2205,20220218,20220218,112424000,11:24:24,6416,168386,198463,10758423800,1,0,64160
sp2205,20220218,20220218,112424500,11:24:24,6416,168386,198463,10758423800,0,0,0
sp2205,20220218,20220218,112425000,11:24:25,6418,168388,198465,10758552160,2,2,128360
sp2205,20220218,20220218,112425500,11:24:25,6416,168391,198466,10758744660,3,1,192500
sp2205,20220218,20220218,112426000,11:24:26,6416,168391,198466,10758744660,0,0,0
sp2205,20220218,20220218,112426500,11:24:26,6416,168392,198467,10758808820,1,1,64160
sp2205,20220218,20220218,112427000,11:24:27,6416,168392,198467,10758808820,0,0,0
sp2205,20220218,20220218,112427500,11:24:28,6418,168401,198466,10759386440,9,-1,577620
sp2205,20220218,20220218,112428000,11:24:28,6416,168402,198467,10759450600,1,1,64160
sp2205,20220218,20220218,112428500,11:24:28,6416,168402,198467,10759450600,0,0,0
sp2205,20220218,20220218,112429000,11:24:29,6418,168421,198481,10760670020,19,14,1219420
sp2205,20220218,20220218,112429500,11:24:29,6418,168421,198481,10760670020,0,0,0
sp2205,20220218,20220218,112430000,11:24:30,6420,168425,198484,10760926760,4,3,256740
sp2205,20220218,20220218,112430500,11:24:30,6418,168434,198489,10761504380,9,5,577620
sp2205,20220218,20220218,112431000,11:24:31,6418,168443,198496,10762082000,9,7,577620
sp2205,20220218,20220218,112431500,11:24:31,6416,168444,198496,10762146160,1,0,64160
sp2205,20220218,20220218,112432000,11:24:32,6418,168447,198497,10762338700,3,1,192540
sp2205,20220218,20220218,112432500,11:24:32,6418,168451,198494,10762595440,4,-3,256740
sp2205,20220218,20220218,112433000,11:24:33,6418,168451,198494,10762595440,0,0,0
sp2205,20220218,20220218,112433500,11:24:33,6416,168453,198492,10762723760,2,-2,128320
sp2205,20220218,20220218,112434000,11:24:34,6416,168454,198492,10762787920,1,0,64160
sp2205,20220218,20220218,112434500,11:24:34,6416,168454,198492,10762787920,0,0,0
sp2205,20220218,20220218,112435000,11:24:35,6418,168457,198489,10762980460,3,-3,192540
sp2205,20220218,20220218,112435500,11:24:35,6418,168457,198489,10762980460,0,0,0
sp2205,20220218,20220218,112437500,11:24:37,6418,168457,198489,10762980460,0,0,0
sp2205,20220218,20220218,112438500,11:24:39,6418,168457,198489,10762980460,0,0,0
sp2205,20220218,20220218,112439000,11:24:40,6418,168458,198489,10763044640,1,0,64180
sp2205,20220218,20220218,112439500,11:24:40,6418,168458,198489,10763044640,0,0,0
sp2205,20220218,20220218,112440000,11:24:40,6418,168458,198489,10763044640,0,0,0
sp2205,20220218,20220218,112440500,11:24:40,6418,168458,198489,10763044640,0,0,0
sp2205,20220218,20220218,112441000,11:24:41,6416,168459,198489,10763108800,1,0,64160
sp2205,20220218,20220218,112441500,11:24:41,6418,168461,198490,10763237140,2,1,128340
sp2205,20220218,20220218,112442000,11:24:42,6418,168461,198490,10763237140,0,0,0
sp2205,20220218,20220218,112442500,11:24:42,6418,168463,198490,10763365480,2,0,128340
sp2205,20220218,20220218,112443000,11:24:43,6416,168465,198492,10763493800,2,2,128320
sp2205,20220218,20220218,112443500,11:24:43,6416,168530,198551,10767664200,65,59,4170400
sp2205,20220218,20220218,112444000,11:24:44,6416,168541,198542,10768369940,11,-9,705740
sp2205,20220218,20220218,112444500,11:24:44,6416,168541,198542,10768369940,0,0,0
sp2205,20220218,20220218,112445000,11:24:45,6416,168541,198542,10768369940,0,0,0
sp2205,20220218,20220218,112445500,11:24:45,6416,168541,198542,10768369940,0,0,0
sp2205,20220218,20220218,112446000,11:24:46,6414,168542,198543,10768434080,1,1,64140
sp2205,20220218,20220218,112447000,11:24:47,6416,168543,198543,10768498240,1,0,64160
sp2205,20220218,20220218,112447500,11:24:47,6416,168545,198542,10768626540,2,-1,128300
sp2205,20220218,20220218,112448000,11:24:48,6416,168545,198542,10768626540,0,0,0
sp2205,20220218,20220218,112449500,11:24:49,6416,168545,198542,10768626540,0,0,0
sp2205,20220218,20220218,112450000,11:24:50,6416,168545,198542,10768626540,0,0,0
sp2205,20220218,20220218,112450500,11:24:50,6416,168545,198542,10768626540,0,0,0
sp2205,20220218,20220218,112451000,11:24:51,6414,168550,198541,10768947320,5,-1,320780
sp2205,20220218,20220218,112451500,11:24:51,6414,168553,198538,10769139740,3,-3,192420
sp2205,20220218,20220218,112452000,11:24:52,6414,168553,198538,10769139740,0,0,0
sp2205,20220218,20220218,112452500,11:24:52,6414,168553,198538,10769139740,0,0,0
sp2205,20220218,20220218,112453000,11:24:53,6414,168553,198538,10769139740,0,0,0
sp2205,20220218,20220218,112453500,11:24:53,6414,168553,198538,10769139740,0,0,0
sp2205,20220218,20220218,112454000,11:24:54,6416,168554,198539,10769203900,1,1,64160
sp2205,20220218,20220218,112454500,11:24:54,6416,168554,198539,10769203900,0,0,0
sp2205,20220218,20220218,112455000,11:24:55,6414,168555,198539,10769268040,1,0,64140
sp2205,20220218,20220218,112455500,11:24:56,6416,168557,198537,10769396360,2,-2,128320
sp2205,20220218,20220218,112456000,11:24:56,6414,168558,198537,10769460500,1,0,64140
sp2205,20220218,20220218,112456500,11:24:56,6414,168558,198537,10769460500,0,0,0
sp2205,20220218,20220218,112457000,11:24:57,6414,168558,198537,10769460500,0,0,0
sp2205,20220218,20220218,112457500,11:24:57,6414,168559,198536,10769524640,1,-1,64140
sp2205,20220218,20220218,112458000,11:24:58,6414,168569,198530,10770166220,10,-6,641580
sp2205,20220218,20220218,112458500,11:24:58,6414,168569,198530,10770166220,0,0,0
sp2205,20220218,20220218,112459000,11:24:59,6414,168571,198529,10770294500,2,-1,128280
sp2205,20220218,20220218,112459500,11:24:59,6416,168572,198529,10770358660,1,0,64160
sp2205,20220218,20220218,112500000,11:25:00,6416,168572,198529,10770358660,0,0,0
sp2205,20220218,20220218,112500500,11:25:01,6416,168572,198529,10770358660,0,0,0
sp2205,20220218,20220218,112501000,11:25:01,6416,168593,198537,10771705620,21,8,1346960
sp2205,20220218,20220218,112501500,11:25:03,6416,168594,198537,10771769780,1,0,64160
sp2205,20220218,20220218,112502000,11:25:05,6416,168594,198537,10771769780,0,0,0
sp2205,20220218,20220218,112502500,11:25:06,6416,168594,198537,10771769780,0,0,0
sp2205,20220218,20220218,112503000,11:25:06,6414,168595,198537,10771833920,1,0,64140
sp2205,20220218,20220218,112505000,11:25:06,6416,168597,198536,10771962220,2,-1,128300
sp2205,20220218,20220218,112505500,11:25:06,6416,168597,198536,10771962220,0,0,0
sp2205,20220218,20220218,112506000,11:25:06,6416,168597,198536,10771962220,0,0,0
sp2205,20220218,20220218,112506500,11:25:07,6414,168598,198537,10772026360,1,1,64140
sp2205,20220218,20220218,112507000,11:25:07,6414,168608,198535,10772667760,10,-2,641400
sp2205,20220218,20220218,112507500,11:25:07,6416,168609,198535,10772731920,1,0,64160
sp2205,20220218,20220218,112508000,11:25:08,6416,168610,198535,10772796080,1,0,64160
sp2205,20220218,20220218,112508500,11:25:08,6416,168610,198535,10772796080,0,0,0
sp2205,20220218,20220218,112509500,11:25:09,6414,168615,198530,10773116780,5,-5,320700
sp2205,20220218,20220218,112510000,11:25:10,6414,168615,198530,10773116780,0,0,0
sp2205,20220218,20220218,112510500,11:25:10,6414,168616,198530,10773180920,1,0,64140
sp2205,20220218,20220218,112511000,11:25:11,6414,168617,198529,10773245060,1,-1,64140
sp2205,20220218,20220218,112511500,11:25:11,6414,168618,198529,10773309200,1,0,64140
sp2205,20220218,20220218,112512000,11:25:12,6414,168618,198529,10773309200,0,0,0
sp2205,20220218,20220218,112512500,11:25:12,6416,168619,198529,10773373360,1,0,64160
sp2205,20220218,20220218,112513000,11:25:13,6414,168620,198530,10773437500,1,1,64140
sp2205,20220218,20220218,112513500,11:25:15,6414,168621,198530,10773501640,1,0,64140
sp2205,20220218,20220218,112514000,11:25:15,6414,168621,198530,10773501640,0,0,0
sp2205,20220218,20220218,112515000,11:25:16,6414,168621,198530,10773501640,0,0,0
sp2205,20220218,20220218,112515500,11:25:16,6416,168624,198532,10773694120,3,2,192480
sp2205,20220218,20220218,112516500,11:25:16,6416,168624,198532,10773694120,0,0,0
sp2205,20220218,20220218,112517000,11:25:17,6416,168624,198532,10773694120,0,0,0
sp2205,20220218,20220218,112517500,11:25:18,6414,168625,198532,10773758260,1,0,64140
sp2205,20220218,20220218,112518000,11:25:18,6414,168625,198532,10773758260,0,0,0
sp2205,20220218,20220218,112518500,11:25:19,6414,168625,198532,10773758260,0,0,0
sp2205,20220218,20220218,112519000,11:25:19,6414,168626,198532,10773822400,1,0,64140
sp2205,20220218,20220218,112519500,11:25:19,6414,168626,198532,10773822400,0,0,0
sp2205,20220218,20220218,112520000,11:25:20,6416,168627,198532,10773886560,1,0,64160
sp2205,20220218,20220218,112520500,11:25:21,6416,168628,198532,10773950720,1,0,64160
sp2205,20220218,20220218,112521000,11:25:21,6416,168628,198532,10773950720,0,0,0
sp2205,20220218,20220218,112521500,11:25:22,6416,168628,198532,10773950720,0,0,0
sp2205,20220218,20220218,112522500,11:25:22,6416,168631,198535,10774143200,3,3,192480
sp2205,20220218,20220218,112523000,11:25:23,6416,168631,198535,10774143200,0,0,0
sp2205,20220218,20220218,112523500,11:25:24,6416,168639,198531,10774656340,8,-4,513140
sp2205,20220218,20220218,112524000,11:25:24,6416,168639,198531,10774656340,0,0,0
sp2205,20220218,20220218,112524500,11:25:25,6414,168661,198513,10776067420,22,-18,1411080
sp2205,20220218,20220218,112525000,11:25:25,6414,168662,198512,10776131560,1,-1,64140
sp2205,20220218,20220218,112525500,11:25:26,6414,168662,198512,10776131560,0,0,0
sp2205,20220218,20220218,112526500,11:25:27,6414,168662,198512,10776131560,0,0,0
sp2205,20220218,20220218,112527500,11:25:28,6414,168665,198509,10776323980,3,-3,192420
sp2205,20220218,20220218,112528000,11:25:28,6412,168666,198510,10776388100,1,1,64120
sp2205,20220218,20220218,112528500,11:25:28,6414,168669,198507,10776580520,3,-3,192420
sp2205,20220218,20220218,112529000,11:25:29,6414,168669,198507,10776580520,0,0,0
sp2205,20220218,20220218,112529500,11:25:30,6414,168670,198507,10776644660,1,0,64140
sp2205,20220218,20220218,112530000,11:25:30,6414,168670,198507,10776644660,0,0,0
sp2205,20220218,20220218,112530500,11:25:31,6412,168671,198508,10776708780,1,1,64120
sp2205,20220218,20220218,112531000,11:25:31,6412,168671,198508,10776708780,0,0,0
sp2205,20220218,20220218,112531500,11:25:32,6412,168671,198508,10776708780,0,0,0
sp2205,20220218,20220218,112532000,11:25:32,6412,168674,198507,10776901160,3,-1,192380
sp2205,20220218,20220218,112532500,11:25:33,6412,168674,198507,10776901160,0,0,0
sp2205,20220218,20220218,112533000,11:25:33,6414,168675,198506,10776965300,1,-1,64140
sp2205,20220218,20220218,112533500,11:25:33,6414,168680,198503,10777285940,5,-3,320640
sp2205,20220218,20220218,112534500,11:25:34,6414,168680,198503,10777285940,0,0,0
sp2205,20220218,20220218,112535000,11:25:36,6412,168681,198504,10777350060,1,1,64120
sp2205,20220218,20220218,112535500,11:25:37,6412,168684,198507,10777542420,3,3,192360
sp2205,20220218,20220218,112536000,11:25:37,6412,168685,198507,10777606540,1,0,64120
sp2205,20220218,20220218,112536500,11:25:37,6412,168685,198507,10777606540,0,0,0
sp2205,20220218,20220218,112537000,11:25:37,6412,168686,198508,10777670660,1,1,64120
sp2205,20220218,20220218,112537500,11:25:38,6412,168686,198508,10777670660,0,0,0
sp2205,20220218,20220218,112538000,11:25:38,6412,168690,198506,10777927140,4,-2,256480
sp2205,20220218,20220218,112538500,11:25:39,6412,168690,198506,10777927140,0,0,0
sp2205,20220218,20220218,112539000,11:25:39,6412,168691,198506,10777991260,1,0,64120
sp2205,20220218,20220218,112539500,11:25:40,6412,168691,198506,10777991260,0,0,0
sp2205,20220218,20220218,112540000,11:25:40,6412,168693,198508,10778119500,2,2,128240
sp2205,20220218,20220218,112540500,11:25:40,6412,168693,198508,10778119500,0,0,0
sp2205,20220218,20220218,112541000,11:25:41,6412,168693,198508,10778119500,0,0,0
sp2205,20220218,20220218,112541500,11:25:41,6412,168693,198508,10778119500,0,0,0
sp2205,20220218,20220218,112542000,11:25:42,6412,168693,198508,10778119500,0,0,0
sp2205,20220218,20220218,112542500,11:25:42,6412,168693,198508,10778119500,0,0,0
sp2205,20220218,20220218,112543000,11:25:43,6412,168693,198508,10778119500,0,0,0
sp2205,20220218,20220218,112543500,11:25:43,6412,168696,198506,10778311860,3,-2,192360
sp2205,20220218,20220218,112544000,11:25:44,6412,168698,198508,10778440100,2,2,128240
sp2205,20220218,20220218,112544500,11:25:44,6412,168700,198508,10778568340,2,0,128240
sp2205,20220218,20220218,112545000,11:25:45,6414,168701,198508,10778632480,1,0,64140
sp2205,20220218,20220218,112545500,11:25:46,6414,168701,198508,10778632480,0,0,0
sp2205,20220218,20220218,112546000,11:25:46,6414,168701,198508,10778632480,0,0,0
sp2205,20220218,20220218,112546500,11:25:47,6412,168735,198481,10780812560,34,-27,2180080
sp2205,20220218,20220218,112547000,11:25:48,6412,168737,198480,10780940780,2,-1,128220
sp2205,20220218,20220218,112547500,11:25:48,6412,168743,198474,10781325500,6,-6,384720
sp2205,20220218,20220218,112548000,11:25:48,6412,168743,198474,10781325500,0,0,0
sp2205,20220218,20220218,112548500,11:25:48,6410,168745,198472,10781453720,2,-2,128220
sp2205,20220218,20220218,112549000,11:25:49,6410,168749,198468,10781710120,4,-4,256400
sp2205,20220218,20220218,112549500,11:25:49,6412,168750,198467,10781774240,1,-1,64120
sp2205,20220218,20220218,112550000,11:25:50,6412,168758,198459,10782287200,8,-8,512960
sp2205,20220218,20220218,112550500,11:25:50,6412,168768,198455,10782928460,10,-4,641260
sp2205,20220218,20220218,112551000,11:25:51,6412,168768,198455,10782928460,0,0,0
sp2205,20220218,20220218,112551500,11:25:51,6412,168769,198455,10782992580,1,0,64120
sp2205,20220218,20220218,112552000,11:25:52,6412,168771,198456,10783120820,2,1,128240
sp2205,20220218,20220218,112552500,11:25:52,6412,168781,198458,10783762020,10,2,641200
sp2205,20220218,20220218,112553000,11:25:53,6412,168781,198458,10783762020,0,0,0
sp2205,20220218,20220218,112553500,11:25:54,6410,168782,198458,10783826120,1,0,64100
sp2205,20220218,20220218,112554000,11:25:54,6410,168782,198458,10783826120,0,0,0
sp2205,20220218,20220218,112554500,11:25:54,6412,168783,198457,10783890240,1,-1,64120
sp2205,20220218,20220218,112555000,11:25:55,6410,168789,198452,10784274940,6,-5,384700
sp2205,20220218,20220218,112555500,11:25:56,6410,168790,198452,10784339040,1,0,64100
sp2205,20220218,20220218,112556000,11:25:57,6412,168792,198450,10784467280,2,-2,128240
sp2205,20220218,20220218,112556500,11:25:57,6412,168793,198449,10784531400,1,-1,64120
sp2205,20220218,20220218,112557000,11:25:57,6410,168801,198454,10785044200,8,5,512800
sp2205,20220218,20220218,112557500,11:25:57,6412,168802,198453,10785108320,1,-1,64120
sp2205,20220218,20220218,112558000,11:25:59,6412,168803,198452,10785172440,1,-1,64120
sp2205,20220218,20220218,112558500,11:25:59,6412,168809,198446,10785557160,6,-6,384720
sp2205,20220218,20220218,112559000,11:26:00,6410,168815,198445,10785941860,6,-1,384700
sp2205,20220218,20220218,112559500,11:26:00,6412,168816,198445,10786005980,1,0,64120
sp2205,20220218,20220218,112600000,11:26:00,6412,168821,198445,10786326580,5,0,320600
sp2205,20220218,20220218,112600500,11:26:01,6412,168822,198444,10786390700,1,-1,64120
sp2205,20220218,20220218,112601000,11:26:01,6412,168824,198443,10786518940,2,-1,128240
sp2205,20220218,20220218,112601500,11:26:02,6412,168826,198442,10786647160,2,-1,128220
sp2205,20220218,20220218,112602000,11:26:03,6412,168853,198422,10788378400,27,-20,1731240
sp2205,20220218,20220218,112602500,11:26:03,6412,168854,198422,10788442520,1,0,64120
sp2205,20220218,20220218,112603000,11:26:03,6412,168854,198422,10788442520,0,0,0
sp2205,20220218,20220218,112603500,11:26:03,6412,168855,198422,10788506640,1,0,64120
sp2205,20220218,20220218,112604000,11:26:05,6414,168858,198421,10788699040,3,-1,192400
sp2205,20220218,20220218,112604500,11:26:05,6412,168862,198425,10788955520,4,4,256480
sp2205,20220218,20220218,112605000,11:26:05,6412,168866,198426,10789212000,4,1,256480
sp2205,20220218,20220218,112605500,11:26:05,6414,168869,198427,10789404400,3,1,192400
sp2205,20220218,20220218,112606000,11:26:06,6412,168887,198415,10790558560,18,-12,1154160
sp2205,20220218,20220218,112606500,11:26:06,6412,168888,198414,10790622680,1,-1,64120
sp2205,20220218,20220218,112607000,11:26:09,6412,168888,198414,10790622680,0,0,0
sp2205,20220218,20220218,112607500,11:26:09,6412,168892,198410,10790879160,4,-4,256480
sp2205,20220218,20220218,112608000,11:26:09,6412,168895,198410,10791071520,3,0,192360
sp2205,20220218,20220218,112609000,11:26:10,6412,168910,198396,10792033240,15,-14,961720
sp2205,20220218,20220218,112609500,11:26:10,6412,168910,198396,10792033240,0,0,0
sp2205,20220218,20220218,112610000,11:26:10,6412,168910,198396,10792033240,0,0,0
sp2205,20220218,20220218,112610500,11:26:10,6412,168916,198391,10792417940,6,-5,384700
sp2205,20220218,20220218,112611000,11:26:11,6412,168916,198391,10792417940,0,0,0
sp2205,20220218,20220218,112611500,11:26:13,6412,168916,198391,10792417940,0,0,0
sp2205,20220218,20220218,112612000,11:26:14,6410,168918,198391,10792546140,2,0,128200
sp2205,20220218,20220218,112612500,11:26:14,6410,168919,198390,10792610240,1,-1,64100
sp2205,20220218,20220218,112613000,11:26:15,6410,168919,198390,10792610240,0,0,0
sp2205,20220218,20220218,112614000,11:26:15,6412,168925,198390,10792994960,6,0,384720
sp2205,20220218,20220218,112614500,11:26:15,6412,168925,198390,10792994960,0,0,0
sp2205,20220218,20220218,112615000,11:26:16,6412,168926,198390,10793059080,1,0,64120
sp2205,20220218,20220218,112615500,11:26:16,6410,168930,198389,10793315500,4,-1,256420
sp2205,20220218,20220218,112616000,11:26:16,6412,168936,198389,10793700140,6,0,384640
sp2205,20220218,20220218,112616500,11:26:17,6412,168936,198389,10793700140,0,0,0
sp2205,20220218,20220218,112617000,11:26:17,6410,168938,198389,10793828340,2,0,128200
sp2205,20220218,20220218,112617500,11:26:17,6410,169004,198360,10798058940,66,-29,4230600
sp2205,20220218,20220218,112618000,11:26:18,6410,169015,198352,10798764040,11,-8,705100
sp2205,20220218,20220218,112618500,11:26:18,6410,169016,198353,10798828140,1,1,64100
sp2205,20220218,20220218,112619000,11:26:19,6410,169016,198353,10798828140,0,0,0
sp2205,20220218,20220218,112619500,11:26:20,6410,169026,198356,10799469140,10,3,641000
sp2205,20220218,20220218,112620000,11:26:20,6410,169026,198356,10799469140,0,0,0
sp2205,20220218,20220218,112620500,11:26:20,6410,169041,198358,10800430640,15,2,961500
sp2205,20220218,20220218,112621000,11:26:21,6410,169041,198358,10800430640,0,0,0
sp2205,20220218,20220218,112621500,11:26:21,6408,169051,198354,10801071680,10,-4,641040
sp2205,20220218,20220218,112622000,11:26:22,6408,169068,198348,10802161240,17,-6,1089560
sp2205,20220218,20220218,112622500,11:26:22,6408,169070,198346,10802289400,2,-2,128160
sp2205,20220218,20220218,112623000,11:26:23,6408,169070,198346,10802289400,0,0,0
sp2205,20220218,20220218,112623500,11:26:23,6410,169073,198347,10802481680,3,1,192280
sp2205,20220218,20220218,112624000,11:26:24,6410,169075,198348,10802609880,2,1,128200
sp2205,20220218,20220218,112624500,11:26:24,6410,169075,198348,10802609880,0,0,0
sp2205,20220218,20220218,112625000,11:26:25,6410,169076,198349,10802673980,1,1,64100
sp2205,20220218,20220218,112625500,11:26:25,6410,169084,198344,10803186780,8,-5,512800
sp2205,20220218,20220218,112626000,11:26:26,6410,169085,198344,10803250880,1,0,64100
sp2205,20220218,20220218,112626500,11:26:26,6410,169085,198344,10803250880,0,0,0
sp2205,20220218,20220218,112627000,11:26:27,6410,169085,198344,10803250880,0,0,0
sp2205,20220218,20220218,112627500,11:26:27,6408,169093,198338,10803763520,8,-6,512640
sp2205,20220218,20220218,112628000,11:26:28,6408,169093,198338,10803763520,0,0,0
sp2205,20220218,20220218,112628500,11:26:28,6410,169161,198297,10808121320,68,-41,4357800
sp2205,20220218,20220218,112629000,11:26:29,6410,169161,198297,10808121320,0,0,0
sp2205,20220218,20220218,112629500,11:26:30,6410,169162,198297,10808185420,1,0,64100
sp2205,20220218,20220218,112630000,11:26:31,6410,169165,198294,10808377720,3,-3,192300
sp2205,20220218,20220218,112630500,11:26:31,6410,169168,198292,10808570020,3,-2,192300
sp2205,20220218,20220218,112631000,11:26:31,6410,169173,198291,10808890520,5,-1,320500
sp2205,20220218,20220218,112631500,11:26:32,6410,169184,198292,10809595420,11,1,704900
sp2205,20220218,20220218,112632000,11:26:32,6410,169195,198286,10810300520,11,-6,705100
sp2205,20220218,20220218,112632500,11:26:32,6408,169196,198286,10810364600,1,0,64080
sp2205,20220218,20220218,112633000,11:26:33,6410,169197,198285,10810428700,1,-1,64100
sp2205,20220218,20220218,112633500,11:26:34,6410,169197,198285,10810428700,0,0,0
sp2205,20220218,20220218,112634000,11:26:34,6408,169200,198284,10810620980,3,-1,192280
sp2205,20220218,20220218,112634500,11:26:37,6408,169237,198266,10812991940,37,-18,2370960
sp2205,20220218,20220218,112635000,11:26:37,6410,169251,198252,10813889080,14,-14,897140
sp2205,20220218,20220218,112635500,11:26:37,6410,169253,198252,10814017280,2,0,128200
sp2205,20220218,20220218,112636000,11:26:38,6408,169254,198252,10814081360,1,0,64080
sp2205,20220218,20220218,112637000,11:26:54,6408,169264,198251,10814722220,10,-1,640860
sp2205,20220218,20220218,112637500,11:26:54,6410,169270,198251,10815106740,6,0,384520
sp2205,20220218,20220218,112638000,11:27:10,6410,169272,198250,10815234940,2,-1,128200
sp2205,20220218,20220218,112638500,11:27:10,6410,169273,198251,10815299040,1,1,64100
sp2205,20220218,20220218,112653500,11:27:12,6410,169543,198218,10832597560,270,-33,17298520
sp2205,20220218,20220218,112654000,11:27:12,6410,169548,198219,10832918060,5,1,320500
sp2205,20220218,20220218,112710000,11:27:12,6408,169682,198182,10841504640,134,-37,8586580
sp2205,20220218,20220218,112710500,11:27:12,6408,169691,198174,10842081360,9,-8,576720
sp2205,20220218,20220218,112712000,11:27:13,6408,169694,198173,10842273600,3,-1,192240
sp2205,20220218,20220218,112712500,11:27:13,6406,169697,198173,10842465800,3,0,192200
sp2205,20220218,20220218,112713500,11:27:14,6406,169697,198173,10842465800,0,0,0
sp2205,20220218,20220218,112714000,11:27:14,6408,169698,198172,10842529880,1,-1,64080
sp2205,20220218,20220218,112714500,11:27:15,6408,169698,198172,10842529880,0,0,0
sp2205,20220218,20220218,112715000,11:27:15,6408,169698,198172,10842529880,0,0,0
sp2205,20220218,20220218,112715500,11:27:16,6408,169740,198163,10845221240,42,-9,2691360
sp2205,20220218,20220218,112716000,11:27:16,6408,169740,198163,10845221240,0,0,0
sp2205,20220218,20220218,112716500,11:27:17,6408,169741,198164,10845285320,1,1,64080
sp2205,20220218,20220218,112717000,11:27:17,6408,169741,198164,10845285320,0,0,0
sp2205,20220218,20220218,112717500,11:27:17,6410,169748,198163,10845733980,7,-1,448660
sp2205,20220218,20220218,112718000,11:27:18,6408,169751,198160,10845926220,3,-3,192240
sp2205,20220218,20220218,112718500,11:27:19,6408,169751,198160,10845926220,0,0,0
sp2205,20220218,20220218,112719000,11:27:19,6408,169783,198137,10847976780,32,-23,2050560
sp2205,20220218,20220218,112719500,11:27:20,6406,169784,198138,10848040840,1,1,64060
sp2205,20220218,20220218,112720000,11:27:20,6408,169785,198137,10848104920,1,-1,64080
sp2205,20220218,20220218,112720500,11:27:21,6408,169788,198134,10848297160,3,-3,192240
sp2205,20220218,20220218,112721000,11:27:21,6408,169792,198130,10848553480,4,-4,256320
sp2205,20220218,20220218,112721500,11:27:22,6408,169792,198130,10848553480,0,0,0
sp2205,20220218,20220218,112722000,11:27:22,6408,169792,198130,10848553480,0,0,0
sp2205,20220218,20220218,112722500,11:27:22,6408,169792,198130,10848553480,0,0,0
sp2205,20220218,20220218,112723000,11:27:26,6408,169792,198130,10848553480,0,0,0
sp2205,20220218,20220218,112723500,11:27:27,6408,169795,198130,10848745720,3,0,192240
sp2205,20220218,20220218,112724000,11:27:27,6408,169795,198130,10848745720,0,0,0
sp2205,20220218,20220218,112724500,11:27:27,6410,169799,198134,10849002120,4,4,256400
sp2205,20220218,20220218,112726500,11:27:27,6410,169799,198134,10849002120,0,0,0
sp2205,20220218,20220218,112727000,11:27:27,6410,169799,198134,10849002120,0,0,0
sp2205,20220218,20220218,112727500,11:27:27,6410,169806,198133,10849450780,7,-1,448660
sp2205,20220218,20220218,112728000,11:27:28,6410,169806,198133,10849450780,0,0,0
sp2205,20220218,20220218,112728500,11:27:28,6410,169806,198133,10849450780,0,0,0
sp2205,20220218,20220218,112729000,11:27:29,6410,169806,198133,10849450780,0,0,0
sp2205,20220218,20220218,112729500,11:27:29,6410,169806,198133,10849450780,0,0,0
sp2205,20220218,20220218,112730000,11:27:30,6408,169812,198127,10849835260,6,-6,384480
sp2205,20220218,20220218,112730500,11:27:31,6408,169822,198130,10850476060,10,3,640800
sp2205,20220218,20220218,112731000,11:27:32,6410,169824,198130,10850604260,2,0,128200
sp2205,20220218,20220218,112731500,11:27:35,6406,169831,198129,10851052800,7,-1,448540
sp2205,20220218,20220218,112732000,11:27:35,6408,169834,198126,10851245040,3,-3,192240
sp2205,20220218,20220218,112732500,11:27:36,6408,169834,198126,10851245040,0,0,0
sp2205,20220218,20220218,112735500,11:27:36,6408,169834,198126,10851245040,0,0,0
sp2205,20220218,20220218,112736500,11:27:37,6408,169834,198126,10851245040,0,0,0
sp2205,20220218,20220218,112737000,11:27:38,6408,169834,198126,10851245040,0,0,0
sp2205,20220218,20220218,112737500,11:27:38,6408,169834,198126,10851245040,0,0,0
sp2205,20220218,20220218,112738500,11:27:39,6408,169834,198126,10851245040,0,0,0
sp2205,20220218,20220218,112739000,11:27:39,6408,169834,198126,10851245040,0,0,0
sp2205,20220218,20220218,112739500,11:27:39,6408,169834,198126,10851245040,0,0,0
sp2205,20220218,20220218,112740000,11:27:40,6408,169845,198122,10851949900,11,-4,704860
sp2205,20220218,20220218,112740500,11:27:40,6408,169845,198122,10851949900,0,0,0
sp2205,20220218,20220218,112741000,11:27:41,6408,169845,198122,10851949900,0,0,0
sp2205,20220218,20220218,112741500,11:27:41,6408,169845,198122,10851949900,0,0,0
sp2205,20220218,20220218,112742000,11:27:42,6410,169846,198122,10852014000,1,0,64100
sp2205,20220218,20220218,112742500,11:27:43,6408,169848,198122,10852142180,2,0,128180
sp2205,20220218,20220218,112743500,11:27:43,6408,169848,198122,10852142180,0,0,0
sp2205,20220218,20220218,112744000,11:27:44,6408,169848,198122,10852142180,0,0,0
sp2205,20220218,20220218,112744500,11:27:45,6408,169848,198122,10852142180,0,0,0
sp2205,20220218,20220218,112745000,11:27:45,6410,169849,198121,10852206280,1,-1,64100
sp2205,20220218,20220218,112745500,11:27:46,6410,169849,198121,10852206280,0,0,0
sp2205,20220218,20220218,112746000,11:27:46,6408,169850,198121,10852270360,1,0,64080
sp2205,20220218,20220218,112746500,11:27:47,6408,169850,198121,10852270360,0,0,0
sp2205,20220218,20220218,112747000,11:27:47,6410,169851,198121,10852334460,1,0,64100
sp2205,20220218,20220218,112747500,11:27:47,6408,169855,198121,10852590780,4,0,256320
sp2205,20220218,20220218,112748000,11:27:49,6410,169856,198121,10852654880,1,0,64100
sp2205,20220218,20220218,112748500,11:27:54,6408,169864,198114,10853167540,8,-7,512660
sp2205,20220218,20220218,112749000,11:27:54,6408,169864,198114,10853167540,0,0,0
sp2205,20220218,20220218,112749500,11:27:54,6410,169866,198115,10853295740,2,1,128200
sp2205,20220218,20220218,112754000,11:27:54,6408,169873,198110,10853744400,7,-5,448660
sp2205,20220218,20220218,112754500,11:27:54,6410,169883,198109,10854385400,10,-1,641000
sp2205,20220218,20220218,112755000,11:27:55,6410,169883,198109,10854385400,0,0,0
sp2205,20220218,20220218,112755500,11:27:55,6410,169884,198109,10854449500,1,0,64100
sp2205,20220218,20220218,112756000,11:27:56,6410,169884,198109,10854449500,0,0,0
sp2205,20220218,20220218,112756500,11:27:56,6410,169884,198109,10854449500,0,0,0
sp2205,20220218,20220218,112757500,11:27:57,6408,169885,198109,10854513580,1,0,64080
sp2205,20220218,20220218,112758000,11:27:58,6408,169885,198109,10854513580,0,0,0
sp2205,20220218,20220218,112758500,11:27:59,6410,169886,198109,10854577680,1,0,64100
sp2205,20220218,20220218,112759000,11:27:59,6410,169887,198109,10854641780,1,0,64100
sp2205,20220218,20220218,112759500,11:27:59,6410,169889,198109,10854769960,2,0,128180
sp2205,20220218,20220218,112800500,11:28:01,6410,169889,198109,10854769960,0,0,0
sp2205,20220218,20220218,112801000,11:28:01,6410,169889,198109,10854769960,0,0,0
sp2205,20220218,20220218,112801500,11:28:02,6410,169890,198108,10854834060,1,-1,64100
sp2205,20220218,20220218,112802000,11:28:03,6410,169918,198098,10856628840,28,-10,1794780
sp2205,20220218,20220218,112802500,11:28:03,6410,169919,198099,10856692940,1,1,64100
sp2205,20220218,20220218,112803000,11:28:04,6410,169920,198100,10856757040,1,1,64100
sp2205,20220218,20220218,112803500,11:28:04,6410,169922,198102,10856885240,2,2,128200
sp2205,20220218,20220218,112804000,11:28:04,6410,169922,198102,10856885240,0,0,0
sp2205,20220218,20220218,112804500,11:28:05,6410,169922,198102,10856885240,0,0,0
sp2205,20220218,20220218,112805000,11:28:06,6412,169924,198102,10857013480,2,0,128240
sp2205,20220218,20220218,112805500,11:28:06,6412,169924,198102,10857013480,0,0,0
sp2205,20220218,20220218,112806000,11:28:10,6412,169924,198102,10857013480,0,0,0
sp2205,20220218,20220218,112806500,11:28:10,6410,169925,198101,10857077580,1,-1,64100
sp2205,20220218,20220218,112807000,11:28:10,6412,169927,198102,10857205820,2,1,128240
sp2205,20220218,20220218,112807500,11:28:10,6412,169927,198102,10857205820,0,0,0
sp2205,20220218,20220218,112810000,11:28:11,6412,169927,198102,10857205820,0,0,0
sp2205,20220218,20220218,112810500,11:28:11,6412,169927,198102,10857205820,0,0,0
sp2205,20220218,20220218,112811000,11:28:12,6412,169927,198102,10857205820,0,0,0
sp2205,20220218,20220218,112811500,11:28:12,6412,169927,198102,10857205820,0,0,0
sp2205,20220218,20220218,112812000,11:28:13,6412,169963,198123,10859514160,36,21,2308340
sp2205,20220218,20220218,112812500,11:28:13,6414,169965,198122,10859642440,2,-1,128280
sp2205,20220218,20220218,112813000,11:28:13,6412,169968,198120,10859834840,3,-2,192400
sp2205,20220218,20220218,112813500,11:28:14,6414,169970,198118,10859963120,2,-2,128280
sp2205,20220218,20220218,112814000,11:28:14,6412,169972,198116,10860091360,2,-2,128240
sp2205,20220218,20220218,112814500,11:28:14,6414,169973,198116,10860155500,1,0,64140
sp2205,20220218,20220218,112815000,11:28:15,6414,169973,198116,10860155500,0,0,0
sp2205,20220218,20220218,112815500,11:28:15,6414,169973,198116,10860155500,0,0,0
sp2205,20220218,20220218,112816000,11:28:16,6414,169973,198116,10860155500,0,0,0
sp2205,20220218,20220218,112817500,11:28:17,6412,169974,198116,10860219620,1,0,64120
sp2205,20220218,20220218,112818000,11:28:18,6412,169975,198116,10860283740,1,0,64120
sp2205,20220218,20220218,112818500,11:28:18,6412,169975,198116,10860283740,0,0,0
sp2205,20220218,20220218,112819000,11:28:19,6412,169975,198116,10860283740,0,0,0
sp2205,20220218,20220218,112819500,11:28:19,6412,169975,198116,10860283740,0,0,0
sp2205,20220218,20220218,112820000,11:28:20,6414,169976,198116,10860347880,1,0,64140
sp2205,20220218,20220218,112820500,11:28:20,6414,169977,198116,10860412020,1,0,64140
sp2205,20220218,20220218,112821000,11:28:21,6414,169978,198117,10860476160,1,1,64140
sp2205,20220218,20220218,112821500,11:28:22,6414,169987,198118,10861053420,9,1,577260
sp2205,20220218,20220218,112822000,11:28:22,6414,169987,198118,10861053420,0,0,0
sp2205,20220218,20220218,112822500,11:28:22,6414,169987,198118,10861053420,0,0,0
sp2205,20220218,20220218,112823000,11:28:23,6412,169988,198118,10861117540,1,0,64120
sp2205,20220218,20220218,112823500,11:28:23,6414,170001,198112,10861951120,13,-6,833580
sp2205,20220218,20220218,112824000,11:28:24,6412,170014,198120,10862784900,13,8,833780
sp2205,20220218,20220218,112824500,11:28:24,6412,170014,198120,10862784900,0,0,0
sp2205,20220218,20220218,112825000,11:28:25,6412,170015,198120,10862849020,1,0,64120
sp2205,20220218,20220218,112825500,11:28:25,6412,170015,198120,10862849020,0,0,0
sp2205,20220218,20220218,112826000,11:28:26,6412,170028,198107,10863682580,13,-13,833560
sp2205,20220218,20220218,112826500,11:28:26,6414,170030,198105,10863810840,2,-2,128260
sp2205,20220218,20220218,112827000,11:28:27,6414,170030,198105,10863810840,0,0,0
sp2205,20220218,20220218,112827500,11:28:27,6414,170030,198105,10863810840,0,0,0
sp2205,20220218,20220218,112828000,11:28:28,6414,170030,198105,10863810840,0,0,0
sp2205,20220218,20220218,112828500,11:28:28,6412,170031,198106,10863874960,1,1,64120
sp2205,20220218,20220218,112829000,11:28:29,6412,170032,198107,10863939080,1,1,64120
sp2205,20220218,20220218,112829500,11:28:29,6410,170034,198108,10864067280,2,1,128200
sp2205,20220218,20220218,112830000,11:28:30,6410,170034,198108,10864067280,0,0,0
sp2205,20220218,20220218,112830500,11:28:31,6412,170035,198108,10864131400,1,0,64120
sp2205,20220218,20220218,112831000,11:28:31,6412,170035,198108,10864131400,0,0,0
sp2205,20220218,20220218,112831500,11:28:31,6412,170041,198107,10864516120,6,-1,384720
sp2205,20220218,20220218,112832000,11:28:32,6412,170041,198107,10864516120,0,0,0
sp2205,20220218,20220218,112832500,11:28:33,6410,170042,198107,10864580220,1,0,64100
sp2205,20220218,20220218,112833000,11:28:33,6412,170043,198106,10864644340,1,-1,64120
sp2205,20220218,20220218,112833500,11:28:33,6412,170043,198106,10864644340,0,0,0
sp2205,20220218,20220218,112834000,11:28:34,6412,170043,198106,10864644340,0,0,0
sp2205,20220218,20220218,112834500,11:28:34,6412,170043,198106,10864644340,0,0,0
sp2205,20220218,20220218,112835000,11:28:35,6412,170043,198106,10864644340,0,0,0
sp2205,20220218,20220218,112835500,11:28:35,6412,170044,198105,10864708460,1,-1,64120
sp2205,20220218,20220218,112836000,11:28:37,6412,170044,198105,10864708460,0,0,0
sp2205,20220218,20220218,112836500,11:28:37,6412,170044,198105,10864708460,0,0,0
sp2205,20220218,20220218,112837000,11:28:37,6412,170044,198105,10864708460,0,0,0
sp2205,20220218,20220218,112837500,11:28:37,6412,170044,198105,10864708460,0,0,0
sp2205,20220218,20220218,112838000,11:28:38,6412,170044,198105,10864708460,0,0,0
sp2205,20220218,20220218,112838500,11:28:38,6412,170044,198105,10864708460,0,0,0
sp2205,20220218,20220218,112839000,11:28:40,6412,170056,198100,10865477900,12,-5,769440
sp2205,20220218,20220218,112839500,11:28:40,6412,170057,198099,10865542020,1,-1,64120
sp2205,20220218,20220218,112840000,11:28:40,6412,170057,198099,10865542020,0,0,0
sp2205,20220218,20220218,112840500,11:28:40,6414,170058,198100,10865606160,1,1,64140
sp2205,20220218,20220218,112841000,11:28:41,6414,170058,198100,10865606160,0,0,0
sp2205,20220218,20220218,112841500,11:28:41,6414,170058,198100,10865606160,0,0,0
sp2205,20220218,20220218,112842000,11:28:42,6414,170058,198100,10865606160,0,0,0
sp2205,20220218,20220218,112842500,11:28:42,6412,170060,198098,10865734400,2,-2,128240
sp2205,20220218,20220218,112843000,11:28:43,6412,170060,198098,10865734400,0,0,0
sp2205,20220218,20220218,112843500,11:28:44,6412,170060,198098,10865734400,0,0,0
sp2205,20220218,20220218,112844000,11:28:44,6412,170060,198098,10865734400,0,0,0
sp2205,20220218,20220218,112844500,11:28:44,6412,170061,198099,10865798520,1,1,64120
sp2205,20220218,20220218,112845000,11:28:45,6412,170066,198098,10866119120,5,-1,320600
sp2205,20220218,20220218,112845500,11:28:46,6414,170070,198096,10866375620,4,-2,256500
sp2205,20220218,20220218,112846000,11:28:46,6412,170071,198095,10866439740,1,-1,64120
sp2205,20220218,20220218,112846500,11:28:46,6412,170071,198095,10866439740,0,0,0
sp2205,20220218,20220218,112847000,11:28:47,6412,170072,198095,10866503860,1,0,64120
sp2205,20220218,20220218,112847500,11:28:48,6412,170072,198095,10866503860,0,0,0
sp2205,20220218,20220218,112848000,11:28:48,6412,170073,198094,10866567980,1,-1,64120
sp2205,20220218,20220218,112848500,11:28:48,6412,170073,198094,10866567980,0,0,0
sp2205,20220218,20220218,112849000,11:28:49,6412,170073,198094,10866567980,0,0,0
sp2205,20220218,20220218,112849500,11:28:50,6412,170073,198094,10866567980,0,0,0
sp2205,20220218,20220218,112850000,11:28:50,6412,170076,198092,10866760340,3,-2,192360
sp2205,20220218,20220218,112850500,11:28:50,6412,170076,198092,10866760340,0,0,0
sp2205,20220218,20220218,112851000,11:28:51,6412,170076,198092,10866760340,0,0,0
sp2205,20220218,20220218,112851500,11:28:51,6412,170076,198092,10866760340,0,0,0
sp2205,20220218,20220218,112852000,11:28:52,6412,170095,198079,10867978620,19,-13,1218280
sp2205,20220218,20220218,112852500,11:28:53,6412,170095,198079,10867978620,0,0,0
sp2205,20220218,20220218,112853000,11:28:54,6412,170095,198079,10867978620,0,0,0
sp2205,20220218,20220218,112853500,11:28:54,6412,170095,198079,10867978620,0,0,0
sp2205,20220218,20220218,112854000,11:28:54,6412,170095,198079,10867978620,0,0,0
sp2205,20220218,20220218,112854500,11:28:54,6412,170096,198078,10868042740,1,-1,64120
sp2205,20220218,20220218,112855000,11:28:55,6412,170097,198078,10868106860,1,0,64120
sp2205,20220218,20220218,112855500,11:28:55,6414,170098,198078,10868171000,1,0,64140
sp2205,20220218,20220218,112856000,11:28:56,6412,170099,198079,10868235120,1,1,64120
sp2205,20220218,20220218,112856500,11:28:56,6414,170104,198082,10868555740,5,3,320620
sp2205,20220218,20220218,112857000,11:28:57,6414,170104,198082,10868555740,0,0,0
sp2205,20220218,20220218,112857500,11:28:58,6414,170104,198082,10868555740,0,0,0
sp2205,20220218,20220218,112858500,11:28:59,6414,170104,198082,10868555740,0,0,0
sp2205,20220218,20220218,112859000,11:28:59,6414,170106,198081,10868684020,2,-1,128280
sp2205,20220218,20220218,112859500,11:29:00,6414,170106,198081,10868684020,0,0,0
sp2205,20220218,20220218,112900000,11:29:00,6414,170106,198081,10868684020,0,0,0
sp2205,20220218,20220218,112900500,11:29:01,6412,170107,198080,10868748140,1,-1,64120
sp2205,20220218,20220218,112901000,11:29:01,6412,170111,198083,10869004620,4,3,256480
sp2205,20220218,20220218,112901500,11:29:01,6414,170116,198085,10869325280,5,2,320660
sp2205,20220218,20220218,112902000,11:29:02,6414,170120,198089,10869581840,4,4,256560
sp2205,20220218,20220218,112902500,11:29:03,6414,170121,198089,10869645980,1,0,64140
sp2205,20220218,20220218,112903000,11:29:03,6412,170122,198089,10869710100,1,0,64120
sp2205,20220218,20220218,112903500,11:29:04,6412,170123,198090,10869774220,1,1,64120
sp2205,20220218,20220218,112904000,11:29:04,6412,170128,198091,10870094820,5,1,320600
sp2205,20220218,20220218,112904500,11:29:04,6412,170131,198088,10870287180,3,-3,192360
sp2205,20220218,20220218,112905000,11:29:05,6412,170131,198088,10870287180,0,0,0
sp2205,20220218,20220218,112905500,11:29:06,6414,170133,198086,10870415460,2,-2,128280
sp2205,20220218,20220218,112906000,11:29:06,6414,170137,198089,10870671980,4,3,256520
sp2205,20220218,20220218,112906500,11:29:06,6414,170137,198089,10870671980,0,0,0
sp2205,20220218,20220218,112907000,11:29:07,6412,170139,198090,10870800220,2,1,128240
sp2205,20220218,20220218,112907500,11:29:08,6412,170139,198090,10870800220,0,0,0
sp2205,20220218,20220218,112908000,11:29:08,6412,170141,198088,10870928460,2,-2,128240
sp2205,20220218,20220218,112908500,11:29:08,6412,170141,198088,10870928460,0,0,0
sp2205,20220218,20220218,112909000,11:29:09,6412,170141,198088,10870928460,0,0,0
sp2205,20220218,20220218,112910000,11:29:10,6412,170142,198088,10870992580,1,0,64120
sp2205,20220218,20220218,112910500,11:29:10,6412,170143,198087,10871056700,1,-1,64120
sp2205,20220218,20220218,112911000,11:29:11,6412,170143,198087,10871056700,0,0,0
sp2205,20220218,20220218,112911500,11:29:12,6414,170144,198087,10871120840,1,0,64140
sp2205,20220218,20220218,112912000,11:29:12,6414,170146,198085,10871249100,2,-2,128260
sp2205,20220218,20220218,112912500,11:29:12,6412,170147,198084,10871313220,1,-1,64120
sp2205,20220218,20220218,112913000,11:29:13,6412,170147,198084,10871313220,0,0,0
sp2205,20220218,20220218,112913500,11:29:14,6414,170149,198084,10871441500,2,0,128280
sp2205,20220218,20220218,112914000,11:29:14,6414,170149,198084,10871441500,0,0,0
sp2205,20220218,20220218,112914500,11:29:15,6412,170151,198086,10871569740,2,2,128240
sp2205,20220218,20220218,112915000,11:29:15,6412,170157,198084,10871954460,6,-2,384720
sp2205,20220218,20220218,112915500,11:29:16,6412,170158,198083,10872018580,1,-1,64120
sp2205,20220218,20220218,112916000,11:29:16,6412,170159,198084,10872082700,1,1,64120
sp2205,20220218,20220218,112916500,11:29:17,6412,170159,198084,10872082700,0,0,0
sp2205,20220218,20220218,112917000,11:29:20,6412,170159,198084,10872082700,0,0,0
sp2205,20220218,20220218,112917500,11:29:20,6412,170160,198083,10872146820,1,-1,64120
sp2205,20220218,20220218,112918000,11:29:21,6410,170166,198079,10872531520,6,-4,384700
sp2205,20220218,20220218,112920500,11:29:22,6410,170166,198079,10872531520,0,0,0
sp2205,20220218,20220218,112921000,11:29:22,6410,170166,198079,10872531520,0,0,0
sp2205,20220218,20220218,112921500,11:29:23,6410,170171,198078,10872852100,5,-1,320580
sp2205,20220218,20220218,112922000,11:29:24,6410,170171,198078,10872852100,0,0,0
sp2205,20220218,20220218,112922500,11:29:24,6410,170171,198078,10872852100,0,0,0
sp2205,20220218,20220218,112923000,11:29:24,6412,170174,198077,10873044460,3,-1,192360
sp2205,20220218,20220218,112924000,11:29:24,6410,170178,198078,10873300900,4,1,256440
sp2205,20220218,20220218,112924500,11:29:24,6410,170178,198078,10873300900,0,0,0
sp2205,20220218,20220218,112925000,11:29:25,6410,170178,198078,10873300900,0,0,0
sp2205,20220218,20220218,112925500,11:29:25,6410,170178,198078,10873300900,0,0,0
sp2205,20220218,20220218,112926000,11:29:26,6410,170178,198078,10873300900,0,0,0
sp2205,20220218,20220218,112926500,11:29:26,6410,170178,198078,10873300900,0,0,0
sp2205,20220218,20220218,112927000,11:29:27,6412,170184,198079,10873685520,6,1,384620
sp2205,20220218,20220218,112927500,11:29:27,6412,170186,198079,10873813760,2,0,128240
sp2205,20220218,20220218,112928000,11:29:28,6410,170187,198079,10873877860,1,0,64100
sp2205,20220218,20220218,112928500,11:29:28,6410,170189,198077,10874006060,2,-2,128200
sp2205,20220218,20220218,112929000,11:29:29,6410,170210,198087,10875352160,21,10,1346100
sp2205,20220218,20220218,112929500,11:29:29,6412,170216,198081,10875736880,6,-6,384720
sp2205,20220218,20220218,112930000,11:29:30,6412,170217,198080,10875801000,1,-1,64120
sp2205,20220218,20220218,112930500,11:29:30,6412,170218,198079,10875865120,1,-1,64120
sp2205,20220218,20220218,112931000,11:29:32,6410,170248,198089,10877788120,30,10,1923000
sp2205,20220218,20220218,112931500,11:29:32,6408,170256,198087,10878300900,8,-2,512780
sp2205,20220218,20220218,112932000,11:29:32,6412,170257,198086,10878365020,1,-1,64120
sp2205,20220218,20220218,112932500,11:29:36,6412,170258,198086,10878429140,1,0,64120
sp2205,20220218,20220218,112933000,11:29:37,6412,170258,198086,10878429140,0,0,0
sp2205,20220218,20220218,112933500,11:29:37,6410,170271,198073,10879262440,13,-13,833300
sp2205,20220218,20220218,112936500,11:29:38,6410,170271,198073,10879262440,0,0,0
sp2205,20220218,20220218,112937500,11:29:38,6412,170286,198065,10880224100,15,-8,961660
sp2205,20220218,20220218,112938000,11:29:38,6412,170298,198060,10880993540,12,-5,769440
sp2205,20220218,20220218,112938500,11:29:39,6410,170299,198060,10881057640,1,0,64100
sp2205,20220218,20220218,112939000,11:29:39,6410,170299,198060,10881057640,0,0,0
sp2205,20220218,20220218,112939500,11:29:39,6410,170299,198060,10881057640,0,0,0
sp2205,20220218,20220218,112940500,11:29:40,6412,170300,198060,10881121760,1,0,64120
sp2205,20220218,20220218,112941000,11:29:41,6412,170300,198060,10881121760,0,0,0
sp2205,20220218,20220218,112941500,11:29:42,6412,170301,198060,10881185880,1,0,64120
sp2205,20220218,20220218,112942000,11:29:42,6412,170305,198060,10881442360,4,0,256480
sp2205,20220218,20220218,112942500,11:29:44,6412,170305,198060,10881442360,0,0,0
sp2205,20220218,20220218,112943000,11:29:45,6412,170306,198059,10881506480,1,-1,64120
sp2205,20220218,20220218,112944000,11:29:45,6412,170307,198058,10881570600,1,-1,64120
sp2205,20220218,20220218,112944500,11:29:46,6414,170310,198058,10881763020,3,0,192420
sp2205,20220218,20220218,112945000,11:29:46,6414,170310,198058,10881763020,0,0,0
sp2205,20220218,20220218,112945500,11:29:46,6414,170310,198058,10881763020,0,0,0
sp2205,20220218,20220218,112946000,11:29:46,6414,170311,198059,10881827160,1,1,64140
sp2205,20220218,20220218,112946500,11:29:47,6412,170313,198057,10881955400,2,-2,128240
sp2205,20220218,20220218,112947000,11:29:47,6410,170314,198056,10882019500,1,-1,64100
sp2205,20220218,20220218,112947500,11:29:48,6412,170321,198049,10882468340,7,-7,448840
sp2205,20220218,20220218,112948000,11:29:48,6412,170321,198049,10882468340,0,0,0
sp2205,20220218,20220218,112948500,11:29:49,6410,170329,198043,10882981140,8,-6,512800
sp2205,20220218,20220218,112949000,11:29:50,6414,170335,198039,10883365900,6,-4,384760
sp2205,20220218,20220218,112949500,11:29:50,6414,170335,198039,10883365900,0,0,0
sp2205,20220218,20220218,112950000,11:29:51,6414,170337,198039,10883494180,2,0,128280
sp2205,20220218,20220218,112950500,11:29:51,6410,170338,198039,10883558280,1,0,64100
sp2205,20220218,20220218,112951500,11:29:52,6410,170338,198039,10883558280,0,0,0
sp2205,20220218,20220218,112952000,11:29:52,6410,170344,198036,10883942920,6,-3,384640
sp2205,20220218,20220218,112952500,11:29:53,6410,170357,198026,10884776320,13,-10,833400
sp2205,20220218,20220218,112953000,11:29:53,6412,170364,198019,10885225140,7,-7,448820
sp2205,20220218,20220218,112953500,11:29:54,6412,170366,198018,10885353380,2,-1,128240
sp2205,20220218,20220218,112954000,11:29:54,6412,170366,198018,10885353380,0,0,0
sp2205,20220218,20220218,112954500,11:29:54,6412,170366,198018,10885353380,0,0,0
sp2205,20220218,20220218,112955000,11:29:55,6412,170366,198018,10885353380,0,0,0
sp2205,20220218,20220218,112955500,11:29:55,6412,170376,198009,10885994400,10,-9,641020
sp2205,20220218,20220218,112956000,11:29:56,6412,170378,198007,10886122640,2,-2,128240
sp2205,20220218,20220218,112956500,11:30:00,6412,170378,198007,10886122640,0,0,0
sp2205,20220218,20220218,112957000,11:30:00,6412,170385,198001,10886571400,7,-6,448760
sp2205,20220218,20220218,112957500,11:30:02,6410,170387,197999,10886699620,2,-2,128220
sp2205,20220218,20220218,112959500,11:30:02,6410,170387,197999,10886699620,0,0,0
sp2205,20220218,20220218,113000000,11:30:03,6410,170387,197999,10886699620,0,0,0
sp2205,20220218,20220218,113001000,11:30:03,6410,170387,197999,10886699620,0,0,0
sp2205,20220218,20220218,113001500,11:30:03,6410,170387,197999,10886699620,0,0,0
sp2205,20220218,20220218,133002000,13:30:08,6414,170475,198017,10892343600,88,18,5643980
sp2205,20220218,20220218,133002500,13:30:09,6416,170482,198019,10892792660,7,2,449060
sp2205,20220218,20220218,133008500,13:30:10,6416,170612,198020,10901136100,130,1,8343440
sp2205,20220218,20220218,133009500,13:30:11,6416,170612,198020,10901136100,0,0,0
sp2205,20220218,20220218,133010000,13:30:11,6416,170645,198007,10903253580,33,-13,2117480
sp2205,20220218,20220218,133010500,13:30:11,6416,170645,198007,10903253580,0,0,0
sp2205,20220218,20220218,133011000,13:30:12,6416,170645,198007,10903253580,0,0,0
sp2205,20220218,20220218,133011500,13:30:13,6416,170645,198007,10903253580,0,0,0
sp2205,20220218,20220218,133012500,13:30:13,6416,170652,198010,10903702640,7,3,449060
sp2205,20220218,20220218,133013000,13:30:13,6416,170653,198009,10903766800,1,-1,64160
sp2205,20220218,20220218,133013500,13:30:14,6416,170654,198009,10903830960,1,0,64160
sp2205,20220218,20220218,133014000,13:30:15,6416,170657,198008,10904023420,3,-1,192460
sp2205,20220218,20220218,133014500,13:30:16,6416,170662,198013,10904344220,5,5,320800
sp2205,20220218,20220218,133015000,13:30:17,6414,170665,198011,10904536660,3,-2,192440
sp2205,20220218,20220218,133016500,13:30:18,6416,170675,198008,10905178220,10,-3,641560
sp2205,20220218,20220218,133017000,13:30:18,6414,170678,198008,10905370660,3,0,192440
sp2205,20220218,20220218,133017500,13:30:19,6414,170681,198008,10905563080,3,0,192420
sp2205,20220218,20220218,133018000,13:30:19,6416,170682,198009,10905627240,1,1,64160
sp2205,20220218,20220218,133019000,13:30:20,6416,170682,198009,10905627240,0,0,0
sp2205,20220218,20220218,133019500,13:30:20,6416,170682,198009,10905627240,0,0,0
sp2205,20220218,20220218,133020000,13:30:21,6416,170694,198008,10906397160,12,-1,769920
sp2205,20220218,20220218,133020500,13:30:21,6418,170700,198012,10906782160,6,4,385000
sp2205,20220218,20220218,133021000,13:30:21,6416,170704,198013,10907038800,4,1,256640
sp2205,20220218,20220218,133021500,13:30:22,6416,170706,198013,10907167120,2,0,128320
sp2205,20220218,20220218,133022000,13:30:38,6416,170707,198014,10907231280,1,1,64160
sp2205,20220218,20220218,133022500,13:30:38,6416,170708,198014,10907295440,1,0,64160
sp2205,20220218,20220218,133023000,13:30:38,6418,170709,198014,10907359620,1,0,64180
sp2205,20220218,20220218,133038000,13:30:41,6418,170761,198005,10910696180,52,-9,3336560
sp2205,20220218,20220218,133038500,13:30:41,6418,170762,198004,10910760360,1,-1,64180
sp2205,20220218,20220218,133040500,13:30:43,6418,170773,197995,10911466140,11,-9,705780
sp2205,20220218,20220218,133041000,13:30:43,6418,170773,197995,10911466140,0,0,0
sp2205,20220218,20220218,133041500,13:30:43,6416,170774,197995,10911530300,1,0,64160
sp2205,20220218,20220218,133042500,13:30:44,6416,170774,197995,10911530300,0,0,0
sp2205,20220218,20220218,133043000,13:30:44,6416,170774,197995,10911530300,0,0,0
sp2205,20220218,20220218,133044500,13:30:46,6416,170774,197995,10911530300,0,0,0
sp2205,20220218,20220218,133045000,13:30:46,6416,170774,197995,10911530300,0,0,0
sp2205,20220218,20220218,133045500,13:30:46,6416,170774,197995,10911530300,0,0,0
sp2205,20220218,20220218,133046500,13:30:47,6416,170774,197995,10911530300,0,0,0
sp2205,20220218,20220218,133047500,13:30:48,6416,170776,197995,10911658620,2,0,128320
sp2205,20220218,20220218,133048000,13:30:48,6418,170777,197995,10911722800,1,0,64180
sp2205,20220218,20220218,133049000,13:30:49,6418,170777,197995,10911722800,0,0,0
sp2205,20220218,20220218,133049500,13:30:50,6416,170784,197995,10912171920,7,0,449120
sp2205,20220218,20220218,133050500,13:30:51,6418,170786,197996,10912300260,2,1,128340
sp2205,20220218,20220218,133051500,13:30:52,6416,170788,197994,10912428580,2,-2,128320
sp2205,20220218,20220218,133052000,13:30:53,6416,170791,197995,10912621080,3,1,192500
sp2205,20220218,20220218,133052500,13:30:53,6416,170791,197995,10912621080,0,0,0
sp2205,20220218,20220218,133053000,13:30:54,6416,170791,197995,10912621080,0,0,0
sp2205,20220218,20220218,133053500,13:30:54,6420,170858,197958,10916921160,67,-37,4300080
sp2205,20220218,20220218,133054000,13:30:54,6420,170860,197956,10917049560,2,-2,128400
sp2205,20220218,20220218,133054500,13:30:55,6420,170860,197956,10917049560,0,0,0
sp2205,20220218,20220218,133055000,13:30:55,6420,170860,197956,10917049560,0,0,0
sp2205,20220218,20220218,133055500,13:30:56,6418,170861,197956,10917113740,1,0,64180
sp2205,20220218,20220218,133056000,13:30:57,6420,170862,197956,10917177940,1,0,64200
sp2205,20220218,20220218,133056500,13:30:57,6420,170862,197956,10917177940,0,0,0
sp2205,20220218,20220218,133057000,13:30:57,6420,170864,197956,10917306320,2,0,128380
sp2205,20220218,20220218,133057500,13:30:58,6420,170868,197955,10917563120,4,-1,256800
sp2205,20220218,20220218,133058000,13:30:58,6420,170868,197955,10917563120,0,0,0
sp2205,20220218,20220218,133058500,13:30:59,6420,170869,197956,10917627320,1,1,64200
sp2205,20220218,20220218,133059000,13:30:59,6420,170889,197954,10918911320,20,-2,1284000
sp2205,20220218,20220218,133059500,13:31:00,6420,170891,197955,10919039720,2,1,128400
sp2205,20220218,20220218,133100000,13:31:00,6420,170905,197955,10919938280,14,0,898560
sp2205,20220218,20220218,133100500,13:31:00,6420,170908,197956,10920130880,3,1,192600
sp2205,20220218,20220218,133101000,13:31:01,6420,170908,197956,10920130880,0,0,0
sp2205,20220218,20220218,133101500,13:31:01,6418,170917,197956,10920708660,9,0,577780
sp2205,20220218,20220218,133102000,13:31:02,6418,170917,197956,10920708660,0,0,0
sp2205,20220218,20220218,133102500,13:31:02,6418,170917,197956,10920708660,0,0,0
sp2205,20220218,20220218,133103000,13:31:03,6418,170927,197961,10921350460,10,5,641800
sp2205,20220218,20220218,133103500,13:31:04,6418,170927,197961,10921350460,0,0,0
sp2205,20220218,20220218,133104000,13:31:06,6420,170968,198002,10923981860,41,41,2631400
sp2205,20220218,20220218,133104500,13:31:06,6420,170968,198002,10923981860,0,0,0
sp2205,20220218,20220218,133105500,13:31:08,6420,170969,198002,10924046060,1,0,64200
sp2205,20220218,20220218,133106000,13:31:08,6420,170969,198002,10924046060,0,0,0
sp2205,20220218,20220218,133107500,13:31:09,6418,171024,198006,10927576160,55,4,3530100
sp2205,20220218,20220218,133108500,13:31:09,6418,171047,198027,10929052320,23,21,1476160
sp2205,20220218,20220218,133109000,13:31:09,6420,171048,198028,10929116520,1,1,64200
sp2205,20220218,20220218,133109500,13:31:10,6418,171049,198028,10929180700,1,0,64180
sp2205,20220218,20220218,133110000,13:31:11,6420,171051,198027,10929309080,2,-1,128380
sp2205,20220218,20220218,133110500,13:31:11,6418,171053,198027,10929437460,2,0,128380
sp2205,20220218,20220218,133111000,13:31:11,6420,171056,198026,10929630060,3,-1,192600
sp2205,20220218,20220218,133111500,13:31:12,6420,171058,198027,10929758440,2,1,128380
sp2205,20220218,20220218,133112000,13:31:12,6418,171059,198027,10929822620,1,0,64180
sp2205,20220218,20220218,133112500,13:31:13,6418,171061,198027,10929951000,2,0,128380
sp2205,20220218,20220218,133113000,13:31:13,6420,171067,198029,10930336160,6,2,385160
sp2205,20220218,20220218,133113500,13:31:14,6420,171067,198029,10930336160,0,0,0
sp2205,20220218,20220218,133114000,13:31:15,6418,171071,198029,10930592940,4,0,256780
sp2205,20220218,20220218,133114500,13:31:15,6420,171074,198030,10930785520,3,1,192580
sp2205,20220218,20220218,133115000,13:31:15,6420,171074,198030,10930785520,0,0,0
sp2205,20220218,20220218,133116000,13:31:16,6420,171074,198030,10930785520,0,0,0
sp2205,20220218,20220218,133116500,13:31:17,6420,171074,198030,10930785520,0,0,0
sp2205,20220218,20220218,133117000,13:31:17,6420,171089,198030,10931748520,15,0,963000
sp2205,20220218,20220218,133117500,13:31:18,6420,171091,198031,10931876920,2,1,128400
sp2205,20220218,20220218,133118000,13:31:18,6420,171091,198031,10931876920,0,0,0
sp2205,20220218,20220218,133118500,13:31:19,6420,171091,198031,10931876920,0,0,0
sp2205,20220218,20220218,133119000,13:31:19,6420,171091,198031,10931876920,0,0,0
sp2205,20220218,20220218,133119500,13:31:20,6420,171107,198041,10932904120,16,10,1027200
sp2205,20220218,20220218,133120000,13:31:20,6420,171109,198041,10933032520,2,0,128400
sp2205,20220218,20220218,133120500,13:31:21,6420,171124,198048,10933995520,15,7,963000
sp2205,20220218,20220218,133121000,13:31:21,6420,171124,198048,10933995520,0,0,0
sp2205,20220218,20220218,133121500,13:31:22,6422,171128,198050,10934252360,4,2,256840
sp2205,20220218,20220218,133122000,13:31:22,6420,171133,198054,10934573360,5,4,321000
sp2205,20220218,20220218,133122500,13:31:23,6420,171135,198053,10934701760,2,-1,128400
sp2205,20220218,20220218,133123000,13:31:25,6420,171136,198054,10934765960,1,1,64200
sp2205,20220218,20220218,133123500,13:31:25,6420,171141,198054,10935087000,5,0,321040
sp2205,20220218,20220218,133124000,13:31:25,6420,171143,198053,10935215400,2,-1,128400
sp2205,20220218,20220218,133124500,13:31:25,6420,171144,198052,10935279600,1,-1,64200
sp2205,20220218,20220218,133156000,13:31:56,6420,171146,198052,10935408000,2,0,128400
sp2205,20220218,20220218,133158000,13:31:58,6420,171149,198050,10935600580,3,-2,192580
sp2205,20220218,20220218,133158500,13:31:58,6420,171150,198050,10935664780,1,0,64200
sp2205,20220218,20220218,133159500,13:32:00,6418,171165,198054,10936627760,15,4,962980
sp2205,20220218,20220218,133201000,13:32:01,6416,171372,198114,10949911820,207,60,13284060
sp2205,20220218,20220218,133201500,13:32:01,6416,171372,198114,10949911820,0,0,0
sp2205,20220218,20220218,133202000,13:32:03,6414,171373,198114,10949975960,1,0,64140
sp2205,20220218,20220218,133202500,13:32:03,6416,171377,198116,10950232580,4,2,256620
sp2205,20220218,20220218,133203000,13:32:04,6416,171378,198117,10950296740,1,1,64160
sp2205,20220218,20220218,133203500,13:32:05,6416,171378,198117,10950296740,0,0,0
sp2205,20220218,20220218,133204000,13:32:05,6416,171378,198117,10950296740,0,0,0
sp2205,20220218,20220218,133205000,13:32:06,6416,171378,198117,10950296740,0,0,0
sp2205,20220218,20220218,133205500,13:32:06,6416,171378,198117,10950296740,0,0,0
sp2205,20220218,20220218,133206000,13:32:06,6416,171378,198117,10950296740,0,0,0
sp2205,20220218,20220218,133206500,13:32:07,6416,171378,198117,10950296740,0,0,0
sp2205,20220218,20220218,133207000,13:32:07,6416,171379,198118,10950360900,1,1,64160
sp2205,20220218,20220218,133207500,13:32:07,6416,171380,198118,10950425060,1,0,64160
sp2205,20220218,20220218,133208000,13:32:09,6416,171381,198118,10950489220,1,0,64160
sp2205,20220218,20220218,133208500,13:32:10,6416,171381,198118,10950489220,0,0,0
sp2205,20220218,20220218,133209000,13:32:10,6416,171381,198118,10950489220,0,0,0
sp2205,20220218,20220218,133209500,13:32:10,6414,171401,198122,10951772020,20,4,1282800
sp2205,20220218,20220218,133210000,13:32:10,6414,171411,198127,10952413420,10,5,641400
sp2205,20220218,20220218,133210500,13:32:13,6412,171448,198148,10954785840,37,21,2372420
sp2205,20220218,20220218,133211000,13:32:14,6410,171456,198147,10955298640,8,-1,512800
sp2205,20220218,20220218,133213000,13:32:15,6410,171528,198142,10959913880,72,-5,4615240
sp2205,20220218,20220218,133213500,13:32:15,6412,171530,198143,10960042120,2,1,128240
sp2205,20220218,20220218,133214000,13:32:15,6410,171535,198145,10960362620,5,2,320500
sp2205,20220218,20220218,133214500,13:32:16,6410,171535,198145,10960362620,0,0,0
sp2205,20220218,20220218,133215000,13:32:16,6410,171536,198146,10960426720,1,1,64100
sp2205,20220218,20220218,133215500,13:32:16,6410,171536,198146,10960426720,0,0,0
sp2205,20220218,20220218,133216000,13:32:17,6410,171536,198146,10960426720,0,0,0
sp2205,20220218,20220218,133216500,13:32:17,6410,171536,198146,10960426720,0,0,0
sp2205,20220218,20220218,133217000,13:32:17,6410,171541,198143,10960747300,5,-3,320580
sp2205,20220218,20220218,133217500,13:32:18,6412,171543,198144,10960875560,2,1,128260
sp2205,20220218,20220218,133218000,13:32:18,6412,171558,198144,10961837540,15,0,961980
sp2205,20220218,20220218,133218500,13:32:19,6412,171562,198143,10962094060,4,-1,256520
sp2205,20220218,20220218,133219000,13:32:19,6412,171562,198143,10962094060,0,0,0
sp2205,20220218,20220218,133219500,13:32:20,6412,171562,198143,10962094060,0,0,0
sp2205,20220218,20220218,133220000,13:32:20,6412,171562,198143,10962094060,0,0,0
sp2205,20220218,20220218,133220500,13:32:21,6412,171579,198150,10963184100,17,7,1090040
sp2205,20220218,20220218,133221000,13:32:21,6412,171580,198151,10963248220,1,1,64120
sp2205,20220218,20220218,133221500,13:32:22,6412,171580,198151,10963248220,0,0,0
sp2205,20220218,20220218,133222000,13:32:22,6414,171582,198151,10963376500,2,0,128280
sp2205,20220218,20220218,133222500,13:32:23,6414,171583,198151,10963440640,1,0,64140
sp2205,20220218,20220218,133223000,13:32:24,6414,171585,198152,10963568920,2,1,128280
sp2205,20220218,20220218,133223500,13:32:24,6414,171585,198152,10963568920,0,0,0
sp2205,20220218,20220218,133224000,13:32:24,6414,171585,198152,10963568920,0,0,0
sp2205,20220218,20220218,133224500,13:32:24,6414,171585,198152,10963568920,0,0,0
sp2205,20220218,20220218,133225000,13:32:25,6414,171585,198152,10963568920,0,0,0
sp2205,20220218,20220218,133225500,13:32:25,6414,171585,198152,10963568920,0,0,0
sp2205,20220218,20220218,133226500,13:32:27,6414,171585,198152,10963568920,0,0,0
sp2205,20220218,20220218,133227000,13:32:27,6412,171586,198153,10963633040,1,1,64120
sp2205,20220218,20220218,133227500,13:32:28,6412,171595,198162,10964210120,9,9,577080
sp2205,20220218,20220218,133228000,13:32:32,6412,171597,198163,10964338360,2,1,128240
sp2205,20220218,20220218,133228500,13:32:32,6412,171597,198163,10964338360,0,0,0
sp2205,20220218,20220218,133229000,13:32:33,6412,171597,198163,10964338360,0,0,0
sp2205,20220218,20220218,133232000,13:32:35,6412,171600,198163,10964530720,3,0,192360
sp2205,20220218,20220218,133232500,13:32:35,6412,171600,198163,10964530720,0,0,0
sp2205,20220218,20220218,133234500,13:32:36,6412,171607,198158,10964979560,7,-5,448840
sp2205,20220218,20220218,133235000,13:32:36,6412,171607,198158,10964979560,0,0,0
sp2205,20220218,20220218,133235500,13:32:36,6412,171607,198158,10964979560,0,0,0
sp2205,20220218,20220218,133236000,13:32:36,6412,171609,198157,10965107800,2,-1,128240
sp2205,20220218,20220218,133236500,13:32:37,6410,171610,198157,10965171900,1,0,64100
sp2205,20220218,20220218,133237000,13:32:37,6410,171610,198157,10965171900,0,0,0
sp2205,20220218,20220218,133237500,13:32:37,6410,171610,198157,10965171900,0,0,0
sp2205,20220218,20220218,133238000,13:32:38,6410,171611,198157,10965236000,1,0,64100
sp2205,20220218,20220218,133238500,13:32:39,6410,171611,198157,10965236000,0,0,0
sp2205,20220218,20220218,133239000,13:32:39,6410,171611,198157,10965236000,0,0,0
sp2205,20220218,20220218,133239500,13:32:40,6412,171612,198156,10965300120,1,-1,64120
sp2205,20220218,20220218,133240000,13:32:40,6410,171614,198157,10965428340,2,1,128220
sp2205,20220218,20220218,133240500,13:32:40,6410,171614,198157,10965428340,0,0,0
sp2205,20220218,20220218,133241000,13:32:41,6412,171615,198158,10965492460,1,1,64120
sp2205,20220218,20220218,133241500,13:32:42,6410,171616,198159,10965556560,1,1,64100
sp2205,20220218,20220218,133242000,13:32:42,6410,171616,198159,10965556560,0,0,0
sp2205,20220218,20220218,133242500,13:32:42,6410,171618,198159,10965684760,2,0,128200
sp2205,20220218,20220218,133243000,13:32:43,6410,171618,198159,10965684760,0,0,0
sp2205,20220218,20220218,133243500,13:32:43,6410,171618,198159,10965684760,0,0,0
sp2205,20220218,20220218,133244000,13:32:44,6410,171619,198160,10965748860,1,1,64100
sp2205,20220218,20220218,133245000,13:32:45,6410,171619,198160,10965748860,0,0,0
sp2205,20220218,20220218,133245500,13:32:45,6412,171625,198160,10966133580,6,0,384720
sp2205,20220218,20220218,133246000,13:32:47,6412,171625,198160,10966133580,0,0,0
sp2205,20220218,20220218,133246500,13:32:47,6412,171637,198159,10966903000,12,-1,769420
sp2205,20220218,20220218,133247000,13:32:47,6412,171639,198159,10967031240,2,0,128240
sp2205,20220218,20220218,133247500,13:32:48,6412,171639,198159,10967031240,0,0,0
sp2205,20220218,20220218,133248000,13:32:48,6412,171640,198160,10967095360,1,1,64120
sp2205,20220218,20220218,133248500,13:32:49,6412,171642,198162,10967223600,2,2,128240
sp2205,20220218,20220218,133249000,13:32:49,6412,171642,198162,10967223600,0,0,0
sp2205,20220218,20220218,133249500,13:32:50,6412,171642,198162,10967223600,0,0,0
sp2205,20220218,20220218,133250000,13:32:50,6410,171645,198165,10967415900,3,3,192300
sp2205,20220218,20220218,133250500,13:32:52,6410,171645,198165,10967415900,0,0,0
sp2205,20220218,20220218,133251000,13:32:52,6412,171648,198168,10967608260,3,3,192360
sp2205,20220218,20220218,133251500,13:32:53,6412,171650,198168,10967736500,2,0,128240
sp2205,20220218,20220218,133252500,13:32:53,6412,171650,198168,10967736500,0,0,0
sp2205,20220218,20220218,133253000,13:32:53,6410,171651,198169,10967800600,1,1,64100
sp2205,20220218,20220218,133253500,13:32:54,6410,171652,198169,10967864700,1,0,64100
sp2205,20220218,20220218,133254000,13:32:54,6410,171653,198170,10967928800,1,1,64100
sp2205,20220218,20220218,133254500,13:32:55,6410,171653,198170,10967928800,0,0,0
sp2205,20220218,20220218,133255000,13:32:55,6410,171653,198170,10967928800,0,0,0
sp2205,20220218,20220218,133255500,13:32:55,6410,171654,198171,10967992900,1,1,64100
sp2205,20220218,20220218,133256000,13:32:56,6410,171654,198171,10967992900,0,0,0
sp2205,20220218,20220218,133256500,13:32:56,6410,171654,198171,10967992900,0,0,0
sp2205,20220218,20220218,133257000,13:32:59,6410,171654,198171,10967992900,0,0,0
sp2205,20220218,20220218,133257500,13:33:00,6410,171656,198173,10968121100,2,2,128200
sp2205,20220218,20220218,133258000,13:33:00,6410,171657,198173,10968185200,1,0,64100
sp2205,20220218,20220218,133258500,13:33:00,6410,171657,198173,10968185200,0,0,0
sp2205,20220218,20220218,133259500,13:33:01,6410,171675,198171,10969339020,18,-2,1153820
sp2205,20220218,20220218,133300000,13:33:01,6412,171676,198170,10969403140,1,-1,64120
sp2205,20220218,20220218,133300500,13:33:01,6412,171681,198170,10969723740,5,0,320600
sp2205,20220218,20220218,133301000,13:33:02,6412,171681,198170,10969723740,0,0,0
sp2205,20220218,20220218,133301500,13:33:02,6412,171681,198170,10969723740,0,0,0
sp2205,20220218,20220218,133302000,13:33:02,6412,171681,198170,10969723740,0,0,0
sp2205,20220218,20220218,133302500,13:33:03,6412,171685,198170,10969980180,4,0,256440
sp2205,20220218,20220218,133303000,13:33:03,6412,171686,198169,10970044300,1,-1,64120
sp2205,20220218,20220218,133303500,13:33:04,6412,171697,198164,10970749620,11,-5,705320
sp2205,20220218,20220218,133304000,13:33:04,6412,171698,198164,10970813740,1,0,64120
sp2205,20220218,20220218,133304500,13:33:05,6414,171701,198167,10971006160,3,3,192420
sp2205,20220218,20220218,133305000,13:33:05,6412,171702,198166,10971070280,1,-1,64120
sp2205,20220218,20220218,133305500,13:33:05,6412,171702,198166,10971070280,0,0,0
sp2205,20220218,20220218,133306000,13:33:06,6412,171704,198167,10971198520,2,1,128240
sp2205,20220218,20220218,133306500,13:33:06,6412,171704,198167,10971198520,0,0,0
sp2205,20220218,20220218,133307000,13:33:07,6412,171704,198167,10971198520,0,0,0
sp2205,20220218,20220218,133307500,13:33:08,6412,171704,198167,10971198520,0,0,0
sp2205,20220218,20220218,133308000,13:33:08,6412,171705,198168,10971262640,1,1,64120
sp2205,20220218,20220218,133308500,13:33:09,6412,171714,198169,10971839780,9,1,577140
sp2205,20220218,20220218,133309000,13:33:09,6412,171722,198175,10972352740,8,6,512960
sp2205,20220218,20220218,133309500,13:33:10,6412,171722,198175,10972352740,0,0,0
sp2205,20220218,20220218,133310000,13:33:11,6412,171722,198175,10972352740,0,0,0
sp2205,20220218,20220218,133310500,13:33:12,6412,171722,198175,10972352740,0,0,0
sp2205,20220218,20220218,133311000,13:33:14,6412,171724,198177,10972480980,2,2,128240
sp2205,20220218,20220218,133312000,13:33:14,6412,171724,198177,10972480980,0,0,0
sp2205,20220218,20220218,133313500,13:33:15,6412,171724,198177,10972480980,0,0,0
sp2205,20220218,20220218,133314000,13:33:17,6412,171727,198180,10972673360,3,3,192380
sp2205,20220218,20220218,133314500,13:33:17,6412,171728,198181,10972737480,1,1,64120
sp2205,20220218,20220218,133315000,13:33:18,6412,171728,198181,10972737480,0,0,0
sp2205,20220218,20220218,133315500,13:33:18,6412,171728,198181,10972737480,0,0,0
sp2205,20220218,20220218,133317000,13:33:19,6412,171728,198181,10972737480,0,0,0
sp2205,20220218,20220218,133317500,13:33:19,6412,171728,198181,10972737480,0,0,0
sp2205,20220218,20220218,133318500,13:33:19,6412,171728,198181,10972737480,0,0,0
sp2205,20220218,20220218,133319000,13:33:20,6412,171729,198181,10972801600,1,0,64120
sp2205,20220218,20220218,133319500,13:33:20,6412,171729,198181,10972801600,0,0,0
sp2205,20220218,20220218,133320000,13:33:21,6412,171729,198181,10972801600,0,0,0
sp2205,20220218,20220218,133321000,13:33:22,6412,171729,198181,10972801600,0,0,0
sp2205,20220218,20220218,133321500,13:33:22,6412,171729,198181,10972801600,0,0,0
sp2205,20220218,20220218,133322000,13:33:22,6412,171729,198181,10972801600,0,0,0
sp2205,20220218,20220218,133322500,13:33:22,6412,171729,198181,10972801600,0,0,0
sp2205,20220218,20220218,133323000,13:33:23,6412,171729,198181,10972801600,0,0,0
sp2205,20220218,20220218,133323500,13:33:24,6414,171731,198181,10972929880,2,0,128280
sp2205,20220218,20220218,133324000,13:33:24,6414,171731,198181,10972929880,0,0,0
sp2205,20220218,20220218,133325000,13:33:26,6412,171733,198182,10973058120,2,1,128240
sp2205,20220218,20220218,133325500,13:33:26,6414,171734,198182,10973122260,1,0,64140
sp2205,20220218,20220218,133326000,13:33:27,6414,171734,198182,10973122260,0,0,0
sp2205,20220218,20220218,133327500,13:33:29,6414,171736,198184,10973250540,2,2,128280
sp2205,20220218,20220218,133328500,13:33:30,6412,171738,198186,10973378780,2,2,128240
sp2205,20220218,20220218,133329000,13:33:30,6414,171739,198186,10973442920,1,0,64140
sp2205,20220218,20220218,133329500,13:33:30,6414,171739,198186,10973442920,0,0,0
sp2205,20220218,20220218,133330000,13:33:30,6414,171740,198187,10973507060,1,1,64140
sp2205,20220218,20220218,133330500,13:33:31,6414,171741,198188,10973571200,1,1,64140
sp2205,20220218,20220218,133331000,13:33:32,6414,171744,198191,10973763620,3,3,192420
sp2205,20220218,20220218,133331500,13:33:32,6414,171747,198194,10973956040,3,3,192420
sp2205,20220218,20220218,133332000,13:33:32,6414,171748,198195,10974020180,1,1,64140
sp2205,20220218,20220218,133332500,13:33:33,6414,171748,198195,10974020180,0,0,0
sp2205,20220218,20220218,133333000,13:33:33,6414,171749,198195,10974084320,1,0,64140
sp2205,20220218,20220218,133333500,13:33:33,6414,171749,198195,10974084320,0,0,0
sp2205,20220218,20220218,133334000,13:33:34,6414,171769,198203,10975366740,20,8,1282420
sp2205,20220218,20220218,133334500,13:33:34,6414,171774,198205,10975687420,5,2,320680
sp2205,20220218,20220218,133335000,13:33:35,6414,171784,198200,10976328820,10,-5,641400
sp2205,20220218,20220218,133335500,13:33:35,6414,171784,198200,10976328820,0,0,0
sp2205,20220218,20220218,133336000,13:33:36,6414,171786,198201,10976457100,2,1,128280
sp2205,20220218,20220218,133336500,13:33:36,6414,171786,198201,10976457100,0,0,0
sp2205,20220218,20220218,133337000,13:33:37,6414,171786,198201,10976457100,0,0,0
sp2205,20220218,20220218,133338500,13:33:39,6414,171788,198203,10976585380,2,2,128280
sp2205,20220218,20220218,133339000,13:33:39,6412,171794,198204,10976970120,6,1,384740
sp2205,20220218,20220218,133339500,13:33:40,6412,171794,198204,10976970120,0,0,0
sp2205,20220218,20220218,133340000,13:33:40,6412,171797,198204,10977162520,3,0,192400
sp2205,20220218,20220218,133340500,13:33:41,6412,171799,198205,10977290780,2,1,128260
sp2205,20220218,20220218,133341000,13:33:41,6412,171799,198205,10977290780,0,0,0
sp2205,20220218,20220218,133341500,13:33:42,6414,171800,198206,10977354920,1,1,64140
sp2205,20220218,20220218,133342000,13:33:42,6414,171805,198205,10977675620,5,-1,320700
sp2205,20220218,20220218,133342500,13:33:42,6414,171810,198207,10977996320,5,2,320700
sp2205,20220218,20220218,133343000,13:33:43,6414,171814,198207,10978252880,4,0,256560
sp2205,20220218,20220218,133343500,13:33:44,6412,171816,198207,10978381140,2,0,128260
sp2205,20220218,20220218,133344000,13:33:44,6412,171816,198207,10978381140,0,0,0
sp2205,20220218,20220218,133344500,13:33:45,6412,171832,198196,10979407080,16,-11,1025940
sp2205,20220218,20220218,133345000,13:33:45,6412,171832,198196,10979407080,0,0,0
sp2205,20220218,20220218,133345500,13:33:46,6412,171832,198196,10979407080,0,0,0
sp2205,20220218,20220218,133346000,13:33:47,6414,171839,198198,10979856060,7,2,448980
sp2205,20220218,20220218,133346500,13:33:48,6414,171839,198198,10979856060,0,0,0
sp2205,20220218,20220218,133347000,13:33:48,6412,171842,198200,10980048420,3,2,192360
sp2205,20220218,20220218,133347500,13:33:49,6412,171842,198200,10980048420,0,0,0
sp2205,20220218,20220218,133348000,13:33:49,6414,171843,198200,10980112560,1,0,64140
sp2205,20220218,20220218,133349000,13:33:50,6412,171844,198201,10980176680,1,1,64120
sp2205,20220218,20220218,133349500,13:33:50,6412,171844,198201,10980176680,0,0,0
sp2205,20220218,20220218,133350000,13:33:50,6412,171844,198201,10980176680,0,0,0
sp2205,20220218,20220218,133351000,13:33:51,6412,171844,198201,10980176680,0,0,0
sp2205,20220218,20220218,133351500,13:33:52,6412,171844,198201,10980176680,0,0,0
sp2205,20220218,20220218,133352000,13:33:52,6412,171844,198201,10980176680,0,0,0
sp2205,20220218,20220218,133352500,13:33:52,6414,171845,198201,10980240820,1,0,64140
sp2205,20220218,20220218,133353000,13:33:53,6412,171848,198204,10980433180,3,3,192360
sp2205,20220218,20220218,133353500,13:33:53,6412,171848,198204,10980433180,0,0,0
sp2205,20220218,20220218,133354000,13:33:54,6412,171848,198204,10980433180,0,0,0
sp2205,20220218,20220218,133354500,13:33:54,6412,171848,198204,10980433180,0,0,0
sp2205,20220218,20220218,133355000,13:33:56,6412,171848,198204,10980433180,0,0,0
sp2205,20220218,20220218,133355500,13:33:56,6412,171849,198205,10980497300,1,1,64120
sp2205,20220218,20220218,133357500,13:33:58,6412,171849,198205,10980497300,0,0,0
sp2205,20220218,20220218,133358000,13:33:58,6414,171850,198206,10980561440,1,1,64140
sp2205,20220218,20220218,133358500,13:33:58,6414,171850,198206,10980561440,0,0,0
sp2205,20220218,20220218,133359000,13:33:59,6412,171851,198207,10980625560,1,1,64120
sp2205,20220218,20220218,133400000,13:34:00,6412,171851,198207,10980625560,0,0,0
sp2205,20220218,20220218,133400500,13:34:00,6412,171851,198207,10980625560,0,0,0
sp2205,20220218,20220218,133401000,13:34:01,6412,171853,198208,10980753820,2,1,128260
sp2205,20220218,20220218,133401500,13:34:02,6412,171862,198200,10981330900,9,-8,577080
sp2205,20220218,20220218,133402000,13:34:02,6412,171862,198200,10981330900,0,0,0
sp2205,20220218,20220218,133402500,13:34:10,6412,171862,198200,10981330900,0,0,0
sp2205,20220218,20220218,133403000,13:34:10,6414,171863,198199,10981395040,1,-1,64140
sp2205,20220218,20220218,133403500,13:34:11,6414,171866,198201,10981587460,3,2,192420
sp2205,20220218,20220218,133410000,13:34:12,6414,171894,198218,10983383500,28,17,1796040
sp2205,20220218,20220218,133410500,13:34:12,6414,171894,198218,10983383500,0,0,0
sp2205,20220218,20220218,133411000,13:34:12,6416,171896,198220,10983511820,2,2,128320
sp2205,20220218,20220218,133411500,13:34:12,6416,171901,198221,10983832620,5,1,320800
sp2205,20220218,20220218,133412000,13:34:12,6416,171908,198223,10984281740,7,2,449120
sp2205,20220218,20220218,133412500,13:34:13,6416,171913,198223,10984602540,5,0,320800
sp2205,20220218,20220218,133413000,13:34:13,6416,171914,198223,10984666700,1,0,64160
sp2205,20220218,20220218,133413500,13:34:14,6416,171924,198228,10985308300,10,5,641600
sp2205,20220218,20220218,133414000,13:34:14,6416,171925,198228,10985372460,1,0,64160
sp2205,20220218,20220218,133414500,13:34:15,6416,171925,198228,10985372460,0,0,0
sp2205,20220218,20220218,133415000,13:34:15,6416,171972,198268,10988387980,47,40,3015520
sp2205,20220218,20220218,133415500,13:34:16,6416,171976,198271,10988644620,4,3,256640
sp2205,20220218,20220218,133416000,13:34:16,6418,171980,198272,10988901280,4,1,256660
sp2205,20220218,20220218,133416500,13:34:16,6418,171980,198272,10988901280,0,0,0
sp2205,20220218,20220218,133417000,13:34:17,6416,171981,198271,10988965440,1,-1,64160
sp2205,20220218,20220218,133417500,13:34:17,6418,171984,198270,10989157940,3,-1,192500
sp2205,20220218,20220218,133418000,13:34:18,6418,171984,198270,10989157940,0,0,0
sp2205,20220218,20220218,133418500,13:34:18,6418,171984,198270,10989157940,0,0,0
sp2205,20220218,20220218,133419000,13:34:19,6418,171984,198270,10989157940,0,0,0
sp2205,20220218,20220218,133419500,13:34:20,6418,171984,198270,10989157940,0,0,0
sp2205,20220218,20220218,133420000,13:34:20,6416,171986,198271,10989286260,2,1,128320
sp2205,20220218,20220218,133420500,13:34:21,6416,171986,198271,10989286260,0,0,0
sp2205,20220218,20220218,133421000,13:34:23,6418,171990,198271,10989542980,4,0,256720
sp2205,20220218,20220218,133421500,13:34:23,6418,171990,198271,10989542980,0,0,0
sp2205,20220218,20220218,133423500,13:34:24,6416,172058,198322,10993907120,68,51,4364140
sp2205,20220218,20220218,133424000,13:34:24,6416,172061,198321,10994099620,3,-1,192500
sp2205,20220218,20220218,133424500,13:34:24,6416,172061,198321,10994099620,0,0,0
sp2205,20220218,20220218,133425000,13:34:25,6418,172063,198321,10994227980,2,0,128360
sp2205,20220218,20220218,133425500,13:34:25,6416,172064,198321,10994292140,1,0,64160
sp2205,20220218,20220218,133426000,13:34:26,6416,172064,198321,10994292140,0,0,0
sp2205,20220218,20220218,133426500,13:34:26,6416,172072,198319,10994805420,8,-2,513280
sp2205,20220218,20220218,133427000,13:34:27,6416,172075,198322,10994997900,3,3,192480
sp2205,20220218,20220218,133427500,13:34:27,6416,172075,198322,10994997900,0,0,0
sp2205,20220218,20220218,133428000,13:34:28,6416,172075,198322,10994997900,0,0,0
sp2205,20220218,20220218,133428500,13:34:29,6416,172075,198322,10994997900,0,0,0
sp2205,20220218,20220218,133429500,13:34:29,6416,172077,198324,10995126220,2,2,128320
sp2205,20220218,20220218,133430000,13:34:30,6416,172085,198326,10995639500,8,2,513280
sp2205,20220218,20220218,133430500,13:34:30,6414,172089,198327,10995896120,4,1,256620
sp2205,20220218,20220218,133431000,13:34:31,6414,172089,198327,10995896120,0,0,0
sp2205,20220218,20220218,133431500,13:34:31,6416,172091,198326,10996024440,2,-1,128320
sp2205,20220218,20220218,133432000,13:34:32,6416,172096,198330,10996345240,5,4,320800
sp2205,20220218,20220218,133432500,13:34:32,6416,172096,198330,10996345240,0,0,0
sp2205,20220218,20220218,133433000,13:34:33,6418,172106,198327,10996987040,10,-3,641800
sp2205,20220218,20220218,133433500,13:34:34,6418,172106,198327,10996987040,0,0,0
sp2205,20220218,20220218,133434000,13:34:34,6418,172106,198327,10996987040,0,0,0
sp2205,20220218,20220218,133435500,13:34:36,6418,172106,198327,10996987040,0,0,0
sp2205,20220218,20220218,133436000,13:34:36,6418,172128,198344,10998398980,22,17,1411940
sp2205,20220218,20220218,133436500,13:34:36,6418,172140,198347,10999169100,12,3,770120
sp2205,20220218,20220218,133437000,13:34:37,6418,172147,198351,10999618340,7,4,449240
sp2205,20220218,20220218,133437500,13:34:38,6418,172147,198351,10999618340,0,0,0
sp2205,20220218,20220218,133438000,13:34:38,6418,172150,198350,10999810880,3,-1,192540
sp2205,20220218,20220218,133438500,13:34:38,6418,172150,198350,10999810880,0,0,0
sp2205,20220218,20220218,133439000,13:34:39,6418,172152,198352,10999939240,2,2,128360
sp2205,20220218,20220218,133439500,13:34:39,6418,172152,198352,10999939240,0,0,0
sp2205,20220218,20220218,133440000,13:34:40,6418,172152,198352,10999939240,0,0,0
sp2205,20220218,20220218,133440500,13:34:41,6416,172155,198355,11000131760,3,3,192520
sp2205,20220218,20220218,133441000,13:34:41,6416,172155,198355,11000131760,0,0,0
sp2205,20220218,20220218,133441500,13:34:42,6416,172155,198355,11000131760,0,0,0
sp2205,20220218,20220218,133442000,13:34:43,6416,172157,198357,11000260100,2,2,128340
sp2205,20220218,20220218,133442500,13:34:44,6416,172158,198358,11000324260,1,1,64160
sp2205,20220218,20220218,133443000,13:34:45,6416,172163,198363,11000645060,5,5,320800
sp2205,20220218,20220218,133443500,13:34:45,6416,172163,198363,11000645060,0,0,0
sp2205,20220218,20220218,133445000,13:34:46,6416,172163,198363,11000645060,0,0,0
sp2205,20220218,20220218,133445500,13:34:46,6416,172163,198363,11000645060,0,0,0
sp2205,20220218,20220218,133446000,13:34:46,6416,172163,198363,11000645060,0,0,0
sp2205,20220218,20220218,133446500,13:34:47,6416,172164,198363,11000709220,1,0,64160
sp2205,20220218,20220218,133447500,13:34:47,6416,172164,198363,11000709220,0,0,0
sp2205,20220218,20220218,133448000,13:34:48,6416,172164,198363,11000709220,0,0,0
sp2205,20220218,20220218,133448500,13:34:49,6416,172164,198363,11000709220,0,0,0
sp2205,20220218,20220218,133449000,13:34:49,6418,172169,198368,11001030120,5,5,320900
sp2205,20220218,20220218,133449500,13:34:49,6418,172193,198386,11002570420,24,18,1540300
sp2205,20220218,20220218,133450000,13:34:51,6418,172206,198395,11003404760,13,9,834340
sp2205,20220218,20220218,133450500,13:34:51,6418,172206,198395,11003404760,0,0,0
sp2205,20220218,20220218,133451000,13:34:51,6416,172211,198400,11003725560,5,5,320800
sp2205,20220218,20220218,133451500,13:34:51,6418,172213,198402,11003853920,2,2,128360
sp2205,20220218,20220218,133453000,13:34:53,6418,172213,198402,11003853920,0,0,0
sp2205,20220218,20220218,133453500,13:34:55,6418,172214,198403,11003918100,1,1,64180
sp2205,20220218,20220218,133454000,13:34:56,6418,172214,198403,11003918100,0,0,0
sp2205,20220218,20220218,133455000,13:34:56,6418,172215,198404,11003982280,1,1,64180
sp2205,20220218,20220218,133455500,13:34:56,6418,172215,198404,11003982280,0,0,0
sp2205,20220218,20220218,133456000,13:34:56,6416,172216,198405,11004046440,1,1,64160
sp2205,20220218,20220218,133456500,13:34:57,6416,172218,198407,11004174780,2,2,128340
sp2205,20220218,20220218,133457000,13:34:57,6416,172218,198407,11004174780,0,0,0
