sp2204,20220218,20220218,112003000,11:20:10,6406,12247,25798,781309180,12247,-201,781309180
sp2204,20220218,20220218,112004500,11:20:10,6406,12247,25798,781309180,0,0,0
sp2204,20220218,20220218,112005000,11:20:10,6406,12247,25798,781309180,0,0,0
sp2204,20220218,20220218,112006000,11:20:10,6406,12247,25798,781309180,0,0,0
sp2204,20220218,20220218,112006500,11:20:10,6406,12247,25798,781309180,0,0,0
sp2204,20220218,20220218,112007000,11:20:10,6406,12247,25798,781309180,0,0,0
sp2204,20220218,20220218,112007500,11:20:10,6406,12247,25798,781309180,0,0,0
sp2204,20220218,20220218,112008000,11:20:10,6406,12247,25798,781309180,0,0,0
sp2204,20220218,20220218,112008500,11:20:10,6406,12247,25798,781309180,0,0,0
sp2204,20220218,20220218,112009000,11:20:10,6406,12247,25798,781309180,0,0,0
sp2204,20220218,20220218,112009500,11:20:10,6406,12247,25798,781309180,0,0,0
sp2204,20220218,20220218,112010500,11:20:10,6406,12247,25798,781309180,0,0,0
sp2204,20220218,20220218,112011000,11:20:11,6406,12247,25798,781309180,0,0,0
sp2204,20220218,20220218,112011500,11:20:12,6406,12247,25798,781309180,0,0,0
sp2204,20220218,20220218,112012000,11:20:12,6406,12247,25798,781309180,0,0,0
sp2204,20220218,20220218,112012500,11:20:12,6404,12249,25800,781437260,2,2,128080
sp2204,20220218,20220218,112013000,11:20:13,6404,12249,25800,781437260,0,0,0
sp2204,20220218,20220218,112013500,11:20:13,6404,12250,25799,781501300,1,-1,64040
sp2204,20220218,20220218,112014000,11:20:14,6404,12250,25799,781501300,0,0,0
sp2204,20220218,20220218,112014500,11:20:14,6404,12250,25799,781501300,0,0,0
sp2204,20220218,20220218,112015000,11:20:15,6404,12250,25799,781501300,0,0,0
sp2204,20220218,20220218,112015500,11:20:16,6404,12250,25799,781501300,0,0,0
sp2204,20220218,20220218,112016000,11:20:16,6404,12250,25799,781501300,0,0,0
sp2204,20220218,20220218,112016500,11:20:16,6404,12250,25799,781501300,0,0,0
sp2204,20220218,20220218,112017000,11:20:17,6404,12250,25799,781501300,0,0,0
sp2204,20220218,20220218,112017500,11:20:17,6404,12250,25799,781501300,0,0,0
sp2204,20220218,20220218,112018000,11:20:18,6404,12250,25799,781501300,0,0,0
sp2204,20220218,20220218,112018500,11:20:18,6404,12250,25799,781501300,0,0,0
sp2204,20220218,20220218,112019000,11:20:19,6404,12250,25799,781501300,0,0,0
sp2204,20220218,20220218,112019500,11:20:20,6404,12250,25799,781501300,0,0,0
sp2204,20220218,20220218,112020000,11:20:20,6404,12250,25799,781501300,0,0,0
sp2204,20220218,20220218,112020500,11:20:21,6404,12250,25799,781501300,0,0,0
sp2204,20220218,20220218,112021000,11:20:21,6404,12250,25799,781501300,0,0,0
sp2204,20220218,20220218,112021500,11:20:21,6404,12250,25799,781501300,0,0,0
sp2204,20220218,20220218,112022000,11:20:22,6404,12250,25799,781501300,0,0,0
sp2204,20220218,20220218,112022500,11:20:23,6404,12250,25799,781501300,0,0,0
sp2204,20220218,20220218,112023000,11:20:23,6404,12250,25799,781501300,0,0,0
sp2204,20220218,20220218,112023500,11:20:23,6404,12250,25799,781501300,0,0,0
sp2204,20220218,20220218,112024000,11:20:24,6404,12250,25799,781501300,0,0,0
sp2204,20220218,20220218,112024500,11:20:24,6404,12250,25799,781501300,0,0,0
sp2204,20220218,20220218,112025000,11:20:25,6404,12250,25799,781501300,0,0,0
sp2204,20220218,20220218,112025500,11:20:25,6404,12250,25799,781501300,0,0,0
sp2204,20220218,20220218,112026000,11:20:26,6404,12250,25799,781501300,0,0,0
sp2204,20220218,20220218,112026500,11:20:26,6404,12250,25799,781501300,0,0,0
sp2204,20220218,20220218,112027000,11:20:27,6404,12250,25799,781501300,0,0,0
sp2204,20220218,20220218,112027500,11:20:28,6404,12250,25799,781501300,0,0,0
sp2204,20220218,20220218,112028000,11:20:28,6404,12250,25799,781501300,0,0,0
sp2204,20220218,20220218,112028500,11:20:28,6404,12250,25799,781501300,0,0,0
sp2204,20220218,20220218,112029000,11:20:29,6404,12250,25799,781501300,0,0,0
sp2204,20220218,20220218,112029500,11:20:30,6404,12250,25799,781501300,0,0,0
sp2204,20220218,20220218,112030000,11:20:31,6404,12250,25799,781501300,0,0,0
sp2204,20220218,20220218,112030500,11:20:31,6404,12250,25799,781501300,0,0,0
sp2204,20220218,20220218,112031000,11:20:32,6404,12250,25799,781501300,0,0,0
sp2204,20220218,20220218,112031500,11:20:32,6404,12250,25799,781501300,0,0,0
sp2204,20220218,20220218,112032000,11:20:32,6404,12250,25799,781501300,0,0,0
sp2204,20220218,20220218,112032500,11:20:32,6404,12250,25799,781501300,0,0,0
sp2204,20220218,20220218,112033000,11:20:33,6404,12250,25799,781501300,0,0,0
sp2204,20220218,20220218,112033500,11:20:33,6404,12250,25799,781501300,0,0,0
sp2204,20220218,20220218,112034000,11:20:34,6404,12250,25799,781501300,0,0,0
sp2204,20220218,20220218,112034500,11:20:35,6404,12250,25799,781501300,0,0,0
sp2204,20220218,20220218,112035000,11:20:35,6404,12250,25799,781501300,0,0,0
sp2204,20220218,20220218,112035500,11:20:35,6404,12250,25799,781501300,0,0,0
sp2204,20220218,20220218,112036500,11:20:37,6404,12250,25799,781501300,0,0,0
sp2204,20220218,20220218,112037000,11:20:37,6404,12250,25799,781501300,0,0,0
sp2204,20220218,20220218,112037500,11:20:38,6404,12250,25799,781501300,0,0,0
sp2204,20220218,20220218,112038000,11:20:38,6404,12250,25799,781501300,0,0,0
sp2204,20220218,20220218,112038500,11:20:38,6404,12250,25799,781501300,0,0,0
sp2204,20220218,20220218,112039000,11:20:39,6404,12250,25799,781501300,0,0,0
sp2204,20220218,20220218,112039500,11:20:40,6404,12250,25799,781501300,0,0,0
sp2204,20220218,20220218,112040000,11:20:40,6404,12250,25799,781501300,0,0,0
sp2204,20220218,20220218,112040500,11:20:41,6404,12250,25799,781501300,0,0,0
sp2204,20220218,20220218,112041000,11:20:41,6404,12250,25799,781501300,0,0,0
sp2204,20220218,20220218,112041500,11:20:41,6404,12250,25799,781501300,0,0,0
sp2204,20220218,20220218,112042000,11:20:42,6404,12250,25799,781501300,0,0,0
sp2204,20220218,20220218,112042500,11:20:42,6404,12250,25799,781501300,0,0,0
sp2204,20220218,20220218,112043000,11:20:43,6404,12250,25799,781501300,0,0,0
sp2204,20220218,20220218,112043500,11:20:44,6404,12250,25799,781501300,0,0,0
sp2204,20220218,20220218,112044000,11:20:44,6404,12250,25799,781501300,0,0,0
sp2204,20220218,20220218,112044500,11:20:45,6404,12250,25799,781501300,0,0,0
sp2204,20220218,20220218,112045000,11:20:45,6404,12250,25799,781501300,0,0,0
sp2204,20220218,20220218,112045500,11:20:46,6404,12250,25799,781501300,0,0,0
sp2204,20220218,20220218,112046000,11:20:46,6404,12250,25799,781501300,0,0,0
sp2204,20220218,20220218,112046500,11:20:46,6404,12250,25799,781501300,0,0,0
sp2204,20220218,20220218,112047000,11:20:47,6404,12250,25799,781501300,0,0,0
sp2204,20220218,20220218,112047500,11:20:48,6404,12250,25799,781501300,0,0,0
sp2204,20220218,20220218,112048000,11:20:48,6404,12250,25799,781501300,0,0,0
sp2204,20220218,20220218,112048500,11:20:50,6404,12250,25799,781501300,0,0,0
sp2204,20220218,20220218,112049000,11:20:50,6404,12250,25799,781501300,0,0,0
sp2204,20220218,20220218,112049500,11:20:50,6404,12250,25799,781501300,0,0,0
sp2204,20220218,20220218,112050500,11:20:51,6404,12250,25799,781501300,0,0,0
sp2204,20220218,20220218,112051000,11:20:51,6404,12250,25799,781501300,0,0,0
sp2204,20220218,20220218,112051500,11:20:52,6404,12250,25799,781501300,0,0,0
sp2204,20220218,20220218,112052000,11:20:53,6404,12250,25799,781501300,0,0,0
sp2204,20220218,20220218,112052500,11:20:53,6404,12250,25799,781501300,0,0,0
sp2204,20220218,20220218,112053000,11:20:53,6404,12250,25799,781501300,0,0,0
sp2204,20220218,20220218,112053500,11:20:53,6404,12250,25799,781501300,0,0,0
sp2204,20220218,20220218,112054000,11:20:54,6404,12250,25799,781501300,0,0,0
sp2204,20220218,20220218,112054500,11:20:55,6404,12250,25799,781501300,0,0,0
sp2204,20220218,20220218,112055000,11:20:55,6404,12250,25799,781501300,0,0,0
sp2204,20220218,20220218,112055500,11:20:56,6404,12250,25799,781501300,0,0,0
sp2204,20220218,20220218,112056000,11:20:56,6404,12250,25799,781501300,0,0,0
sp2204,20220218,20220218,112056500,11:20:56,6404,12250,25799,781501300,0,0,0
sp2204,20220218,20220218,112057000,11:20:58,6404,12250,25799,781501300,0,0,0
sp2204,20220218,20220218,112057500,11:20:58,6404,12250,25799,781501300,0,0,0
sp2204,20220218,20220218,112058000,11:20:58,6404,12250,25799,781501300,0,0,0
sp2204,20220218,20220218,112058500,11:20:59,6404,12252,25800,781629380,2,1,128080
sp2204,20220218,20220218,112059000,11:21:00,6404,12252,25800,781629380,0,0,0
sp2204,20220218,20220218,112059500,11:21:00,6404,12254,25801,781757460,2,1,128080
sp2204,20220218,20220218,112100000,11:21:00,6404,12254,25801,781757460,0,0,0
sp2204,20220218,20220218,112100500,11:21:01,6404,12254,25801,781757460,0,0,0
sp2204,20220218,20220218,112101000,11:21:01,6404,12254,25801,781757460,0,0,0
sp2204,20220218,20220218,112101500,11:21:02,6404,12254,25801,781757460,0,0,0
sp2204,20220218,20220218,112102000,11:21:03,6404,12254,25801,781757460,0,0,0
sp2204,20220218,20220218,112102500,11:21:03,6404,12254,25801,781757460,0,0,0
sp2204,20220218,20220218,112103000,11:21:03,6406,12268,25807,782654300,14,6,896840
sp2204,20220218,20220218,112103500,11:21:04,6406,12268,25807,782654300,0,0,0
sp2204,20220218,20220218,112104000,11:21:04,6406,12268,25807,782654300,0,0,0
sp2204,20220218,20220218,112104500,11:21:05,6406,12268,25807,782654300,0,0,0
sp2204,20220218,20220218,112105000,11:21:06,6408,12274,25803,783038780,6,-4,384480
sp2204,20220218,20220218,112105500,11:21:07,6408,12274,25803,783038780,0,0,0
sp2204,20220218,20220218,112106000,11:21:07,6408,12274,25803,783038780,0,0,0
sp2204,20220218,20220218,112106500,11:21:08,6408,12274,25803,783038780,0,0,0
sp2204,20220218,20220218,112107000,11:21:09,6408,12274,25803,783038780,0,0,0
sp2204,20220218,20220218,112107500,11:21:10,6408,12274,25803,783038780,0,0,0
sp2204,20220218,20220218,112108000,11:21:10,6408,12274,25803,783038780,0,0,0
sp2204,20220218,20220218,112110000,11:21:11,6408,12274,25803,783038780,0,0,0
sp2204,20220218,20220218,112110500,11:21:11,6408,12274,25803,783038780,0,0,0
sp2204,20220218,20220218,112111000,11:21:11,6408,12274,25803,783038780,0,0,0
sp2204,20220218,20220218,112111500,11:21:12,6408,12274,25803,783038780,0,0,0
sp2204,20220218,20220218,112112000,11:21:12,6408,12274,25803,783038780,0,0,0
sp2204,20220218,20220218,112112500,11:21:13,6408,12274,25803,783038780,0,0,0
sp2204,20220218,20220218,112113000,11:21:13,6408,12274,25803,783038780,0,0,0
sp2204,20220218,20220218,112113500,11:21:13,6408,12274,25803,783038780,0,0,0
sp2204,20220218,20220218,112114000,11:21:14,6408,12274,25803,783038780,0,0,0
sp2204,20220218,20220218,112114500,11:21:14,6408,12274,25803,783038780,0,0,0
sp2204,20220218,20220218,112115000,11:21:15,6408,12274,25803,783038780,0,0,0
sp2204,20220218,20220218,112115500,11:21:15,6408,12274,25803,783038780,0,0,0
sp2204,20220218,20220218,112116000,11:21:16,6408,12274,25803,783038780,0,0,0
sp2204,20220218,20220218,112116500,11:21:17,6408,12274,25803,783038780,0,0,0
sp2204,20220218,20220218,112117000,11:21:17,6408,12274,25803,783038780,0,0,0
sp2204,20220218,20220218,112117500,11:21:18,6408,12274,25803,783038780,0,0,0
sp2204,20220218,20220218,112118000,11:21:18,6408,12274,25803,783038780,0,0,0
sp2204,20220218,20220218,112118500,11:21:18,6408,12274,25803,783038780,0,0,0
sp2204,20220218,20220218,112119000,11:21:19,6408,12274,25803,783038780,0,0,0
sp2204,20220218,20220218,112119500,11:21:19,6408,12274,25803,783038780,0,0,0
sp2204,20220218,20220218,112120000,11:21:20,6408,12274,25803,783038780,0,0,0
sp2204,20220218,20220218,112120500,11:21:21,6408,12274,25803,783038780,0,0,0
sp2204,20220218,20220218,112121000,11:21:22,6408,12274,25803,783038780,0,0,0
sp2204,20220218,20220218,112121500,11:21:22,6408,12274,25803,783038780,0,0,0
sp2204,20220218,20220218,112122000,11:21:22,6408,12274,25803,783038780,0,0,0
sp2204,20220218,20220218,112122500,11:21:22,6408,12274,25803,783038780,0,0,0
sp2204,20220218,20220218,112123000,11:21:23,6408,12274,25803,783038780,0,0,0
sp2204,20220218,20220218,112123500,11:21:23,6408,12274,25803,783038780,0,0,0
sp2204,20220218,20220218,112124000,11:21:24,6408,12274,25803,783038780,0,0,0
sp2204,20220218,20220218,112124500,11:21:25,6408,12274,25803,783038780,0,0,0
sp2204,20220218,20220218,112125000,11:23:32,6408,12274,25803,783038780,0,0,0
sp2204,20220218,20220218,112125500,11:23:32,6408,12274,25803,783038780,0,0,0
sp2204,20220218,20220218,112126000,11:23:33,6408,12274,25803,783038780,0,0,0
sp2204,20220218,20220218,112126500,11:23:33,6408,12274,25803,783038780,0,0,0
sp2204,20220218,20220218,112332500,11:23:33,6408,12274,25803,783038780,0,0,0
sp2204,20220218,20220218,112333000,11:23:33,6408,12274,25803,783038780,0,0,0
sp2204,20220218,20220218,112333500,11:23:33,6408,12274,25803,783038780,0,0,0
sp2204,20220218,20220218,112334000,11:23:34,6408,12274,25803,783038780,0,0,0
sp2204,20220218,20220218,112334500,11:23:34,6408,12274,25803,783038780,0,0,0
sp2204,20220218,20220218,112335000,11:23:35,6408,12274,25803,783038780,0,0,0
sp2204,20220218,20220218,112335500,11:23:35,6408,12274,25803,783038780,0,0,0
sp2204,20220218,20220218,112336000,11:23:36,6408,12274,25803,783038780,0,0,0
sp2204,20220218,20220218,112336500,11:23:38,6408,12274,25803,783038780,0,0,0
sp2204,20220218,20220218,112337000,11:23:38,6408,12274,25803,783038780,0,0,0
sp2204,20220218,20220218,112337500,11:23:38,6408,12274,25803,783038780,0,0,0
sp2204,20220218,20220218,112338000,11:23:38,6408,12274,25803,783038780,0,0,0
sp2204,20220218,20220218,112338500,11:23:38,6408,12274,25803,783038780,0,0,0
sp2204,20220218,20220218,112339000,11:23:39,6408,12274,25803,783038780,0,0,0
sp2204,20220218,20220218,112339500,11:23:39,6408,12274,25803,783038780,0,0,0
sp2204,20220218,20220218,112340000,11:23:40,6408,12274,25803,783038780,0,0,0
sp2204,20220218,20220218,112340500,11:23:40,6408,12274,25803,783038780,0,0,0
sp2204,20220218,20220218,112341000,11:23:41,6406,12304,25802,784960620,30,-1,1921840
sp2204,20220218,20220218,112341500,11:23:42,6406,12308,25803,785216860,4,1,256240
sp2204,20220218,20220218,112342000,11:23:42,6406,12308,25803,785216860,0,0,0
sp2204,20220218,20220218,112342500,11:23:42,6406,12308,25803,785216860,0,0,0
sp2204,20220218,20220218,112343000,11:23:43,6406,12308,25803,785216860,0,0,0
sp2204,20220218,20220218,112343500,11:23:43,6406,12308,25803,785216860,0,0,0
sp2204,20220218,20220218,112344000,11:23:45,6406,12308,25803,785216860,0,0,0
sp2204,20220218,20220218,112344500,11:23:48,6406,12308,25803,785216860,0,0,0
sp2204,20220218,20220218,112345000,11:23:48,6406,12308,25803,785216860,0,0,0
sp2204,20220218,20220218,112345500,11:23:48,6406,12308,25803,785216860,0,0,0
sp2204,20220218,20220218,112348000,11:23:48,6406,12308,25803,785216860,0,0,0
sp2204,20220218,20220218,112348500,11:23:49,6406,12308,25803,785216860,0,0,0
sp2204,20220218,20220218,112349000,11:23:49,6406,12308,25803,785216860,0,0,0
sp2204,20220218,20220218,112349500,11:23:50,6406,12308,25803,785216860,0,0,0
sp2204,20220218,20220218,112350000,11:23:50,6406,12308,25803,785216860,0,0,0
sp2204,20220218,20220218,112350500,11:23:50,6406,12308,25803,785216860,0,0,0
sp2204,20220218,20220218,112351000,11:23:51,6406,12308,25803,785216860,0,0,0
sp2204,20220218,20220218,112351500,11:23:51,6406,12308,25803,785216860,0,0,0
sp2204,20220218,20220218,112352000,11:23:52,6406,12308,25803,785216860,0,0,0
sp2204,20220218,20220218,112352500,11:23:52,6406,12308,25803,785216860,0,0,0
sp2204,20220218,20220218,112353000,11:23:53,6406,12308,25803,785216860,0,0,0
sp2204,20220218,20220218,112353500,11:23:53,6406,12308,25803,785216860,0,0,0
sp2204,20220218,20220218,112354000,11:23:54,6406,12308,25803,785216860,0,0,0
sp2204,20220218,20220218,112354500,11:23:55,6406,12308,25803,785216860,0,0,0
sp2204,20220218,20220218,112355000,11:23:55,6406,12308,25803,785216860,0,0,0
sp2204,20220218,20220218,112355500,11:23:55,6406,12308,25803,785216860,0,0,0
sp2204,20220218,20220218,112356000,11:23:56,6406,12308,25803,785216860,0,0,0
sp2204,20220218,20220218,112356500,11:23:56,6406,12308,25803,785216860,0,0,0
sp2204,20220218,20220218,112357000,11:23:57,6406,12308,25803,785216860,0,0,0
sp2204,20220218,20220218,112357500,11:23:57,6406,12308,25803,785216860,0,0,0
sp2204,20220218,20220218,112358000,11:23:58,6406,12308,25803,785216860,0,0,0
sp2204,20220218,20220218,112358500,11:23:58,6406,12308,25803,785216860,0,0,0
sp2204,20220218,20220218,112359000,11:23:59,6406,12308,25803,785216860,0,0,0
sp2204,20220218,20220218,112359500,11:23:59,6406,12308,25803,785216860,0,0,0
sp2204,20220218,20220218,112400000,11:24:00,6406,12308,25803,785216860,0,0,0
sp2204,20220218,20220218,112400500,11:24:00,6406,12308,25803,785216860,0,0,0
sp2204,20220218,20220218,112401000,11:24:01,6406,12308,25803,785216860,0,0,0
sp2204,20220218,20220218,112401500,11:24:01,6406,12308,25803,785216860,0,0,0
sp2204,20220218,20220218,112402000,11:24:02,6406,12308,25803,785216860,0,0,0
sp2204,20220218,20220218,112402500,11:24:02,6406,12308,25803,785216860,0,0,0
sp2204,20220218,20220218,112403000,11:24:03,6406,12308,25803,785216860,0,0,0
sp2204,20220218,20220218,112403500,11:24:04,6406,12308,25803,785216860,0,0,0
sp2204,20220218,20220218,112404000,11:24:04,6406,12308,25803,785216860,0,0,0
sp2204,20220218,20220218,112404500,11:24:04,6406,12308,25803,785216860,0,0,0
sp2204,20220218,20220218,112405000,11:24:05,6406,12308,25803,785216860,0,0,0
sp2204,20220218,20220218,112405500,11:24:05,6406,12308,25803,785216860,0,0,0
sp2204,20220218,20220218,112406000,11:24:06,6406,12308,25803,785216860,0,0,0
sp2204,20220218,20220218,112406500,11:24:06,6406,12308,25803,785216860,0,0,0
sp2204,20220218,20220218,112407000,11:24:07,6406,12308,25803,785216860,0,0,0
sp2204,20220218,20220218,112407500,11:24:08,6406,12308,25803,785216860,0,0,0
sp2204,20220218,20220218,112408000,11:24:08,6406,12308,25803,785216860,0,0,0
sp2204,20220218,20220218,112408500,11:24:08,6406,12308,25803,785216860,0,0,0
sp2204,20220218,20220218,112409000,11:24:11,6406,12308,25803,785216860,0,0,0
sp2204,20220218,20220218,112409500,11:24:11,6406,12308,25803,785216860,0,0,0
sp2204,20220218,20220218,112410000,11:24:12,6406,12308,25803,785216860,0,0,0
sp2204,20220218,20220218,112410500,11:24:12,6406,12308,25803,785216860,0,0,0
sp2204,20220218,20220218,112411000,11:24:12,6406,12308,25803,785216860,0,0,0
sp2204,20220218,20220218,112411500,11:24:12,6406,12308,25803,785216860,0,0,0
sp2204,20220218,20220218,112412000,11:24:12,6406,12308,25803,785216860,0,0,0
sp2204,20220218,20220218,112412500,11:24:13,6406,12308,25803,785216860,0,0,0
sp2204,20220218,20220218,112413000,11:24:13,6406,12308,25803,785216860,0,0,0
sp2204,20220218,20220218,112413500,11:24:14,6406,12308,25803,785216860,0,0,0
sp2204,20220218,20220218,112414000,11:24:14,6406,12308,25803,785216860,0,0,0
sp2204,20220218,20220218,112414500,11:24:15,6406,12308,25803,785216860,0,0,0
sp2204,20220218,20220218,112415000,11:24:15,6406,12308,25803,785216860,0,0,0
sp2204,20220218,20220218,112415500,11:24:15,6406,12308,25803,785216860,0,0,0
sp2204,20220218,20220218,112416000,11:24:16,6406,12308,25803,785216860,0,0,0
sp2204,20220218,20220218,112416500,11:24:17,6406,12308,25803,785216860,0,0,0
sp2204,20220218,20220218,112417000,11:24:17,6406,12308,25803,785216860,0,0,0
sp2204,20220218,20220218,112417500,11:24:18,6406,12308,25803,785216860,0,0,0
sp2204,20220218,20220218,112418000,11:24:18,6406,12308,25803,785216860,0,0,0
sp2204,20220218,20220218,112418500,11:24:19,6406,12308,25803,785216860,0,0,0
sp2204,20220218,20220218,112419000,11:24:19,6406,12308,25803,785216860,0,0,0
sp2204,20220218,20220218,112419500,11:24:20,6406,12308,25803,785216860,0,0,0
sp2204,20220218,20220218,112420000,11:24:20,6406,12308,25803,785216860,0,0,0
sp2204,20220218,20220218,112420500,11:24:20,6406,12308,25803,785216860,0,0,0
sp2204,20220218,20220218,112421000,11:24:21,6406,12308,25803,785216860,0,0,0
sp2204,20220218,20220218,112421500,11:24:22,6406,12308,25803,785216860,0,0,0
sp2204,20220218,20220218,112422000,11:24:22,6406,12308,25803,785216860,0,0,0
sp2204,20220218,20220218,112422500,11:24:23,6406,12308,25803,785216860,0,0,0
sp2204,20220218,20220218,112423000,11:24:23,6406,12308,25803,785216860,0,0,0
sp2204,20220218,20220218,112423500,11:24:23,6406,12308,25803,785216860,0,0,0
sp2204,20220218,20220218,112424500,11:24:24,6406,12308,25803,785216860,0,0,0
sp2204,20220218,20220218,112425000,11:24:25,6406,12308,25803,785216860,0,0,0
sp2204,20220218,20220218,112425500,11:24:25,6406,12308,25803,785216860,0,0,0
sp2204,20220218,20220218,112426000,11:24:26,6406,12308,25803,785216860,0,0,0
sp2204,20220218,20220218,112426500,11:24:26,6406,12308,25803,785216860,0,0,0
sp2204,20220218,20220218,112427000,11:24:27,6406,12308,25803,785216860,0,0,0
sp2204,20220218,20220218,112427500,11:24:28,6406,12308,25803,785216860,0,0,0
sp2204,20220218,20220218,112428000,11:24:28,6406,12308,25803,785216860,0,0,0
sp2204,20220218,20220218,112428500,11:24:28,6406,12308,25803,785216860,0,0,0
sp2204,20220218,20220218,112429000,11:24:29,6406,12308,25803,785216860,0,0,0
sp2204,20220218,20220218,112429500,11:24:29,6406,12308,25803,785216860,0,0,0
sp2204,20220218,20220218,112430000,11:24:30,6406,12308,25803,785216860,0,0,0
sp2204,20220218,20220218,112430500,11:24:30,6406,12308,25803,785216860,0,0,0
sp2204,20220218,20220218,112431000,11:24:31,6406,12308,25803,785216860,0,0,0
sp2204,20220218,20220218,112431500,11:24:31,6406,12308,25803,785216860,0,0,0
sp2204,20220218,20220218,112432000,11:24:32,6406,12308,25803,785216860,0,0,0
sp2204,20220218,20220218,112432500,11:24:32,6406,12308,25803,785216860,0,0,0
sp2204,20220218,20220218,112433000,11:24:33,6406,12308,25803,785216860,0,0,0
sp2204,20220218,20220218,112433500,11:24:33,6406,12308,25803,785216860,0,0,0
sp2204,20220218,20220218,112434000,11:24:34,6406,12308,25803,785216860,0,0,0
sp2204,20220218,20220218,112434500,11:24:34,6406,12308,25803,785216860,0,0,0
sp2204,20220218,20220218,112435000,11:24:35,6406,12308,25803,785216860,0,0,0
sp2204,20220218,20220218,112435500,11:24:35,6406,12308,25803,785216860,0,0,0
sp2204,20220218,20220218,112436000,11:24:36,6406,12308,25803,785216860,0,0,0
sp2204,20220218,20220218,112437000,11:24:37,6406,12308,25803,785216860,0,0,0
sp2204,20220218,20220218,112437500,11:24:37,6406,12308,25803,785216860,0,0,0
sp2204,20220218,20220218,112438000,11:24:39,6406,12308,25803,785216860,0,0,0
sp2204,20220218,20220218,112438500,11:24:39,6406,12308,25803,785216860,0,0,0
sp2204,20220218,20220218,112439000,11:24:40,6406,12308,25803,785216860,0,0,0
sp2204,20220218,20220218,112439500,11:24:40,6406,12308,25803,785216860,0,0,0
sp2204,20220218,20220218,112440000,11:24:40,6406,12308,25803,785216860,0,0,0
sp2204,20220218,20220218,112440500,11:24:40,6406,12308,25803,785216860,0,0,0
sp2204,20220218,20220218,112441000,11:24:41,6406,12308,25803,785216860,0,0,0
sp2204,20220218,20220218,112441500,11:24:41,6406,12308,25803,785216860,0,0,0
sp2204,20220218,20220218,112442000,11:24:42,6406,12308,25803,785216860,0,0,0
sp2204,20220218,20220218,112442500,11:24:42,6406,12308,25803,785216860,0,0,0
sp2204,20220218,20220218,112443000,11:24:43,6406,12308,25803,785216860,0,0,0
sp2204,20220218,20220218,112443500,11:24:43,6408,12310,25804,785345020,2,1,128160
sp2204,20220218,20220218,112444000,11:24:44,6406,12314,25802,785601260,4,-2,256240
sp2204,20220218,20220218,112444500,11:24:44,6406,12325,25801,786305920,11,-1,704660
sp2204,20220218,20220218,112445000,11:24:45,6406,12325,25801,786305920,0,0,0
sp2204,20220218,20220218,112445500,11:24:45,6406,12325,25801,786305920,0,0,0
sp2204,20220218,20220218,112446000,11:24:46,6406,12325,25801,786305920,0,0,0
sp2204,20220218,20220218,112446500,11:24:46,6406,12325,25801,786305920,0,0,0
sp2204,20220218,20220218,112447000,11:24:47,6406,12325,25801,786305920,0,0,0
sp2204,20220218,20220218,112447500,11:24:47,6406,12325,25801,786305920,0,0,0
sp2204,20220218,20220218,112448000,11:24:48,6406,12325,25801,786305920,0,0,0
sp2204,20220218,20220218,112448500,11:24:48,6406,12325,25801,786305920,0,0,0
sp2204,20220218,20220218,112449000,11:24:49,6406,12325,25801,786305920,0,0,0
sp2204,20220218,20220218,112449500,11:24:49,6406,12325,25801,786305920,0,0,0
sp2204,20220218,20220218,112450000,11:24:50,6406,12325,25801,786305920,0,0,0
sp2204,20220218,20220218,112450500,11:24:50,6406,12325,25801,786305920,0,0,0
sp2204,20220218,20220218,112451000,11:24:51,6406,12325,25801,786305920,0,0,0
sp2204,20220218,20220218,112451500,11:24:52,6406,12325,25801,786305920,0,0,0
sp2204,20220218,20220218,112452000,11:24:52,6406,12325,25801,786305920,0,0,0
sp2204,20220218,20220218,112452500,11:24:52,6406,12325,25801,786305920,0,0,0
sp2204,20220218,20220218,112453000,11:24:53,6406,12325,25801,786305920,0,0,0
sp2204,20220218,20220218,112453500,11:24:53,6406,12325,25801,786305920,0,0,0
sp2204,20220218,20220218,112454000,11:24:54,6406,12325,25801,786305920,0,0,0
sp2204,20220218,20220218,112454500,11:24:54,6406,12325,25801,786305920,0,0,0
sp2204,20220218,20220218,112455000,11:24:55,6406,12325,25801,786305920,0,0,0
sp2204,20220218,20220218,112455500,11:24:56,6406,12325,25801,786305920,0,0,0
sp2204,20220218,20220218,112456000,11:24:56,6406,12325,25801,786305920,0,0,0
sp2204,20220218,20220218,112456500,11:24:56,6406,12325,25801,786305920,0,0,0
sp2204,20220218,20220218,112457000,11:24:57,6406,12325,25801,786305920,0,0,0
sp2204,20220218,20220218,112457500,11:24:57,6406,12325,25801,786305920,0,0,0
sp2204,20220218,20220218,112458000,11:24:58,6406,12325,25801,786305920,0,0,0
sp2204,20220218,20220218,112458500,11:24:58,6406,12325,25801,786305920,0,0,0
sp2204,20220218,20220218,112459000,11:24:59,6406,12325,25801,786305920,0,0,0
sp2204,20220218,20220218,112459500,11:24:59,6406,12325,25801,786305920,0,0,0
sp2204,20220218,20220218,112500000,11:25:00,6406,12325,25801,786305920,0,0,0
sp2204,20220218,20220218,112500500,11:25:01,6406,12325,25801,786305920,0,0,0
sp2204,20220218,20220218,112501000,11:25:02,6406,12325,25801,786305920,0,0,0
sp2204,20220218,20220218,112501500,11:25:04,6406,12325,25801,786305920,0,0,0
sp2204,20220218,20220218,112502000,11:25:05,6406,12325,25801,786305920,0,0,0
sp2204,20220218,20220218,112502500,11:25:06,6406,12325,25801,786305920,0,0,0
sp2204,20220218,20220218,112504500,11:25:06,6406,12325,25801,786305920,0,0,0
sp2204,20220218,20220218,112505000,11:25:06,6406,12325,25801,786305920,0,0,0
sp2204,20220218,20220218,112505500,11:25:06,6406,12325,25801,786305920,0,0,0
sp2204,20220218,20220218,112506000,11:25:06,6406,12325,25801,786305920,0,0,0
sp2204,20220218,20220218,112506500,11:25:07,6406,12325,25801,786305920,0,0,0
sp2204,20220218,20220218,112507000,11:25:07,6406,12325,25801,786305920,0,0,0
sp2204,20220218,20220218,112507500,11:25:07,6406,12325,25801,786305920,0,0,0
sp2204,20220218,20220218,112508000,11:25:08,6406,12325,25801,786305920,0,0,0
sp2204,20220218,20220218,112508500,11:25:08,6406,12325,25801,786305920,0,0,0
sp2204,20220218,20220218,112509000,11:25:09,6406,12325,25801,786305920,0,0,0
sp2204,20220218,20220218,112509500,11:25:09,6406,12325,25801,786305920,0,0,0
sp2204,20220218,20220218,112510000,11:25:10,6406,12325,25801,786305920,0,0,0
sp2204,20220218,20220218,112510500,11:25:10,6406,12325,25801,786305920,0,0,0
sp2204,20220218,20220218,112511000,11:25:11,6406,12325,25801,786305920,0,0,0
sp2204,20220218,20220218,112511500,11:25:11,6406,12325,25801,786305920,0,0,0
sp2204,20220218,20220218,112512000,11:25:12,6406,12325,25801,786305920,0,0,0
sp2204,20220218,20220218,112512500,11:25:12,6406,12325,25801,786305920,0,0,0
sp2204,20220218,20220218,112513000,11:25:13,6406,12325,25801,786305920,0,0,0
sp2204,20220218,20220218,112513500,11:25:15,6406,12325,25801,786305920,0,0,0
sp2204,20220218,20220218,112514000,11:25:15,6406,12325,25801,786305920,0,0,0
sp2204,20220218,20220218,112514500,11:25:15,6406,12325,25801,786305920,0,0,0
sp2204,20220218,20220218,112515000,11:25:16,6406,12325,25801,786305920,0,0,0
sp2204,20220218,20220218,112515500,11:25:16,6406,12325,25801,786305920,0,0,0
sp2204,20220218,20220218,112516000,11:25:16,6406,12325,25801,786305920,0,0,0
sp2204,20220218,20220218,112516500,11:25:16,6406,12325,25801,786305920,0,0,0
sp2204,20220218,20220218,112517000,11:25:18,6406,12325,25801,786305920,0,0,0
sp2204,20220218,20220218,112517500,11:25:18,6406,12325,25801,786305920,0,0,0
sp2204,20220218,20220218,112518000,11:25:18,6406,12325,25801,786305920,0,0,0
sp2204,20220218,20220218,112518500,11:25:19,6406,12325,25801,786305920,0,0,0
sp2204,20220218,20220218,112519000,11:25:19,6406,12325,25801,786305920,0,0,0
sp2204,20220218,20220218,112519500,11:25:19,6406,12325,25801,786305920,0,0,0
sp2204,20220218,20220218,112520000,11:25:21,6406,12325,25801,786305920,0,0,0
sp2204,20220218,20220218,112520500,11:25:21,6406,12325,25801,786305920,0,0,0
sp2204,20220218,20220218,112521000,11:25:21,6406,12325,25801,786305920,0,0,0
sp2204,20220218,20220218,112521500,11:25:22,6406,12325,25801,786305920,0,0,0
sp2204,20220218,20220218,112522000,11:25:22,6406,12325,25801,786305920,0,0,0
sp2204,20220218,20220218,112522500,11:25:22,6406,12325,25801,786305920,0,0,0
sp2204,20220218,20220218,112523000,11:25:23,6406,12325,25801,786305920,0,0,0
sp2204,20220218,20220218,112523500,11:25:24,6406,12325,25801,786305920,0,0,0
sp2204,20220218,20220218,112524000,11:25:25,6406,12325,25801,786305920,0,0,0
sp2204,20220218,20220218,112524500,11:25:25,6406,12325,25801,786305920,0,0,0
sp2204,20220218,20220218,112525000,11:25:25,6404,12327,25801,786434000,2,0,128080
sp2204,20220218,20220218,112525500,11:25:26,6404,12327,25801,786434000,0,0,0
sp2204,20220218,20220218,112526000,11:25:26,6404,12327,25801,786434000,0,0,0
sp2204,20220218,20220218,112526500,11:25:27,6404,12327,25801,786434000,0,0,0
sp2204,20220218,20220218,112527000,11:25:27,6404,12327,25801,786434000,0,0,0
sp2204,20220218,20220218,112527500,11:25:28,6404,12327,25801,786434000,0,0,0
sp2204,20220218,20220218,112528000,11:25:28,6404,12327,25801,786434000,0,0,0
sp2204,20220218,20220218,112528500,11:25:28,6404,12327,25801,786434000,0,0,0
sp2204,20220218,20220218,112529000,11:25:29,6404,12327,25801,786434000,0,0,0
sp2204,20220218,20220218,112529500,11:25:30,6404,12327,25801,786434000,0,0,0
sp2204,20220218,20220218,112530000,11:25:31,6404,12327,25801,786434000,0,0,0
sp2204,20220218,20220218,112530500,11:25:31,6404,12327,25801,786434000,0,0,0
sp2204,20220218,20220218,112531000,11:25:31,6404,12327,25801,786434000,0,0,0
sp2204,20220218,20220218,112531500,11:25:32,6404,12327,25801,786434000,0,0,0
sp2204,20220218,20220218,112532000,11:25:32,6404,12327,25801,786434000,0,0,0
sp2204,20220218,20220218,112532500,11:25:33,6404,12327,25801,786434000,0,0,0
sp2204,20220218,20220218,112533000,11:25:33,6404,12327,25801,786434000,0,0,0
sp2204,20220218,20220218,112533500,11:25:33,6404,12327,25801,786434000,0,0,0
sp2204,20220218,20220218,112534000,11:25:34,6404,12327,25801,786434000,0,0,0
sp2204,20220218,20220218,112534500,11:25:35,6404,12327,25801,786434000,0,0,0
sp2204,20220218,20220218,112535000,11:25:36,6404,12327,25801,786434000,0,0,0
sp2204,20220218,20220218,112535500,11:25:37,6404,12327,25801,786434000,0,0,0
sp2204,20220218,20220218,112536000,11:25:37,6404,12327,25801,786434000,0,0,0
sp2204,20220218,20220218,112536500,11:25:37,6404,12327,25801,786434000,0,0,0
sp2204,20220218,20220218,112537000,11:25:38,6404,12327,25801,786434000,0,0,0
sp2204,20220218,20220218,112537500,11:25:38,6404,12327,25801,786434000,0,0,0
sp2204,20220218,20220218,112538000,11:25:38,6404,12327,25801,786434000,0,0,0
sp2204,20220218,20220218,112538500,11:25:39,6404,12327,25801,786434000,0,0,0
sp2204,20220218,20220218,112539000,11:25:39,6404,12327,25801,786434000,0,0,0
sp2204,20220218,20220218,112539500,11:25:40,6404,12327,25801,786434000,0,0,0
sp2204,20220218,20220218,112540000,11:25:40,6404,12327,25801,786434000,0,0,0
sp2204,20220218,20220218,112540500,11:25:40,6404,12327,25801,786434000,0,0,0
sp2204,20220218,20220218,112541000,11:25:41,6404,12327,25801,786434000,0,0,0
sp2204,20220218,20220218,112541500,11:25:41,6404,12327,25801,786434000,0,0,0
sp2204,20220218,20220218,112542000,11:25:42,6404,12327,25801,786434000,0,0,0
sp2204,20220218,20220218,112542500,11:25:42,6404,12327,25801,786434000,0,0,0
sp2204,20220218,20220218,112543000,11:25:43,6404,12327,25801,786434000,0,0,0
sp2204,20220218,20220218,112543500,11:25:43,6404,12327,25801,786434000,0,0,0
sp2204,20220218,20220218,112544000,11:25:44,6404,12327,25801,786434000,0,0,0
sp2204,20220218,20220218,112544500,11:25:44,6404,12327,25801,786434000,0,0,0
sp2204,20220218,20220218,112545000,11:25:45,6404,12327,25801,786434000,0,0,0
sp2204,20220218,20220218,112545500,11:25:46,6404,12327,25801,786434000,0,0,0
sp2204,20220218,20220218,112546000,11:25:47,6404,12327,25801,786434000,0,0,0
sp2204,20220218,20220218,112546500,11:25:48,6404,12327,25801,786434000,0,0,0
sp2204,20220218,20220218,112547000,11:25:48,6402,12337,25806,787074200,10,5,640200
sp2204,20220218,20220218,112547500,11:25:48,6402,12337,25806,787074200,0,0,0
sp2204,20220218,20220218,112548000,11:25:48,6402,12337,25806,787074200,0,0,0
sp2204,20220218,20220218,112548500,11:25:48,6402,12337,25806,787074200,0,0,0
sp2204,20220218,20220218,112549000,11:25:49,6402,12337,25806,787074200,0,0,0
sp2204,20220218,20220218,112549500,11:25:49,6402,12337,25806,787074200,0,0,0
sp2204,20220218,20220218,112550000,11:25:50,6402,12357,25796,788354600,20,-10,1280400
sp2204,20220218,20220218,112550500,11:25:51,6402,12357,25796,788354600,0,0,0
sp2204,20220218,20220218,112551000,11:25:51,6402,12357,25796,788354600,0,0,0
sp2204,20220218,20220218,112551500,11:25:51,6402,12357,25796,788354600,0,0,0
sp2204,20220218,20220218,112552000,11:25:52,6402,12357,25796,788354600,0,0,0
sp2204,20220218,20220218,112552500,11:25:52,6402,12357,25796,788354600,0,0,0
sp2204,20220218,20220218,112553000,11:25:53,6402,12357,25796,788354600,0,0,0
sp2204,20220218,20220218,112553500,11:25:54,6402,12357,25796,788354600,0,0,0
sp2204,20220218,20220218,112554000,11:25:54,6402,12357,25796,788354600,0,0,0
sp2204,20220218,20220218,112554500,11:25:54,6402,12357,25796,788354600,0,0,0
sp2204,20220218,20220218,112555000,11:25:55,6402,12357,25796,788354600,0,0,0
sp2204,20220218,20220218,112555500,11:25:56,6402,12357,25796,788354600,0,0,0
sp2204,20220218,20220218,112556000,11:25:57,6402,12357,25796,788354600,0,0,0
sp2204,20220218,20220218,112556500,11:25:57,6402,12357,25796,788354600,0,0,0
sp2204,20220218,20220218,112557000,11:25:57,6402,12357,25796,788354600,0,0,0
sp2204,20220218,20220218,112557500,11:25:57,6402,12357,25796,788354600,0,0,0
sp2204,20220218,20220218,112558000,11:25:59,6402,12357,25796,788354600,0,0,0
sp2204,20220218,20220218,112558500,11:25:59,6402,12357,25796,788354600,0,0,0
sp2204,20220218,20220218,112559000,11:26:00,6402,12357,25796,788354600,0,0,0
sp2204,20220218,20220218,112559500,11:26:00,6402,12357,25796,788354600,0,0,0
sp2204,20220218,20220218,112600000,11:26:00,6402,12357,25796,788354600,0,0,0
sp2204,20220218,20220218,112600500,11:26:01,6402,12357,25796,788354600,0,0,0
sp2204,20220218,20220218,112601000,11:26:01,6406,12372,25791,789315440,15,-5,960840
sp2204,20220218,20220218,112601500,11:26:02,6402,12378,25791,789699740,6,0,384300
sp2204,20220218,20220218,112602000,11:26:03,6402,12378,25791,789699740,0,0,0
sp2204,20220218,20220218,112602500,11:26:03,6404,12380,25791,789827820,2,0,128080
sp2204,20220218,20220218,112603000,11:26:03,6404,12380,25791,789827820,0,0,0
sp2204,20220218,20220218,112603500,11:26:04,6404,12380,25791,789827820,0,0,0
sp2204,20220218,20220218,112604000,11:26:05,6404,12380,25791,789827820,0,0,0
sp2204,20220218,20220218,112604500,11:26:05,6404,12380,25791,789827820,0,0,0
sp2204,20220218,20220218,112605000,11:26:05,6404,12380,25791,789827820,0,0,0
sp2204,20220218,20220218,112605500,11:26:06,6404,12380,25791,789827820,0,0,0
sp2204,20220218,20220218,112606000,11:26:06,6404,12380,25791,789827820,0,0,0
sp2204,20220218,20220218,112606500,11:26:09,6404,12380,25791,789827820,0,0,0
sp2204,20220218,20220218,112607000,11:26:09,6404,12382,25791,789955900,2,0,128080
sp2204,20220218,20220218,112607500,11:26:09,6404,12382,25791,789955900,0,0,0
sp2204,20220218,20220218,112608000,11:26:09,6404,12382,25791,789955900,0,0,0
sp2204,20220218,20220218,112609000,11:26:10,6404,12382,25791,789955900,0,0,0
sp2204,20220218,20220218,112609500,11:26:10,6404,12382,25791,789955900,0,0,0
sp2204,20220218,20220218,112610000,11:26:10,6404,12382,25791,789955900,0,0,0
sp2204,20220218,20220218,112610500,11:26:11,6404,12382,25791,789955900,0,0,0
sp2204,20220218,20220218,112611000,11:26:11,6404,12382,25791,789955900,0,0,0
sp2204,20220218,20220218,112611500,11:26:13,6404,12382,25791,789955900,0,0,0
sp2204,20220218,20220218,112612000,11:26:14,6404,12382,25791,789955900,0,0,0
sp2204,20220218,20220218,112612500,11:26:14,6404,12382,25791,789955900,0,0,0
sp2204,20220218,20220218,112613000,11:26:15,6404,12382,25791,789955900,0,0,0
sp2204,20220218,20220218,112613500,11:26:15,6404,12382,25791,789955900,0,0,0
sp2204,20220218,20220218,112614000,11:26:15,6404,12382,25791,789955900,0,0,0
sp2204,20220218,20220218,112614500,11:26:15,6404,12382,25791,789955900,0,0,0
sp2204,20220218,20220218,112615000,11:26:16,6404,12382,25791,789955900,0,0,0
sp2204,20220218,20220218,112615500,11:26:16,6404,12382,25791,789955900,0,0,0
sp2204,20220218,20220218,112616000,11:26:16,6404,12382,25791,789955900,0,0,0
sp2204,20220218,20220218,112616500,11:26:17,6404,12382,25791,789955900,0,0,0
sp2204,20220218,20220218,112617000,11:26:17,6404,12382,25791,789955900,0,0,0
sp2204,20220218,20220218,112617500,11:26:17,6404,12384,25792,790083980,2,1,128080
sp2204,20220218,20220218,112618000,11:26:18,6404,12384,25792,790083980,0,0,0
sp2204,20220218,20220218,112618500,11:26:19,6404,12384,25792,790083980,0,0,0
sp2204,20220218,20220218,112619000,11:26:19,6404,12384,25792,790083980,0,0,0
sp2204,20220218,20220218,112619500,11:26:20,6404,12384,25792,790083980,0,0,0
sp2204,20220218,20220218,112620000,11:26:20,6404,12384,25792,790083980,0,0,0
sp2204,20220218,20220218,112620500,11:26:20,6404,12384,25792,790083980,0,0,0
sp2204,20220218,20220218,112621000,11:26:21,6404,12384,25792,790083980,0,0,0
sp2204,20220218,20220218,112621500,11:26:21,6404,12384,25792,790083980,0,0,0
sp2204,20220218,20220218,112622000,11:26:22,6404,12384,25792,790083980,0,0,0
sp2204,20220218,20220218,112622500,11:26:22,6404,12384,25792,790083980,0,0,0
sp2204,20220218,20220218,112623000,11:26:23,6404,12384,25792,790083980,0,0,0
sp2204,20220218,20220218,112623500,11:26:23,6404,12384,25792,790083980,0,0,0
sp2204,20220218,20220218,112624000,11:26:24,6404,12384,25792,790083980,0,0,0
sp2204,20220218,20220218,112624500,11:26:24,6404,12384,25792,790083980,0,0,0
sp2204,20220218,20220218,112625000,11:26:25,6404,12384,25792,790083980,0,0,0
sp2204,20220218,20220218,112625500,11:26:26,6404,12384,25792,790083980,0,0,0
sp2204,20220218,20220218,112626000,11:26:26,6404,12384,25792,790083980,0,0,0
sp2204,20220218,20220218,112626500,11:26:26,6404,12384,25792,790083980,0,0,0
sp2204,20220218,20220218,112627000,11:26:27,6404,12384,25792,790083980,0,0,0
sp2204,20220218,20220218,112627500,11:26:27,6404,12384,25792,790083980,0,0,0
sp2204,20220218,20220218,112628000,11:26:28,6404,12384,25792,790083980,0,0,0
sp2204,20220218,20220218,112628500,11:26:28,6404,12384,25792,790083980,0,0,0
sp2204,20220218,20220218,112629000,11:26:29,6404,12384,25792,790083980,0,0,0
sp2204,20220218,20220218,112629500,11:26:30,6404,12384,25792,790083980,0,0,0
sp2204,20220218,20220218,112630000,11:26:31,6404,12384,25792,790083980,0,0,0
sp2204,20220218,20220218,112630500,11:26:31,6404,12384,25792,790083980,0,0,0
sp2204,20220218,20220218,112631000,11:26:31,6404,12384,25792,790083980,0,0,0
sp2204,20220218,20220218,112631500,11:26:32,6404,12384,25792,790083980,0,0,0
sp2204,20220218,20220218,112632000,11:26:32,6404,12384,25792,790083980,0,0,0
sp2204,20220218,20220218,112632500,11:26:32,6404,12384,25792,790083980,0,0,0
sp2204,20220218,20220218,112633000,11:26:33,6404,12384,25792,790083980,0,0,0
sp2204,20220218,20220218,112633500,11:26:34,6404,12384,25792,790083980,0,0,0
sp2204,20220218,20220218,112634000,11:26:35,6404,12384,25792,790083980,0,0,0
sp2204,20220218,20220218,112634500,11:26:37,6404,12384,25792,790083980,0,0,0
sp2204,20220218,20220218,112635000,11:26:37,6402,12398,25789,790980240,14,-3,896260
sp2204,20220218,20220218,112635500,11:26:37,6402,12398,25789,790980240,0,0,0
sp2204,20220218,20220218,112637000,11:26:54,6402,12398,25789,790980240,0,0,0
sp2204,20220218,20220218,112637500,11:27:10,6402,12398,25789,790980240,0,0,0
sp2204,20220218,20220218,112638000,11:27:10,6402,12398,25789,790980240,0,0,0
sp2204,20220218,20220218,112638500,11:27:10,6402,12398,25789,790980240,0,0,0
sp2204,20220218,20220218,112653500,11:27:12,6402,12398,25789,790980240,0,0,0
sp2204,20220218,20220218,112710000,11:27:12,6402,12398,25789,790980240,0,0,0
sp2204,20220218,20220218,112710500,11:27:12,6402,12398,25789,790980240,0,0,0
sp2204,20220218,20220218,112712000,11:27:13,6402,12398,25789,790980240,0,0,0
sp2204,20220218,20220218,112712500,11:27:13,6402,12398,25789,790980240,0,0,0
sp2204,20220218,20220218,112713000,11:27:14,6402,12398,25789,790980240,0,0,0
sp2204,20220218,20220218,112713500,11:27:14,6402,12398,25789,790980240,0,0,0
sp2204,20220218,20220218,112714000,11:27:15,6402,12398,25789,790980240,0,0,0
sp2204,20220218,20220218,112714500,11:27:15,6402,12398,25789,790980240,0,0,0
sp2204,20220218,20220218,112715000,11:27:16,6402,12398,25789,790980240,0,0,0
sp2204,20220218,20220218,112715500,11:27:16,6402,12398,25789,790980240,0,0,0
sp2204,20220218,20220218,112716000,11:27:17,6402,12398,25789,790980240,0,0,0
sp2204,20220218,20220218,112716500,11:27:17,6402,12398,25789,790980240,0,0,0
sp2204,20220218,20220218,112717000,11:27:17,6402,12398,25789,790980240,0,0,0
sp2204,20220218,20220218,112717500,11:27:17,6402,12398,25789,790980240,0,0,0
sp2204,20220218,20220218,112718000,11:27:18,6402,12398,25789,790980240,0,0,0
sp2204,20220218,20220218,112718500,11:27:19,6402,12398,25789,790980240,0,0,0
sp2204,20220218,20220218,112719000,11:27:19,6402,12398,25789,790980240,0,0,0
sp2204,20220218,20220218,112719500,11:27:20,6402,12398,25789,790980240,0,0,0
sp2204,20220218,20220218,112720000,11:27:20,6402,12398,25789,790980240,0,0,0
sp2204,20220218,20220218,112720500,11:27:21,6402,12398,25789,790980240,0,0,0
sp2204,20220218,20220218,112721000,11:27:21,6402,12398,25789,790980240,0,0,0
sp2204,20220218,20220218,112721500,11:27:22,6402,12398,25789,790980240,0,0,0
sp2204,20220218,20220218,112722000,11:27:22,6402,12398,25789,790980240,0,0,0
sp2204,20220218,20220218,112722500,11:27:22,6402,12398,25789,790980240,0,0,0
sp2204,20220218,20220218,112723000,11:27:26,6402,12398,25789,790980240,0,0,0
sp2204,20220218,20220218,112723500,11:27:27,6402,12398,25789,790980240,0,0,0
sp2204,20220218,20220218,112724000,11:27:27,6402,12398,25789,790980240,0,0,0
sp2204,20220218,20220218,112726500,11:27:27,6402,12398,25789,790980240,0,0,0
sp2204,20220218,20220218,112727000,11:27:27,6402,12398,25789,790980240,0,0,0
sp2204,20220218,20220218,112727500,11:27:27,6402,12398,25789,790980240,0,0,0
sp2204,20220218,20220218,112728000,11:27:28,6402,12398,25789,790980240,0,0,0
sp2204,20220218,20220218,112728500,11:27:28,6402,12398,25789,790980240,0,0,0
sp2204,20220218,20220218,112729000,11:27:29,6402,12398,25789,790980240,0,0,0
sp2204,20220218,20220218,112729500,11:27:29,6402,12398,25789,790980240,0,0,0
sp2204,20220218,20220218,112730000,11:27:30,6402,12398,25789,790980240,0,0,0
sp2204,20220218,20220218,112730500,11:27:31,6402,12398,25789,790980240,0,0,0
sp2204,20220218,20220218,112731000,11:27:32,6402,12398,25789,790980240,0,0,0
sp2204,20220218,20220218,112731500,11:27:35,6402,12398,25789,790980240,0,0,0
sp2204,20220218,20220218,112732000,11:27:36,6402,12398,25789,790980240,0,0,0
sp2204,20220218,20220218,112732500,11:27:36,6402,12398,25789,790980240,0,0,0
sp2204,20220218,20220218,112735500,11:27:36,6402,12398,25789,790980240,0,0,0
sp2204,20220218,20220218,112736000,11:27:37,6402,12398,25789,790980240,0,0,0
sp2204,20220218,20220218,112736500,11:27:38,6402,12398,25789,790980240,0,0,0
sp2204,20220218,20220218,112737000,11:27:38,6402,12398,25789,790980240,0,0,0
sp2204,20220218,20220218,112737500,11:27:38,6402,12398,25789,790980240,0,0,0
sp2204,20220218,20220218,112738000,11:27:38,6402,12398,25789,790980240,0,0,0
sp2204,20220218,20220218,112738500,11:27:39,6402,12398,25789,790980240,0,0,0
sp2204,20220218,20220218,112739000,11:27:39,6402,12398,25789,790980240,0,0,0
sp2204,20220218,20220218,112739500,11:27:39,6402,12398,25789,790980240,0,0,0
sp2204,20220218,20220218,112740000,11:27:40,6402,12398,25789,790980240,0,0,0
sp2204,20220218,20220218,112740500,11:27:40,6402,12398,25789,790980240,0,0,0
sp2204,20220218,20220218,112741000,11:27:41,6402,12398,25789,790980240,0,0,0
sp2204,20220218,20220218,112741500,11:27:42,6402,12398,25789,790980240,0,0,0
sp2204,20220218,20220218,112742000,11:27:42,6402,12398,25789,790980240,0,0,0
sp2204,20220218,20220218,112742500,11:27:43,6402,12398,25789,790980240,0,0,0
sp2204,20220218,20220218,112743000,11:27:43,6402,12398,25789,790980240,0,0,0
sp2204,20220218,20220218,112743500,11:27:43,6402,12398,25789,790980240,0,0,0
sp2204,20220218,20220218,112744000,11:27:44,6402,12398,25789,790980240,0,0,0
sp2204,20220218,20220218,112744500,11:27:45,6402,12398,25789,790980240,0,0,0
sp2204,20220218,20220218,112745000,11:27:45,6402,12398,25789,790980240,0,0,0
sp2204,20220218,20220218,112745500,11:27:46,6402,12398,25789,790980240,0,0,0
sp2204,20220218,20220218,112746000,11:27:46,6402,12398,25789,790980240,0,0,0
sp2204,20220218,20220218,112746500,11:27:47,6402,12398,25789,790980240,0,0,0
sp2204,20220218,20220218,112747000,11:27:47,6402,12398,25789,790980240,0,0,0
sp2204,20220218,20220218,112747500,11:27:47,6402,12398,25789,790980240,0,0,0
sp2204,20220218,20220218,112748000,11:27:53,6402,12398,25789,790980240,0,0,0
sp2204,20220218,20220218,112748500,11:27:54,6402,12398,25789,790980240,0,0,0
sp2204,20220218,20220218,112749000,11:27:54,6402,12398,25789,790980240,0,0,0
sp2204,20220218,20220218,112749500,11:27:54,6402,12398,25789,790980240,0,0,0
sp2204,20220218,20220218,112754000,11:27:54,6402,12398,25789,790980240,0,0,0
sp2204,20220218,20220218,112754500,11:27:54,6402,12398,25789,790980240,0,0,0
sp2204,20220218,20220218,112755000,11:27:55,6402,12398,25789,790980240,0,0,0
sp2204,20220218,20220218,112755500,11:27:55,6402,12398,25789,790980240,0,0,0
sp2204,20220218,20220218,112756000,11:27:56,6402,12398,25789,790980240,0,0,0
sp2204,20220218,20220218,112756500,11:27:56,6402,12398,25789,790980240,0,0,0
sp2204,20220218,20220218,112757000,11:27:57,6402,12398,25789,790980240,0,0,0
sp2204,20220218,20220218,112757500,11:27:57,6402,12398,25789,790980240,0,0,0
sp2204,20220218,20220218,112758000,11:27:58,6402,12398,25789,790980240,0,0,0
sp2204,20220218,20220218,112758500,11:27:59,6402,12398,25789,790980240,0,0,0
sp2204,20220218,20220218,112759000,11:27:59,6402,12398,25789,790980240,0,0,0
sp2204,20220218,20220218,112759500,11:27:59,6402,12398,25789,790980240,0,0,0
sp2204,20220218,20220218,112800000,11:28:00,6402,12398,25789,790980240,0,0,0
sp2204,20220218,20220218,112800500,11:28:01,6402,12398,25789,790980240,0,0,0
sp2204,20220218,20220218,112801000,11:28:01,6402,12398,25789,790980240,0,0,0
sp2204,20220218,20220218,112801500,11:28:02,6402,12398,25789,790980240,0,0,0
sp2204,20220218,20220218,112802000,11:28:03,6402,12439,25782,793604460,41,-7,2624220
sp2204,20220218,20220218,112802500,11:28:03,6402,12439,25782,793604460,0,0,0
sp2204,20220218,20220218,112803000,11:28:04,6402,12439,25782,793604460,0,0,0
sp2204,20220218,20220218,112803500,11:28:04,6402,12439,25782,793604460,0,0,0
sp2204,20220218,20220218,112804000,11:28:05,6402,12439,25782,793604460,0,0,0
sp2204,20220218,20220218,112804500,11:28:05,6402,12439,25782,793604460,0,0,0
sp2204,20220218,20220218,112805000,11:28:06,6402,12439,25782,793604460,0,0,0
sp2204,20220218,20220218,112805500,11:28:06,6402,12439,25782,793604460,0,0,0
sp2204,20220218,20220218,112806000,11:28:10,6402,12439,25782,793604460,0,0,0
sp2204,20220218,20220218,112806500,11:28:10,6402,12439,25782,793604460,0,0,0
sp2204,20220218,20220218,112807000,11:28:10,6402,12439,25782,793604460,0,0,0
sp2204,20220218,20220218,112810000,11:28:11,6402,12439,25782,793604460,0,0,0
sp2204,20220218,20220218,112810500,11:28:12,6402,12439,25782,793604460,0,0,0
sp2204,20220218,20220218,112811000,11:28:12,6402,12439,25782,793604460,0,0,0
sp2204,20220218,20220218,112811500,11:28:12,6402,12439,25782,793604460,0,0,0
sp2204,20220218,20220218,112812000,11:28:13,6402,12439,25782,793604460,0,0,0
sp2204,20220218,20220218,112812500,11:28:13,6402,12439,25782,793604460,0,0,0
sp2204,20220218,20220218,112813000,11:28:13,6402,12439,25782,793604460,0,0,0
sp2204,20220218,20220218,112813500,11:28:14,6402,12439,25782,793604460,0,0,0
sp2204,20220218,20220218,112814000,11:28:14,6402,12439,25782,793604460,0,0,0
sp2204,20220218,20220218,112814500,11:28:14,6402,12439,25782,793604460,0,0,0
sp2204,20220218,20220218,112815000,11:28:15,6402,12439,25782,793604460,0,0,0
sp2204,20220218,20220218,112815500,11:28:15,6402,12439,25782,793604460,0,0,0
sp2204,20220218,20220218,112816000,11:28:16,6402,12439,25782,793604460,0,0,0
sp2204,20220218,20220218,112816500,11:28:16,6402,12439,25782,793604460,0,0,0
sp2204,20220218,20220218,112817000,11:28:17,6402,12439,25782,793604460,0,0,0
sp2204,20220218,20220218,112817500,11:28:17,6402,12439,25782,793604460,0,0,0
sp2204,20220218,20220218,112818000,11:28:18,6402,12439,25782,793604460,0,0,0
sp2204,20220218,20220218,112818500,11:28:18,6402,12439,25782,793604460,0,0,0
sp2204,20220218,20220218,112819000,11:28:19,6402,12439,25782,793604460,0,0,0
sp2204,20220218,20220218,112819500,11:28:19,6402,12439,25782,793604460,0,0,0
sp2204,20220218,20220218,112820000,11:28:20,6402,12439,25782,793604460,0,0,0
sp2204,20220218,20220218,112820500,11:28:20,6402,12439,25782,793604460,0,0,0
sp2204,20220218,20220218,112821000,11:28:21,6402,12439,25782,793604460,0,0,0
sp2204,20220218,20220218,112821500,11:28:22,6402,12439,25782,793604460,0,0,0
sp2204,20220218,20220218,112822000,11:28:22,6402,12439,25782,793604460,0,0,0
sp2204,20220218,20220218,112822500,11:28:22,6402,12439,25782,793604460,0,0,0
sp2204,20220218,20220218,112823000,11:28:23,6402,12439,25782,793604460,0,0,0
sp2204,20220218,20220218,112823500,11:28:23,6402,12439,25782,793604460,0,0,0
sp2204,20220218,20220218,112824000,11:28:24,6402,12439,25782,793604460,0,0,0
sp2204,20220218,20220218,112824500,11:28:24,6402,12439,25782,793604460,0,0,0
sp2204,20220218,20220218,112825000,11:28:25,6402,12439,25782,793604460,0,0,0
sp2204,20220218,20220218,112825500,11:28:25,6402,12439,25782,793604460,0,0,0
sp2204,20220218,20220218,112826000,11:28:26,6402,12439,25782,793604460,0,0,0
sp2204,20220218,20220218,112826500,11:28:27,6402,12439,25782,793604460,0,0,0
sp2204,20220218,20220218,112827000,11:28:27,6402,12439,25782,793604460,0,0,0
sp2204,20220218,20220218,112827500,11:28:27,6402,12439,25782,793604460,0,0,0
sp2204,20220218,20220218,112828000,11:28:28,6402,12439,25782,793604460,0,0,0
sp2204,20220218,20220218,112828500,11:28:28,6402,12439,25782,793604460,0,0,0
sp2204,20220218,20220218,112829000,11:28:29,6402,12439,25782,793604460,0,0,0
sp2204,20220218,20220218,112829500,11:28:30,6402,12439,25782,793604460,0,0,0
sp2204,20220218,20220218,112830000,11:28:30,6402,12439,25782,793604460,0,0,0
sp2204,20220218,20220218,112830500,11:28:31,6402,12439,25782,793604460,0,0,0
sp2204,20220218,20220218,112831000,11:28:31,6402,12439,25782,793604460,0,0,0
sp2204,20220218,20220218,112831500,11:28:31,6402,12439,25782,793604460,0,0,0
sp2204,20220218,20220218,112832000,11:28:32,6402,12439,25782,793604460,0,0,0
sp2204,20220218,20220218,112832500,11:28:33,6402,12439,25782,793604460,0,0,0
sp2204,20220218,20220218,112833000,11:28:33,6402,12439,25782,793604460,0,0,0
sp2204,20220218,20220218,112833500,11:28:34,6402,12439,25782,793604460,0,0,0
sp2204,20220218,20220218,112834000,11:28:34,6402,12439,25782,793604460,0,0,0
sp2204,20220218,20220218,112834500,11:28:34,6402,12439,25782,793604460,0,0,0
sp2204,20220218,20220218,112835000,11:28:35,6402,12439,25782,793604460,0,0,0
sp2204,20220218,20220218,112835500,11:28:37,6402,12439,25782,793604460,0,0,0
sp2204,20220218,20220218,112836000,11:28:37,6402,12439,25782,793604460,0,0,0
sp2204,20220218,20220218,112836500,11:28:37,6402,12439,25782,793604460,0,0,0
sp2204,20220218,20220218,112837000,11:28:37,6402,12439,25782,793604460,0,0,0
sp2204,20220218,20220218,112837500,11:28:37,6402,12439,25782,793604460,0,0,0
sp2204,20220218,20220218,112838000,11:28:38,6402,12439,25782,793604460,0,0,0
sp2204,20220218,20220218,112838500,11:28:38,6402,12439,25782,793604460,0,0,0
sp2204,20220218,20220218,112839000,11:28:40,6402,12439,25782,793604460,0,0,0
sp2204,20220218,20220218,112839500,11:28:40,6404,12440,25783,793668500,1,1,64040
sp2204,20220218,20220218,112840000,11:28:40,6404,12440,25783,793668500,0,0,0
sp2204,20220218,20220218,112840500,11:28:40,6404,12440,25783,793668500,0,0,0
sp2204,20220218,20220218,112841000,11:28:41,6404,12440,25783,793668500,0,0,0
sp2204,20220218,20220218,112841500,11:28:41,6404,12440,25783,793668500,0,0,0
sp2204,20220218,20220218,112842000,11:28:42,6404,12440,25783,793668500,0,0,0
sp2204,20220218,20220218,112842500,11:28:42,6404,12440,25783,793668500,0,0,0
sp2204,20220218,20220218,112843000,11:28:43,6404,12440,25783,793668500,0,0,0
sp2204,20220218,20220218,112843500,11:28:44,6404,12440,25783,793668500,0,0,0
sp2204,20220218,20220218,112844000,11:28:44,6404,12440,25783,793668500,0,0,0
sp2204,20220218,20220218,112844500,11:28:44,6404,12440,25783,793668500,0,0,0
sp2204,20220218,20220218,112845000,11:28:45,6404,12440,25783,793668500,0,0,0
sp2204,20220218,20220218,112845500,11:28:46,6404,12440,25783,793668500,0,0,0
sp2204,20220218,20220218,112846000,11:28:46,6404,12440,25783,793668500,0,0,0
sp2204,20220218,20220218,112846500,11:28:46,6404,12440,25783,793668500,0,0,0
sp2204,20220218,20220218,112847000,11:28:47,6404,12440,25783,793668500,0,0,0
sp2204,20220218,20220218,112847500,11:28:48,6404,12440,25783,793668500,0,0,0
sp2204,20220218,20220218,112848000,11:28:48,6404,12440,25783,793668500,0,0,0
sp2204,20220218,20220218,112848500,11:28:48,6404,12440,25783,793668500,0,0,0
sp2204,20220218,20220218,112849000,11:28:49,6404,12440,25783,793668500,0,0,0
sp2204,20220218,20220218,112849500,11:28:50,6404,12440,25783,793668500,0,0,0
sp2204,20220218,20220218,112850000,11:28:50,6404,12440,25783,793668500,0,0,0
sp2204,20220218,20220218,112850500,11:28:50,6404,12440,25783,793668500,0,0,0
sp2204,20220218,20220218,112851000,11:28:51,6404,12440,25783,793668500,0,0,0
sp2204,20220218,20220218,112851500,11:28:51,6404,12440,25783,793668500,0,0,0
sp2204,20220218,20220218,112852000,11:28:53,6404,12440,25783,793668500,0,0,0
sp2204,20220218,20220218,112852500,11:28:53,6404,12440,25783,793668500,0,0,0
sp2204,20220218,20220218,112853000,11:28:54,6404,12440,25783,793668500,0,0,0
sp2204,20220218,20220218,112854000,11:28:54,6404,12440,25783,793668500,0,0,0
sp2204,20220218,20220218,112854500,11:28:54,6404,12440,25783,793668500,0,0,0
sp2204,20220218,20220218,112855000,11:28:55,6404,12440,25783,793668500,0,0,0
sp2204,20220218,20220218,112855500,11:28:56,6404,12440,25783,793668500,0,0,0
sp2204,20220218,20220218,112856000,11:28:56,6404,12440,25783,793668500,0,0,0
sp2204,20220218,20220218,112856500,11:28:56,6404,12440,25783,793668500,0,0,0
sp2204,20220218,20220218,112857000,11:28:57,6404,12440,25783,793668500,0,0,0
sp2204,20220218,20220218,112857500,11:28:58,6404,12440,25783,793668500,0,0,0
sp2204,20220218,20220218,112858000,11:28:59,6404,12440,25783,793668500,0,0,0
sp2204,20220218,20220218,112858500,11:28:59,6404,12440,25783,793668500,0,0,0
sp2204,20220218,20220218,112859000,11:28:59,6404,12440,25783,793668500,0,0,0
sp2204,20220218,20220218,112859500,11:29:00,6404,12440,25783,793668500,0,0,0
sp2204,20220218,20220218,112900000,11:29:00,6404,12440,25783,793668500,0,0,0
sp2204,20220218,20220218,112900500,11:29:01,6404,12440,25783,793668500,0,0,0
sp2204,20220218,20220218,112901000,11:29:01,6404,12440,25783,793668500,0,0,0
sp2204,20220218,20220218,112901500,11:29:02,6404,12440,25783,793668500,0,0,0
sp2204,20220218,20220218,112902000,11:29:03,6404,12440,25783,793668500,0,0,0
sp2204,20220218,20220218,112902500,11:29:03,6404,12440,25783,793668500,0,0,0
sp2204,20220218,20220218,112903000,11:29:03,6404,12440,25783,793668500,0,0,0
sp2204,20220218,20220218,112903500,11:29:04,6404,12440,25783,793668500,0,0,0
sp2204,20220218,20220218,112904000,11:29:04,6404,12440,25783,793668500,0,0,0
sp2204,20220218,20220218,112904500,11:29:04,6404,12440,25783,793668500,0,0,0
sp2204,20220218,20220218,112905000,11:29:05,6402,12441,25783,793732520,1,0,64020
sp2204,20220218,20220218,112905500,11:29:06,6402,12441,25783,793732520,0,0,0
sp2204,20220218,20220218,112906000,11:29:06,6402,12441,25783,793732520,0,0,0
sp2204,20220218,20220218,112907000,11:29:08,6402,12441,25783,793732520,0,0,0
sp2204,20220218,20220218,112907500,11:29:08,6402,12441,25783,793732520,0,0,0
sp2204,20220218,20220218,112908000,11:29:08,6402,12441,25783,793732520,0,0,0
sp2204,20220218,20220218,112908500,11:29:08,6402,12441,25783,793732520,0,0,0
sp2204,20220218,20220218,112909000,11:29:09,6402,12441,25783,793732520,0,0,0
sp2204,20220218,20220218,112909500,11:29:09,6402,12441,25783,793732520,0,0,0
sp2204,20220218,20220218,112910000,11:29:10,6402,12441,25783,793732520,0,0,0
sp2204,20220218,20220218,112910500,11:29:10,6402,12441,25783,793732520,0,0,0
sp2204,20220218,20220218,112911000,11:29:11,6402,12441,25783,793732520,0,0,0
sp2204,20220218,20220218,112911500,11:29:12,6402,12441,25783,793732520,0,0,0
sp2204,20220218,20220218,112912000,11:29:12,6402,12441,25783,793732520,0,0,0
sp2204,20220218,20220218,112912500,11:29:12,6402,12441,25783,793732520,0,0,0
sp2204,20220218,20220218,112913000,11:29:13,6402,12441,25783,793732520,0,0,0
sp2204,20220218,20220218,112913500,11:29:14,6402,12441,25783,793732520,0,0,0
sp2204,20220218,20220218,112914000,11:29:14,6402,12441,25783,793732520,0,0,0
sp2204,20220218,20220218,112914500,11:29:15,6402,12441,25783,793732520,0,0,0
sp2204,20220218,20220218,112915000,11:29:15,6402,12441,25783,793732520,0,0,0
sp2204,20220218,20220218,112915500,11:29:16,6402,12441,25783,793732520,0,0,0
sp2204,20220218,20220218,112916000,11:29:16,6402,12441,25783,793732520,0,0,0
sp2204,20220218,20220218,112916500,11:29:18,6402,12441,25783,793732520,0,0,0
sp2204,20220218,20220218,112917000,11:29:20,6402,12441,25783,793732520,0,0,0
sp2204,20220218,20220218,112917500,11:29:21,6402,12441,25783,793732520,0,0,0
sp2204,20220218,20220218,112918000,11:29:21,6402,12441,25783,793732520,0,0,0
sp2204,20220218,20220218,112920500,11:29:22,6402,12441,25783,793732520,0,0,0
sp2204,20220218,20220218,112921000,11:29:22,6402,12441,25783,793732520,0,0,0
sp2204,20220218,20220218,112921500,11:29:24,6402,12441,25783,793732520,0,0,0
sp2204,20220218,20220218,112922000,11:29:24,6402,12441,25783,793732520,0,0,0
sp2204,20220218,20220218,112922500,11:29:24,6402,12441,25783,793732520,0,0,0
sp2204,20220218,20220218,112923000,11:29:24,6402,12441,25783,793732520,0,0,0
sp2204,20220218,20220218,112924000,11:29:24,6402,12441,25783,793732520,0,0,0
sp2204,20220218,20220218,112924500,11:29:24,6402,12441,25783,793732520,0,0,0
sp2204,20220218,20220218,112925000,11:29:25,6402,12441,25783,793732520,0,0,0
sp2204,20220218,20220218,112925500,11:29:25,6402,12441,25783,793732520,0,0,0
sp2204,20220218,20220218,112926000,11:29:26,6402,12441,25783,793732520,0,0,0
sp2204,20220218,20220218,112926500,11:29:26,6402,12441,25783,793732520,0,0,0
sp2204,20220218,20220218,112927000,11:29:27,6402,12441,25783,793732520,0,0,0
sp2204,20220218,20220218,112927500,11:29:27,6402,12441,25783,793732520,0,0,0
sp2204,20220218,20220218,112928000,11:29:28,6402,12441,25783,793732520,0,0,0
sp2204,20220218,20220218,112928500,11:29:28,6402,12441,25783,793732520,0,0,0
sp2204,20220218,20220218,112929000,11:29:29,6402,12441,25783,793732520,0,0,0
sp2204,20220218,20220218,112929500,11:29:29,6402,12441,25783,793732520,0,0,0
sp2204,20220218,20220218,112930000,11:29:30,6402,12441,25783,793732520,0,0,0
sp2204,20220218,20220218,112930500,11:29:30,6402,12441,25783,793732520,0,0,0
sp2204,20220218,20220218,112931000,11:29:32,6402,12441,25783,793732520,0,0,0
sp2204,20220218,20220218,112931500,11:29:32,6402,12442,25782,793796540,1,-1,64020
sp2204,20220218,20220218,112932000,11:29:32,6402,12442,25782,793796540,0,0,0
sp2204,20220218,20220218,112932500,11:29:36,6402,12442,25782,793796540,0,0,0
sp2204,20220218,20220218,112933000,11:29:37,6402,12442,25782,793796540,0,0,0
sp2204,20220218,20220218,112933500,11:29:38,6402,12442,25782,793796540,0,0,0
sp2204,20220218,20220218,112936500,11:29:38,6402,12442,25782,793796540,0,0,0
sp2204,20220218,20220218,112937500,11:29:38,6406,12452,25790,794437140,10,8,640600
sp2204,20220218,20220218,112938000,11:29:38,6406,12452,25790,794437140,0,0,0
sp2204,20220218,20220218,112938500,11:29:39,6406,12453,25791,794501200,1,1,64060
sp2204,20220218,20220218,112939000,11:29:39,6406,12453,25791,794501200,0,0,0
sp2204,20220218,20220218,112939500,11:29:40,6406,12453,25791,794501200,0,0,0
sp2204,20220218,20220218,112940000,11:29:40,6406,12453,25791,794501200,0,0,0
sp2204,20220218,20220218,112940500,11:29:40,6406,12453,25791,794501200,0,0,0
sp2204,20220218,20220218,112941000,11:29:41,6406,12453,25791,794501200,0,0,0
sp2204,20220218,20220218,112941500,11:29:42,6406,12453,25791,794501200,0,0,0
sp2204,20220218,20220218,112942000,11:29:44,6406,12453,25791,794501200,0,0,0
sp2204,20220218,20220218,112942500,11:29:44,6406,12453,25791,794501200,0,0,0
sp2204,20220218,20220218,112943000,11:29:45,6406,12453,25791,794501200,0,0,0
sp2204,20220218,20220218,112943500,11:29:45,6406,12453,25791,794501200,0,0,0
sp2204,20220218,20220218,112944500,11:29:46,6406,12453,25791,794501200,0,0,0
sp2204,20220218,20220218,112945000,11:29:46,6406,12453,25791,794501200,0,0,0
sp2204,20220218,20220218,112945500,11:29:46,6406,12453,25791,794501200,0,0,0
sp2204,20220218,20220218,112946000,11:29:47,6406,12453,25791,794501200,0,0,0
sp2204,20220218,20220218,112946500,11:29:47,6406,12453,25791,794501200,0,0,0
sp2204,20220218,20220218,112947000,11:29:47,6406,12453,25791,794501200,0,0,0
sp2204,20220218,20220218,112947500,11:29:48,6406,12453,25791,794501200,0,0,0
sp2204,20220218,20220218,112948000,11:29:49,6406,12453,25791,794501200,0,0,0
sp2204,20220218,20220218,112948500,11:29:50,6406,12453,25791,794501200,0,0,0
sp2204,20220218,20220218,112949000,11:29:50,6406,12453,25791,794501200,0,0,0
sp2204,20220218,20220218,112949500,11:29:50,6406,12453,25791,794501200,0,0,0
sp2204,20220218,20220218,112950000,11:29:51,6406,12453,25791,794501200,0,0,0
sp2204,20220218,20220218,112950500,11:29:51,6406,12453,25791,794501200,0,0,0
sp2204,20220218,20220218,112951500,11:29:52,6406,12453,25791,794501200,0,0,0
sp2204,20220218,20220218,112952000,11:29:53,6406,12453,25791,794501200,0,0,0
sp2204,20220218,20220218,112952500,11:29:53,6406,12453,25791,794501200,0,0,0
sp2204,20220218,20220218,112953000,11:29:53,6406,12453,25791,794501200,0,0,0
sp2204,20220218,20220218,112953500,11:29:54,6406,12453,25791,794501200,0,0,0
sp2204,20220218,20220218,112954000,11:29:54,6406,12453,25791,794501200,0,0,0
sp2204,20220218,20220218,112954500,11:29:54,6406,12453,25791,794501200,0,0,0
sp2204,20220218,20220218,112955000,11:29:55,6406,12453,25791,794501200,0,0,0
sp2204,20220218,20220218,112956500,11:30:00,6406,12453,25791,794501200,0,0,0
sp2204,20220218,20220218,112957000,11:30:02,6406,12453,25791,794501200,0,0,0
sp2204,20220218,20220218,112957500,11:30:02,6406,12453,25791,794501200,0,0,0
sp2204,20220218,20220218,112959000,11:30:02,6406,12453,25791,794501200,0,0,0
sp2204,20220218,20220218,113000500,11:30:03,6406,12453,25791,794501200,0,0,0
sp2204,20220218,20220218,113001500,11:30:03,6406,12453,25791,794501200,0,0,0
sp2204,20220218,20220218,133002000,13:30:08,6406,12453,25791,794501200,0,0,0
sp2204,20220218,20220218,133002500,13:30:10,6406,12453,25791,794501200,0,0,0
sp2204,20220218,20220218,133007500,13:30:10,6406,12453,25791,794501200,0,0,0
sp2204,20220218,20220218,133010000,13:30:11,6406,12453,25791,794501200,0,0,0
sp2204,20220218,20220218,133010500,13:30:12,6406,12453,25791,794501200,0,0,0
sp2204,20220218,20220218,133011000,13:30:13,6406,12453,25791,794501200,0,0,0
sp2204,20220218,20220218,133013000,13:30:14,6406,12453,25791,794501200,0,0,0
sp2204,20220218,20220218,133013500,13:30:14,6406,12453,25791,794501200,0,0,0
sp2204,20220218,20220218,133014000,13:30:15,6406,12453,25791,794501200,0,0,0
sp2204,20220218,20220218,133014500,13:30:16,6406,12453,25791,794501200,0,0,0
sp2204,20220218,20220218,133015000,13:30:17,6406,12453,25791,794501200,0,0,0
sp2204,20220218,20220218,133016500,13:30:18,6406,12453,25791,794501200,0,0,0
sp2204,20220218,20220218,133017000,13:30:18,6406,12453,25791,794501200,0,0,0
sp2204,20220218,20220218,133017500,13:30:19,6406,12453,25791,794501200,0,0,0
sp2204,20220218,20220218,133018500,13:30:20,6406,12453,25791,794501200,0,0,0
sp2204,20220218,20220218,133019000,13:30:20,6406,12453,25791,794501200,0,0,0
sp2204,20220218,20220218,133019500,13:30:20,6406,12453,25791,794501200,0,0,0
sp2204,20220218,20220218,133020000,13:30:21,6406,12453,25791,794501200,0,0,0
sp2204,20220218,20220218,133020500,13:30:21,6406,12453,25791,794501200,0,0,0
sp2204,20220218,20220218,133021000,13:30:21,6406,12453,25791,794501200,0,0,0
sp2204,20220218,20220218,133021500,13:30:22,6406,12453,25791,794501200,0,0,0
sp2204,20220218,20220218,133022000,13:30:38,6406,12453,25791,794501200,0,0,0
sp2204,20220218,20220218,133022500,13:30:38,6406,12453,25791,794501200,0,0,0
sp2204,20220218,20220218,133023000,13:30:38,6406,12453,25791,794501200,0,0,0
sp2204,20220218,20220218,133038000,13:30:41,6406,12453,25791,794501200,0,0,0
sp2204,20220218,20220218,133038500,13:30:41,6406,12453,25791,794501200,0,0,0
sp2204,20220218,20220218,133040500,13:30:43,6406,12453,25791,794501200,0,0,0
sp2204,20220218,20220218,133041000,13:30:43,6406,12453,25791,794501200,0,0,0
sp2204,20220218,20220218,133041500,13:30:43,6406,12453,25791,794501200,0,0,0
sp2204,20220218,20220218,133042500,13:30:44,6406,12453,25791,794501200,0,0,0
sp2204,20220218,20220218,133043000,13:30:44,6406,12453,25791,794501200,0,0,0
sp2204,20220218,20220218,133044500,13:30:46,6406,12453,25791,794501200,0,0,0
sp2204,20220218,20220218,133045000,13:30:46,6406,12453,25791,794501200,0,0,0
sp2204,20220218,20220218,133045500,13:30:46,6406,12453,25791,794501200,0,0,0
sp2204,20220218,20220218,133046000,13:30:47,6406,12453,25791,794501200,0,0,0
sp2204,20220218,20220218,133046500,13:30:47,6406,12453,25791,794501200,0,0,0
sp2204,20220218,20220218,133047000,13:30:48,6406,12453,25791,794501200,0,0,0
sp2204,20220218,20220218,133048000,13:30:48,6406,12453,25791,794501200,0,0,0
sp2204,20220218,20220218,133048500,13:30:49,6406,12453,25791,794501200,0,0,0
sp2204,20220218,20220218,133049000,13:30:49,6406,12453,25791,794501200,0,0,0
sp2204,20220218,20220218,133049500,13:30:50,6406,12453,25791,794501200,0,0,0
sp2204,20220218,20220218,133050000,13:30:51,6406,12453,25791,794501200,0,0,0
sp2204,20220218,20220218,133050500,13:30:51,6406,12453,25791,794501200,0,0,0
sp2204,20220218,20220218,133051000,13:30:52,6406,12453,25791,794501200,0,0,0
sp2204,20220218,20220218,133051500,13:30:52,6406,12453,25791,794501200,0,0,0
sp2204,20220218,20220218,133052000,13:30:53,6406,12453,25791,794501200,0,0,0
sp2204,20220218,20220218,133052500,13:30:54,6406,12453,25791,794501200,0,0,0
sp2204,20220218,20220218,133053000,13:30:54,6406,12453,25791,794501200,0,0,0
sp2204,20220218,20220218,133053500,13:30:54,6406,12453,25791,794501200,0,0,0
sp2204,20220218,20220218,133054000,13:30:55,6410,12466,25792,795334060,13,1,832860
sp2204,20220218,20220218,133054500,13:30:55,6410,12466,25792,795334060,0,0,0
sp2204,20220218,20220218,133055000,13:30:56,6410,12466,25792,795334060,0,0,0
sp2204,20220218,20220218,133055500,13:30:56,6410,12466,25792,795334060,0,0,0
sp2204,20220218,20220218,133056000,13:30:57,6410,12466,25792,795334060,0,0,0
sp2204,20220218,20220218,133056500,13:30:57,6410,12466,25792,795334060,0,0,0
sp2204,20220218,20220218,133057000,13:30:58,6410,12466,25792,795334060,0,0,0
sp2204,20220218,20220218,133057500,13:30:58,6410,12466,25792,795334060,0,0,0
sp2204,20220218,20220218,133058000,13:30:58,6410,12466,25792,795334060,0,0,0
sp2204,20220218,20220218,133058500,13:30:59,6410,12466,25792,795334060,0,0,0
sp2204,20220218,20220218,133059000,13:30:59,6410,12466,25792,795334060,0,0,0
sp2204,20220218,20220218,133059500,13:31:00,6410,12466,25792,795334060,0,0,0
sp2204,20220218,20220218,133100000,13:31:00,6410,12466,25792,795334060,0,0,0
sp2204,20220218,20220218,133100500,13:31:00,6410,12466,25792,795334060,0,0,0
sp2204,20220218,20220218,133101500,13:31:01,6410,12466,25792,795334060,0,0,0
sp2204,20220218,20220218,133102000,13:31:02,6410,12466,25792,795334060,0,0,0
sp2204,20220218,20220218,133102500,13:31:03,6410,12466,25792,795334060,0,0,0
sp2204,20220218,20220218,133103000,13:31:03,6410,12466,25792,795334060,0,0,0
sp2204,20220218,20220218,133103500,13:31:04,6410,12466,25792,795334060,0,0,0
sp2204,20220218,20220218,133104000,13:31:06,6410,12466,25792,795334060,0,0,0
sp2204,20220218,20220218,133104500,13:31:07,6410,12466,25792,795334060,0,0,0
sp2204,20220218,20220218,133105500,13:31:08,6410,12466,25792,795334060,0,0,0
sp2204,20220218,20220218,133107000,13:31:09,6410,12466,25792,795334060,0,0,0
sp2204,20220218,20220218,133107500,13:31:09,6410,12466,25792,795334060,0,0,0
sp2204,20220218,20220218,133108500,13:31:09,6410,12466,25792,795334060,0,0,0
sp2204,20220218,20220218,133109000,13:31:09,6410,12466,25792,795334060,0,0,0
sp2204,20220218,20220218,133109500,13:31:10,6410,12466,25792,795334060,0,0,0
sp2204,20220218,20220218,133110000,13:31:11,6410,12466,25792,795334060,0,0,0
sp2204,20220218,20220218,133110500,13:31:11,6410,12466,25792,795334060,0,0,0
sp2204,20220218,20220218,133111000,13:31:11,6410,12466,25792,795334060,0,0,0
sp2204,20220218,20220218,133111500,13:31:12,6410,12466,25792,795334060,0,0,0
sp2204,20220218,20220218,133112000,13:31:12,6410,12466,25792,795334060,0,0,0
sp2204,20220218,20220218,133112500,13:31:13,6410,12466,25792,795334060,0,0,0
sp2204,20220218,20220218,133113000,13:31:13,6410,12466,25792,795334060,0,0,0
sp2204,20220218,20220218,133113500,13:31:14,6410,12466,25792,795334060,0,0,0
sp2204,20220218,20220218,133114000,13:31:15,6410,12466,25792,795334060,0,0,0
sp2204,20220218,20220218,133115000,13:31:15,6410,12466,25792,795334060,0,0,0
sp2204,20220218,20220218,133115500,13:31:16,6410,12466,25792,795334060,0,0,0
sp2204,20220218,20220218,133116000,13:31:16,6410,12466,25792,795334060,0,0,0
sp2204,20220218,20220218,133116500,13:31:17,6410,12466,25792,795334060,0,0,0
sp2204,20220218,20220218,133117000,13:31:17,6410,12466,25792,795334060,0,0,0
sp2204,20220218,20220218,133117500,13:31:18,6410,12466,25792,795334060,0,0,0
sp2204,20220218,20220218,133118000,13:31:19,6410,12466,25792,795334060,0,0,0
sp2204,20220218,20220218,133118500,13:31:19,6410,12466,25792,795334060,0,0,0
sp2204,20220218,20220218,133119000,13:31:19,6410,12466,25792,795334060,0,0,0
sp2204,20220218,20220218,133119500,13:31:20,6410,12466,25792,795334060,0,0,0
sp2204,20220218,20220218,133120000,13:31:20,6410,12466,25792,795334060,0,0,0
sp2204,20220218,20220218,133120500,13:31:21,6410,12467,25793,795398160,1,1,64100
sp2204,20220218,20220218,133121000,13:31:21,6408,12469,25794,795526340,2,1,128180
sp2204,20220218,20220218,133121500,13:31:22,6408,12469,25794,795526340,0,0,0
sp2204,20220218,20220218,133122000,13:31:22,6408,12469,25794,795526340,0,0,0
sp2204,20220218,20220218,133122500,13:31:25,6408,12469,25794,795526340,0,0,0
sp2204,20220218,20220218,133123000,13:31:25,6408,12469,25794,795526340,0,0,0
sp2204,20220218,20220218,133123500,13:31:25,6408,12469,25794,795526340,0,0,0
sp2204,20220218,20220218,133124000,13:31:25,6408,12469,25794,795526340,0,0,0
sp2204,20220218,20220218,133124500,13:31:25,6408,12469,25794,795526340,0,0,0
sp2204,20220218,20220218,133156000,13:31:56,6408,12469,25794,795526340,0,0,0
sp2204,20220218,20220218,133158000,13:31:58,6408,12469,25794,795526340,0,0,0
sp2204,20220218,20220218,133158500,13:31:58,6408,12469,25794,795526340,0,0,0
sp2204,20220218,20220218,133159500,13:32:00,6408,12469,25794,795526340,0,0,0
sp2204,20220218,20220218,133201000,13:32:01,6408,12469,25794,795526340,0,0,0
sp2204,20220218,20220218,133201500,13:32:01,6408,12469,25794,795526340,0,0,0
sp2204,20220218,20220218,133202000,13:32:03,6408,12469,25794,795526340,0,0,0
sp2204,20220218,20220218,133202500,13:32:04,6408,12469,25794,795526340,0,0,0
sp2204,20220218,20220218,133203000,13:32:05,6408,12469,25794,795526340,0,0,0
sp2204,20220218,20220218,133203500,13:32:05,6408,12469,25794,795526340,0,0,0
sp2204,20220218,20220218,133204000,13:32:05,6408,12469,25794,795526340,0,0,0
sp2204,20220218,20220218,133205000,13:32:06,6408,12469,25794,795526340,0,0,0
sp2204,20220218,20220218,133205500,13:32:06,6408,12469,25794,795526340,0,0,0
sp2204,20220218,20220218,133206000,13:32:07,6408,12469,25794,795526340,0,0,0
sp2204,20220218,20220218,133206500,13:32:07,6408,12469,25794,795526340,0,0,0
sp2204,20220218,20220218,133207000,13:32:07,6408,12469,25794,795526340,0,0,0
sp2204,20220218,20220218,133207500,13:32:07,6408,12469,25794,795526340,0,0,0
sp2204,20220218,20220218,133208000,13:32:09,6408,12469,25794,795526340,0,0,0
sp2204,20220218,20220218,133208500,13:32:10,6408,12469,25794,795526340,0,0,0
sp2204,20220218,20220218,133209000,13:32:10,6408,12469,25794,795526340,0,0,0
sp2204,20220218,20220218,133209500,13:32:10,6408,12469,25794,795526340,0,0,0
sp2204,20220218,20220218,133210000,13:32:11,6404,12473,25790,795782540,4,-4,256200
sp2204,20220218,20220218,133210500,13:32:14,6402,12489,25783,796806880,16,-7,1024340
sp2204,20220218,20220218,133211000,13:32:14,6402,12493,25786,797062960,4,3,256080
sp2204,20220218,20220218,133213000,13:32:15,6402,12493,25786,797062960,0,0,0
sp2204,20220218,20220218,133214000,13:32:15,6402,12493,25786,797062960,0,0,0
sp2204,20220218,20220218,133214500,13:32:16,6402,12493,25786,797062960,0,0,0
sp2204,20220218,20220218,133215000,13:32:16,6402,12493,25786,797062960,0,0,0
sp2204,20220218,20220218,133215500,13:32:16,6402,12493,25786,797062960,0,0,0
sp2204,20220218,20220218,133216000,13:32:17,6402,12493,25786,797062960,0,0,0
sp2204,20220218,20220218,133216500,13:32:17,6402,12493,25786,797062960,0,0,0
sp2204,20220218,20220218,133217000,13:32:17,6402,12497,25785,797319040,4,-1,256080
sp2204,20220218,20220218,133217500,13:32:18,6402,12497,25785,797319040,0,0,0
sp2204,20220218,20220218,133218000,13:32:18,6404,12505,25783,797831360,8,-2,512320
sp2204,20220218,20220218,133218500,13:32:19,6404,12508,25781,798023480,3,-2,192120
sp2204,20220218,20220218,133219000,13:32:20,6404,12508,25781,798023480,0,0,0
sp2204,20220218,20220218,133219500,13:32:20,6404,12508,25781,798023480,0,0,0
sp2204,20220218,20220218,133220000,13:32:20,6404,12508,25781,798023480,0,0,0
sp2204,20220218,20220218,133220500,13:32:21,6404,12508,25781,798023480,0,0,0
sp2204,20220218,20220218,133221000,13:32:21,6404,12508,25781,798023480,0,0,0
sp2204,20220218,20220218,133221500,13:32:22,6404,12508,25781,798023480,0,0,0
sp2204,20220218,20220218,133222000,13:32:22,6404,12508,25781,798023480,0,0,0
sp2204,20220218,20220218,133222500,13:32:24,6404,12508,25781,798023480,0,0,0
sp2204,20220218,20220218,133223000,13:32:24,6404,12508,25781,798023480,0,0,0
sp2204,20220218,20220218,133223500,13:32:24,6404,12508,25781,798023480,0,0,0
sp2204,20220218,20220218,133224000,13:32:24,6404,12508,25781,798023480,0,0,0
sp2204,20220218,20220218,133224500,13:32:25,6404,12508,25781,798023480,0,0,0
sp2204,20220218,20220218,133225000,13:32:25,6404,12508,25781,798023480,0,0,0
sp2204,20220218,20220218,133225500,13:32:25,6404,12508,25781,798023480,0,0,0
sp2204,20220218,20220218,133226000,13:32:27,6404,12508,25781,798023480,0,0,0
sp2204,20220218,20220218,133226500,13:32:27,6404,12508,25781,798023480,0,0,0
sp2204,20220218,20220218,133227000,13:32:27,6404,12508,25781,798023480,0,0,0
sp2204,20220218,20220218,133227500,13:32:28,6404,12508,25781,798023480,0,0,0
sp2204,20220218,20220218,133228000,13:32:32,6404,12508,25781,798023480,0,0,0
sp2204,20220218,20220218,133228500,13:32:32,6404,12508,25781,798023480,0,0,0
sp2204,20220218,20220218,133229000,13:32:33,6404,12508,25781,798023480,0,0,0
sp2204,20220218,20220218,133232000,13:32:35,6404,12508,25781,798023480,0,0,0
sp2204,20220218,20220218,133232500,13:32:35,6404,12508,25781,798023480,0,0,0
sp2204,20220218,20220218,133234500,13:32:36,6404,12508,25781,798023480,0,0,0
sp2204,20220218,20220218,133235000,13:32:36,6404,12508,25781,798023480,0,0,0
sp2204,20220218,20220218,133235500,13:32:36,6404,12508,25781,798023480,0,0,0
sp2204,20220218,20220218,133236000,13:32:37,6404,12508,25781,798023480,0,0,0
sp2204,20220218,20220218,133236500,13:32:37,6404,12508,25781,798023480,0,0,0
sp2204,20220218,20220218,133237000,13:32:37,6404,12508,25781,798023480,0,0,0
sp2204,20220218,20220218,133237500,13:32:37,6404,12508,25781,798023480,0,0,0
sp2204,20220218,20220218,133238000,13:32:38,6404,12508,25781,798023480,0,0,0
sp2204,20220218,20220218,133238500,13:32:39,6404,12508,25781,798023480,0,0,0
sp2204,20220218,20220218,133239000,13:32:39,6404,12508,25781,798023480,0,0,0
sp2204,20220218,20220218,133239500,13:32:40,6404,12508,25781,798023480,0,0,0
sp2204,20220218,20220218,133240000,13:32:40,6404,12508,25781,798023480,0,0,0
sp2204,20220218,20220218,133240500,13:32:41,6404,12508,25781,798023480,0,0,0
sp2204,20220218,20220218,133241000,13:32:41,6404,12508,25781,798023480,0,0,0
sp2204,20220218,20220218,133241500,13:32:42,6404,12508,25781,798023480,0,0,0
sp2204,20220218,20220218,133242000,13:32:42,6404,12508,25781,798023480,0,0,0
sp2204,20220218,20220218,133242500,13:32:42,6404,12508,25781,798023480,0,0,0
sp2204,20220218,20220218,133243000,13:32:43,6404,12508,25781,798023480,0,0,0
sp2204,20220218,20220218,133243500,13:32:43,6404,12508,25781,798023480,0,0,0
sp2204,20220218,20220218,133244000,13:32:44,6404,12508,25781,798023480,0,0,0
sp2204,20220218,20220218,133244500,13:32:45,6404,12508,25781,798023480,0,0,0
sp2204,20220218,20220218,133245000,13:32:45,6404,12508,25781,798023480,0,0,0
sp2204,20220218,20220218,133245500,13:32:45,6404,12508,25781,798023480,0,0,0
sp2204,20220218,20220218,133246000,13:32:47,6404,12508,25781,798023480,0,0,0
sp2204,20220218,20220218,133246500,13:32:47,6404,12508,25781,798023480,0,0,0
sp2204,20220218,20220218,133247000,13:32:47,6404,12508,25781,798023480,0,0,0
sp2204,20220218,20220218,133247500,13:32:48,6404,12508,25781,798023480,0,0,0
sp2204,20220218,20220218,133248000,13:32:48,6404,12508,25781,798023480,0,0,0
sp2204,20220218,20220218,133248500,13:32:49,6404,12508,25781,798023480,0,0,0
sp2204,20220218,20220218,133249000,13:32:49,6404,12508,25781,798023480,0,0,0
sp2204,20220218,20220218,133249500,13:32:50,6404,12508,25781,798023480,0,0,0
sp2204,20220218,20220218,133250000,13:32:50,6404,12508,25781,798023480,0,0,0
sp2204,20220218,20220218,133250500,13:32:52,6404,12508,25781,798023480,0,0,0
sp2204,20220218,20220218,133251000,13:32:52,6404,12508,25781,798023480,0,0,0
sp2204,20220218,20220218,133251500,13:32:53,6404,12508,25781,798023480,0,0,0
sp2204,20220218,20220218,133252500,13:32:53,6404,12508,25781,798023480,0,0,0
sp2204,20220218,20220218,133253000,13:32:53,6404,12508,25781,798023480,0,0,0
sp2204,20220218,20220218,133253500,13:32:54,6404,12508,25781,798023480,0,0,0
sp2204,20220218,20220218,133254000,13:32:54,6404,12508,25781,798023480,0,0,0
sp2204,20220218,20220218,133254500,13:32:55,6404,12508,25781,798023480,0,0,0
sp2204,20220218,20220218,133255000,13:32:55,6404,12508,25781,798023480,0,0,0
sp2204,20220218,20220218,133255500,13:32:55,6404,12508,25781,798023480,0,0,0
sp2204,20220218,20220218,133256000,13:32:56,6404,12508,25781,798023480,0,0,0
sp2204,20220218,20220218,133256500,13:32:56,6404,12508,25781,798023480,0,0,0
sp2204,20220218,20220218,133257000,13:32:59,6404,12508,25781,798023480,0,0,0
sp2204,20220218,20220218,133257500,13:33:00,6404,12508,25781,798023480,0,0,0
sp2204,20220218,20220218,133258000,13:33:00,6404,12508,25781,798023480,0,0,0
sp2204,20220218,20220218,133258500,13:33:00,6404,12508,25781,798023480,0,0,0
sp2204,20220218,20220218,133259500,13:33:01,6404,12508,25781,798023480,0,0,0
sp2204,20220218,20220218,133300000,13:33:01,6404,12508,25781,798023480,0,0,0
sp2204,20220218,20220218,133300500,13:33:01,6404,12508,25781,798023480,0,0,0
sp2204,20220218,20220218,133301000,13:33:02,6404,12508,25781,798023480,0,0,0
sp2204,20220218,20220218,133301500,13:33:02,6404,12508,25781,798023480,0,0,0
sp2204,20220218,20220218,133302000,13:33:03,6404,12508,25781,798023480,0,0,0
sp2204,20220218,20220218,133302500,13:33:03,6404,12508,25781,798023480,0,0,0
sp2204,20220218,20220218,133303000,13:33:04,6404,12508,25781,798023480,0,0,0
sp2204,20220218,20220218,133303500,13:33:04,6404,12508,25781,798023480,0,0,0
sp2204,20220218,20220218,133304000,13:33:04,6404,12508,25781,798023480,0,0,0
sp2204,20220218,20220218,133304500,13:33:05,6404,12508,25781,798023480,0,0,0
sp2204,20220218,20220218,133305000,13:33:05,6404,12508,25781,798023480,0,0,0
sp2204,20220218,20220218,133305500,13:33:06,6404,12508,25781,798023480,0,0,0
sp2204,20220218,20220218,133306000,13:33:06,6404,12508,25781,798023480,0,0,0
sp2204,20220218,20220218,133306500,13:33:06,6404,12508,25781,798023480,0,0,0
sp2204,20220218,20220218,133307000,13:33:07,6404,12508,25781,798023480,0,0,0
sp2204,20220218,20220218,133307500,13:33:08,6404,12508,25781,798023480,0,0,0
sp2204,20220218,20220218,133308000,13:33:08,6404,12508,25781,798023480,0,0,0
sp2204,20220218,20220218,133308500,13:33:09,6404,12508,25781,798023480,0,0,0
sp2204,20220218,20220218,133309000,13:33:09,6404,12508,25781,798023480,0,0,0
sp2204,20220218,20220218,133309500,13:33:10,6404,12508,25781,798023480,0,0,0
sp2204,20220218,20220218,133310000,13:33:11,6404,12508,25781,798023480,0,0,0
sp2204,20220218,20220218,133310500,13:33:12,6404,12508,25781,798023480,0,0,0
sp2204,20220218,20220218,133311000,13:33:14,6404,12508,25781,798023480,0,0,0
sp2204,20220218,20220218,133311500,13:33:14,6404,12508,25781,798023480,0,0,0
sp2204,20220218,20220218,133312000,13:33:14,6404,12508,25781,798023480,0,0,0
sp2204,20220218,20220218,133313500,13:33:15,6404,12508,25781,798023480,0,0,0
sp2204,20220218,20220218,133314000,13:33:17,6404,12508,25781,798023480,0,0,0
sp2204,20220218,20220218,133314500,13:33:17,6404,12508,25781,798023480,0,0,0
sp2204,20220218,20220218,133315000,13:33:18,6404,12508,25781,798023480,0,0,0
sp2204,20220218,20220218,133315500,13:33:18,6404,12508,25781,798023480,0,0,0
sp2204,20220218,20220218,133317000,13:33:19,6404,12508,25781,798023480,0,0,0
sp2204,20220218,20220218,133318000,13:33:19,6404,12508,25781,798023480,0,0,0
sp2204,20220218,20220218,133318500,13:33:19,6404,12508,25781,798023480,0,0,0
sp2204,20220218,20220218,133319000,13:33:20,6404,12508,25781,798023480,0,0,0
sp2204,20220218,20220218,133319500,13:33:20,6404,12508,25781,798023480,0,0,0
sp2204,20220218,20220218,133320000,13:33:21,6404,12508,25781,798023480,0,0,0
sp2204,20220218,20220218,133320500,13:33:21,6404,12508,25781,798023480,0,0,0
sp2204,20220218,20220218,133321000,13:33:22,6404,12508,25781,798023480,0,0,0
sp2204,20220218,20220218,133321500,13:33:22,6404,12508,25781,798023480,0,0,0
sp2204,20220218,20220218,133322000,13:33:22,6404,12508,25781,798023480,0,0,0
sp2204,20220218,20220218,133322500,13:33:22,6404,12508,25781,798023480,0,0,0
sp2204,20220218,20220218,133323000,13:33:23,6404,12508,25781,798023480,0,0,0
sp2204,20220218,20220218,133323500,13:33:24,6404,12508,25781,798023480,0,0,0
sp2204,20220218,20220218,133324000,13:33:24,6404,12508,25781,798023480,0,0,0
sp2204,20220218,20220218,133324500,13:33:25,6404,12508,25781,798023480,0,0,0
sp2204,20220218,20220218,133325000,13:33:26,6404,12508,25781,798023480,0,0,0
sp2204,20220218,20220218,133325500,13:33:27,6404,12508,25781,798023480,0,0,0
sp2204,20220218,20220218,133326000,13:33:28,6404,12508,25781,798023480,0,0,0
sp2204,20220218,20220218,133326500,13:33:29,6404,12508,25781,798023480,0,0,0
sp2204,20220218,20220218,133327000,13:33:29,6404,12508,25781,798023480,0,0,0
sp2204,20220218,20220218,133328500,13:33:30,6404,12508,25781,798023480,0,0,0
sp2204,20220218,20220218,133329000,13:33:30,6404,12508,25781,798023480,0,0,0
sp2204,20220218,20220218,133329500,13:33:30,6404,12508,25781,798023480,0,0,0
sp2204,20220218,20220218,133330000,13:33:30,6404,12508,25781,798023480,0,0,0
sp2204,20220218,20220218,133330500,13:33:31,6404,12508,25781,798023480,0,0,0
sp2204,20220218,20220218,133331000,13:33:32,6404,12508,25781,798023480,0,0,0
sp2204,20220218,20220218,133331500,13:33:32,6404,12508,25781,798023480,0,0,0
sp2204,20220218,20220218,133332000,13:33:32,6404,12508,25781,798023480,0,0,0
sp2204,20220218,20220218,133332500,13:33:33,6404,12508,25781,798023480,0,0,0
sp2204,20220218,20220218,133333000,13:33:33,6404,12508,25781,798023480,0,0,0
sp2204,20220218,20220218,133333500,13:33:33,6404,12508,25781,798023480,0,0,0
sp2204,20220218,20220218,133334000,13:33:34,6404,12508,25781,798023480,0,0,0
sp2204,20220218,20220218,133334500,13:33:34,6404,12508,25781,798023480,0,0,0
sp2204,20220218,20220218,133335000,13:33:35,6404,12508,25781,798023480,0,0,0
sp2204,20220218,20220218,133335500,13:33:35,6404,12508,25781,798023480,0,0,0
sp2204,20220218,20220218,133336000,13:33:36,6404,12508,25781,798023480,0,0,0
sp2204,20220218,20220218,133336500,13:33:36,6404,12508,25781,798023480,0,0,0
sp2204,20220218,20220218,133337000,13:33:37,6404,12508,25781,798023480,0,0,0
sp2204,20220218,20220218,133337500,13:33:37,6404,12508,25781,798023480,0,0,0
sp2204,20220218,20220218,133338000,13:33:38,6404,12508,25781,798023480,0,0,0
sp2204,20220218,20220218,133338500,13:33:39,6404,12508,25781,798023480,0,0,0
sp2204,20220218,20220218,133339000,13:33:39,6404,12508,25781,798023480,0,0,0
sp2204,20220218,20220218,133339500,13:33:40,6404,12508,25781,798023480,0,0,0
sp2204,20220218,20220218,133340000,13:33:40,6404,12508,25781,798023480,0,0,0
sp2204,20220218,20220218,133340500,13:33:41,6404,12508,25781,798023480,0,0,0
sp2204,20220218,20220218,133341000,13:33:41,6404,12508,25781,798023480,0,0,0
sp2204,20220218,20220218,133341500,13:33:42,6404,12508,25781,798023480,0,0,0
sp2204,20220218,20220218,133342000,13:33:42,6404,12508,25781,798023480,0,0,0
sp2204,20220218,20220218,133342500,13:33:42,6404,12508,25781,798023480,0,0,0
sp2204,20220218,20220218,133343000,13:33:43,6404,12508,25781,798023480,0,0,0
sp2204,20220218,20220218,133343500,13:33:44,6404,12508,25781,798023480,0,0,0
sp2204,20220218,20220218,133344000,13:33:45,6404,12508,25781,798023480,0,0,0
sp2204,20220218,20220218,133344500,13:33:45,6404,12508,25781,798023480,0,0,0
sp2204,20220218,20220218,133345000,13:33:45,6404,12508,25781,798023480,0,0,0
sp2204,20220218,20220218,133345500,13:33:47,6404,12508,25781,798023480,0,0,0
sp2204,20220218,20220218,133346000,13:33:47,6404,12508,25781,798023480,0,0,0
sp2204,20220218,20220218,133346500,13:33:48,6404,12508,25781,798023480,0,0,0
sp2204,20220218,20220218,133347000,13:33:48,6404,12508,25781,798023480,0,0,0
sp2204,20220218,20220218,133347500,13:33:49,6404,12508,25781,798023480,0,0,0
sp2204,20220218,20220218,133348000,13:33:49,6404,12508,25781,798023480,0,0,0
sp2204,20220218,20220218,133348500,13:33:49,6404,12508,25781,798023480,0,0,0
sp2204,20220218,20220218,133349000,13:33:50,6404,12508,25781,798023480,0,0,0
sp2204,20220218,20220218,133349500,13:33:50,6404,12508,25781,798023480,0,0,0
sp2204,20220218,20220218,133350000,13:33:50,6404,12508,25781,798023480,0,0,0
sp2204,20220218,20220218,133350500,13:33:50,6404,12508,25781,798023480,0,0,0
sp2204,20220218,20220218,133351000,13:33:51,6404,12508,25781,798023480,0,0,0
sp2204,20220218,20220218,133351500,13:33:52,6404,12508,25781,798023480,0,0,0
sp2204,20220218,20220218,133352000,13:33:52,6404,12508,25781,798023480,0,0,0
sp2204,20220218,20220218,133352500,13:33:52,6404,12508,25781,798023480,0,0,0
sp2204,20220218,20220218,133353000,13:33:53,6404,12508,25781,798023480,0,0,0
sp2204,20220218,20220218,133353500,13:33:53,6404,12508,25781,798023480,0,0,0
sp2204,20220218,20220218,133354000,13:33:54,6404,12508,25781,798023480,0,0,0
sp2204,20220218,20220218,133354500,13:33:55,6404,12508,25781,798023480,0,0,0
sp2204,20220218,20220218,133355000,13:33:56,6404,12508,25781,798023480,0,0,0
sp2204,20220218,20220218,133355500,13:33:56,6404,12508,25781,798023480,0,0,0
sp2204,20220218,20220218,133356000,13:33:57,6404,12508,25781,798023480,0,0,0
sp2204,20220218,20220218,133356500,13:33:57,6404,12508,25781,798023480,0,0,0
sp2204,20220218,20220218,133357000,13:33:57,6404,12508,25781,798023480,0,0,0
sp2204,20220218,20220218,133357500,13:33:58,6404,12508,25781,798023480,0,0,0
sp2204,20220218,20220218,133358000,13:33:58,6404,12508,25781,798023480,0,0,0
sp2204,20220218,20220218,133358500,13:33:59,6404,12508,25781,798023480,0,0,0
sp2204,20220218,20220218,133359000,13:33:59,6404,12508,25781,798023480,0,0,0
sp2204,20220218,20220218,133359500,13:34:00,6404,12508,25781,798023480,0,0,0
sp2204,20220218,20220218,133400000,13:34:00,6404,12508,25781,798023480,0,0,0
sp2204,20220218,20220218,133400500,13:34:01,6404,12508,25781,798023480,0,0,0
sp2204,20220218,20220218,133401000,13:34:02,6404,12508,25781,798023480,0,0,0
sp2204,20220218,20220218,133401500,13:34:02,6404,12508,25781,798023480,0,0,0
sp2204,20220218,20220218,133402000,13:34:10,6404,12508,25781,798023480,0,0,0
sp2204,20220218,20220218,133402500,13:34:10,6404,12508,25781,798023480,0,0,0
sp2204,20220218,20220218,133403000,13:34:10,6404,12508,25781,798023480,0,0,0
sp2204,20220218,20220218,133410000,13:34:12,6404,12508,25781,798023480,0,0,0
sp2204,20220218,20220218,133410500,13:34:12,6404,12508,25781,798023480,0,0,0
sp2204,20220218,20220218,133411500,13:34:12,6404,12508,25781,798023480,0,0,0
sp2204,20220218,20220218,133412000,13:34:12,6404,12508,25781,798023480,0,0,0
sp2204,20220218,20220218,133412500,13:34:13,6404,12508,25781,798023480,0,0,0
sp2204,20220218,20220218,133413000,13:34:13,6404,12508,25781,798023480,0,0,0
sp2204,20220218,20220218,133413500,13:34:14,6404,12508,25781,798023480,0,0,0
sp2204,20220218,20220218,133414000,13:34:14,6404,12508,25781,798023480,0,0,0
sp2204,20220218,20220218,133414500,13:34:15,6404,12508,25781,798023480,0,0,0
sp2204,20220218,20220218,133415000,13:34:15,6404,12508,25781,798023480,0,0,0
sp2204,20220218,20220218,133415500,13:34:16,6406,12517,25782,798599980,9,1,576500
sp2204,20220218,20220218,133416000,13:34:16,6406,12519,25782,798728100,2,0,128120
sp2204,20220218,20220218,133416500,13:34:17,6406,12519,25782,798728100,0,0,0
sp2204,20220218,20220218,133417000,13:34:17,6406,12519,25782,798728100,0,0,0
sp2204,20220218,20220218,133417500,13:34:17,6406,12519,25782,798728100,0,0,0
sp2204,20220218,20220218,133418000,13:34:18,6406,12519,25782,798728100,0,0,0
sp2204,20220218,20220218,133418500,13:34:19,6406,12519,25782,798728100,0,0,0
sp2204,20220218,20220218,133419000,13:34:19,6406,12519,25782,798728100,0,0,0
sp2204,20220218,20220218,133419500,13:34:20,6406,12519,25782,798728100,0,0,0
sp2204,20220218,20220218,133420000,13:34:20,6406,12519,25782,798728100,0,0,0
sp2204,20220218,20220218,133420500,13:34:23,6406,12519,25782,798728100,0,0,0
sp2204,20220218,20220218,133421000,13:34:23,6406,12519,25782,798728100,0,0,0
sp2204,20220218,20220218,133421500,13:34:23,6406,12519,25782,798728100,0,0,0
sp2204,20220218,20220218,133423000,13:34:24,6406,12519,25782,798728100,0,0,0
sp2204,20220218,20220218,133423500,13:34:24,6406,12519,25782,798728100,0,0,0
sp2204,20220218,20220218,133424000,13:34:24,6406,12519,25782,798728100,0,0,0
sp2204,20220218,20220218,133424500,13:34:24,6406,12519,25782,798728100,0,0,0
sp2204,20220218,20220218,133425000,13:34:25,6406,12519,25782,798728100,0,0,0
sp2204,20220218,20220218,133425500,13:34:25,6406,12519,25782,798728100,0,0,0
sp2204,20220218,20220218,133426000,13:34:26,6406,12519,25782,798728100,0,0,0
sp2204,20220218,20220218,133426500,13:34:26,6406,12519,25782,798728100,0,0,0
sp2204,20220218,20220218,133427000,13:34:27,6406,12519,25782,798728100,0,0,0
sp2204,20220218,20220218,133427500,13:34:28,6406,12519,25782,798728100,0,0,0
sp2204,20220218,20220218,133428000,13:34:28,6406,12522,25785,798920280,3,3,192180
sp2204,20220218,20220218,133428500,13:34:29,6406,12522,25785,798920280,0,0,0
sp2204,20220218,20220218,133429000,13:34:29,6406,12522,25785,798920280,0,0,0
sp2204,20220218,20220218,133429500,13:34:29,6406,12522,25785,798920280,0,0,0
sp2204,20220218,20220218,133430000,13:34:30,6406,12522,25785,798920280,0,0,0
sp2204,20220218,20220218,133430500,13:34:30,6406,12522,25785,798920280,0,0,0
sp2204,20220218,20220218,133431000,13:34:31,6406,12522,25785,798920280,0,0,0
sp2204,20220218,20220218,133431500,13:34:31,6406,12522,25785,798920280,0,0,0
sp2204,20220218,20220218,133432000,13:34:32,6406,12522,25785,798920280,0,0,0
sp2204,20220218,20220218,133432500,13:34:32,6406,12524,25785,799048400,2,0,128120
sp2204,20220218,20220218,133433000,13:34:34,6406,12524,25785,799048400,0,0,0
sp2204,20220218,20220218,133433500,13:34:34,6406,12524,25785,799048400,0,0,0
sp2204,20220218,20220218,133434000,13:34:34,6406,12524,25785,799048400,0,0,0
sp2204,20220218,20220218,133434500,13:34:35,6406,12524,25785,799048400,0,0,0
sp2204,20220218,20220218,133435000,13:34:35,6406,12524,25785,799048400,0,0,0
sp2204,20220218,20220218,133435500,13:34:36,6406,12524,25785,799048400,0,0,0
sp2204,20220218,20220218,133436000,13:34:36,6406,12524,25785,799048400,0,0,0
sp2204,20220218,20220218,133436500,13:34:36,6408,12529,25786,799368800,5,1,320400
sp2204,20220218,20220218,133437000,13:34:37,6408,12530,25786,799432880,1,0,64080
sp2204,20220218,20220218,133437500,13:34:38,6408,12530,25786,799432880,0,0,0
sp2204,20220218,20220218,133438000,13:34:38,6408,12530,25786,799432880,0,0,0
sp2204,20220218,20220218,133438500,13:34:38,6408,12530,25786,799432880,0,0,0
sp2204,20220218,20220218,133439000,13:34:39,6408,12530,25786,799432880,0,0,0
sp2204,20220218,20220218,133439500,13:34:39,6408,12530,25786,799432880,0,0,0
sp2204,20220218,20220218,133440000,13:34:40,6408,12530,25786,799432880,0,0,0
sp2204,20220218,20220218,133440500,13:34:41,6408,12530,25786,799432880,0,0,0
sp2204,20220218,20220218,133441000,13:34:41,6408,12530,25786,799432880,0,0,0
sp2204,20220218,20220218,133441500,13:34:42,6408,12530,25786,799432880,0,0,0
sp2204,20220218,20220218,133442000,13:34:44,6408,12530,25786,799432880,0,0,0
sp2204,20220218,20220218,133442500,13:34:44,6408,12530,25786,799432880,0,0,0
sp2204,20220218,20220218,133443500,13:34:45,6408,12530,25786,799432880,0,0,0
sp2204,20220218,20220218,133444000,13:34:45,6408,12530,25786,799432880,0,0,0
sp2204,20220218,20220218,133444500,13:34:46,6408,12530,25786,799432880,0,0,0
sp2204,20220218,20220218,133445000,13:34:46,6408,12530,25786,799432880,0,0,0
sp2204,20220218,20220218,133445500,13:34:46,6408,12530,25786,799432880,0,0,0
sp2204,20220218,20220218,133446000,13:34:46,6408,12530,25786,799432880,0,0,0
sp2204,20220218,20220218,133446500,13:34:47,6408,12530,25786,799432880,0,0,0
sp2204,20220218,20220218,133447000,13:34:47,6408,12530,25786,799432880,0,0,0
sp2204,20220218,20220218,133447500,13:34:47,6408,12530,25786,799432880,0,0,0
sp2204,20220218,20220218,133448000,13:34:48,6408,12530,25786,799432880,0,0,0
sp2204,20220218,20220218,133448500,13:34:49,6408,12530,25786,799432880,0,0,0
sp2204,20220218,20220218,133449000,13:34:49,6408,12530,25786,799432880,0,0,0
sp2204,20220218,20220218,133449500,13:34:49,6408,12530,25786,799432880,0,0,0
sp2204,20220218,20220218,133450000,13:34:51,6408,12530,25786,799432880,0,0,0
sp2204,20220218,20220218,133450500,13:34:51,6408,12530,25786,799432880,0,0,0
sp2204,20220218,20220218,133451000,13:34:51,6408,12530,25786,799432880,0,0,0
sp2204,20220218,20220218,133451500,13:34:52,6408,12530,25786,799432880,0,0,0
sp2204,20220218,20220218,133452000,13:34:52,6408,12530,25786,799432880,0,0,0
sp2204,20220218,20220218,133452500,13:34:53,6408,12530,25786,799432880,0,0,0
sp2204,20220218,20220218,133453000,13:34:53,6408,12530,25786,799432880,0,0,0
sp2204,20220218,20220218,133453500,13:34:55,6408,12530,25786,799432880,0,0,0
sp2204,20220218,20220218,133454000,13:34:56,6408,12530,25786,799432880,0,0,0
sp2204,20220218,20220218,133454500,13:34:56,6408,12530,25786,799432880,0,0,0
sp2204,20220218,20220218,133455000,13:34:56,6408,12530,25786,799432880,0,0,0
sp2204,20220218,20220218,133455500,13:34:56,6408,12530,25786,799432880,0,0,0
sp2204,20220218,20220218,133456000,13:34:57,6408,12530,25786,799432880,0,0,0
sp2204,20220218,20220218,133456500,13:34:57,6408,12530,25786,799432880,0,0,0
sp2204,20220218,20220218,133457000,13:34:57,6408,12530,25786,799432880,0,0,0
sp2204,20220218,20220218,133457500,13:34:58,6408,12530,25786,799432880,0,0,0
sp2204,20220218,20220218,133458000,13:34:58,6408,12530,25786,799432880,0,0,0
sp2204,20220218,20220218,133458500,13:34:59,6408,12530,25786,799432880,0,0,0
sp2204,20220218,20220218,133459000,13:34:59,6408,12530,25786,799432880,0,0,0
sp2204,20220218,20220218,133459500,13:35:00,6408,12530,25786,799432880,0,0,0
sp2204,20220218,20220218,133500000,13:35:00,6408,12530,25786,799432880,0,0,0
sp2204,20220218,20220218,133500500,13:35:00,6408,12530,25786,799432880,0,0,0
sp2204,20220218,20220218,133501000,13:35:04,6408,12530,25786,799432880,0,0,0
sp2204,20220218,20220218,133501500,13:35:05,6408,12530,25786,799432880,0,0,0
sp2204,20220218,20220218,133502000,13:35:10,6408,12530,25786,799432880,0,0,0
sp2204,20220218,20220218,133504500,13:35:10,6408,12530,25786,799432880,0,0,0
sp2204,20220218,20220218,133505000,13:35:10,6408,12530,25786,799432880,0,0,0
sp2204,20220218,20220218,133510000,13:35:11,6408,12530,25786,799432880,0,0,0
sp2204,20220218,20220218,133510500,13:35:11,6408,12530,25786,799432880,0,0,0
sp2204,20220218,20220218,133511000,13:35:11,6408,12530,25786,799432880,0,0,0
sp2204,20220218,20220218,133511500,13:35:12,6408,12530,25786,799432880,0,0,0
sp2204,20220218,20220218,133512000,13:35:13,6408,12530,25786,799432880,0,0,0
sp2204,20220218,20220218,133512500,13:35:13,6408,12530,25786,799432880,0,0,0
sp2204,20220218,20220218,133513000,13:35:13,6408,12530,25786,799432880,0,0,0
sp2204,20220218,20220218,133513500,13:35:14,6408,12530,25786,799432880,0,0,0
sp2204,20220218,20220218,133514000,13:35:14,6408,12530,25786,799432880,0,0,0
sp2204,20220218,20220218,133514500,13:35:15,6408,12530,25786,799432880,0,0,0
sp2204,20220218,20220218,133515000,13:35:15,6408,12530,25786,799432880,0,0,0
sp2204,20220218,20220218,133515500,13:35:16,6408,12530,25786,799432880,0,0,0
sp2204,20220218,20220218,133516000,13:35:16,6408,12530,25786,799432880,0,0,0
sp2204,20220218,20220218,133516500,13:35:17,6408,12530,25786,799432880,0,0,0
sp2204,20220218,20220218,133517000,13:35:17,6408,12530,25786,799432880,0,0,0
sp2204,20220218,20220218,133517500,13:35:18,6408,12530,25786,799432880,0,0,0
sp2204,20220218,20220218,133518000,13:35:19,6408,12530,25786,799432880,0,0,0
sp2204,20220218,20220218,133518500,13:35:19,6410,12545,25792,800394360,15,6,961480
sp2204,20220218,20220218,133519000,13:35:19,6412,12546,25792,800458480,1,0,64120
sp2204,20220218,20220218,133519500,13:35:20,6412,12546,25792,800458480,0,0,0
sp2204,20220218,20220218,133520000,13:35:20,6412,12546,25792,800458480,0,0,0
sp2204,20220218,20220218,133520500,13:35:21,6412,12546,25792,800458480,0,0,0
sp2204,20220218,20220218,133521000,13:35:21,6412,12546,25792,800458480,0,0,0
sp2204,20220218,20220218,133521500,13:35:22,6412,12546,25792,800458480,0,0,0
sp2204,20220218,20220218,133522000,13:35:22,6412,12546,25792,800458480,0,0,0
sp2204,20220218,20220218,133522500,13:35:23,6412,12546,25792,800458480,0,0,0
sp2204,20220218,20220218,133523000,13:35:23,6412,12546,25792,800458480,0,0,0
sp2204,20220218,20220218,133523500,13:35:23,6412,12546,25792,800458480,0,0,0
sp2204,20220218,20220218,133524000,13:35:25,6412,12546,25792,800458480,0,0,0
sp2204,20220218,20220218,133524500,13:35:25,6412,12546,25792,800458480,0,0,0
sp2204,20220218,20220218,133525000,13:35:25,6412,12546,25792,800458480,0,0,0
sp2204,20220218,20220218,133525500,13:35:26,6412,12546,25792,800458480,0,0,0
sp2204,20220218,20220218,133526000,13:35:26,6412,12546,25792,800458480,0,0,0
sp2204,20220218,20220218,133526500,13:35:27,6412,12546,25792,800458480,0,0,0
sp2204,20220218,20220218,133527000,13:35:27,6412,12546,25792,800458480,0,0,0
sp2204,20220218,20220218,133527500,13:35:31,6412,12546,25792,800458480,0,0,0
sp2204,20220218,20220218,133528000,13:35:31,6410,12550,25789,800714880,4,-3,256400
sp2204,20220218,20220218,133531000,13:35:35,6410,12550,25789,800714880,0,0,0
sp2204,20220218,20220218,133531500,13:35:41,6410,12550,25789,800714880,0,0,0
sp2204,20220218,20220218,133532000,13:35:42,6410,12550,25789,800714880,0,0,0
sp2204,20220218,20220218,133540500,13:35:43,6410,12550,25789,800714880,0,0,0
