ss2204,20220218,20220218,112003000,11:20:09,18665,62805,44093,5865794475,62805,3089,5865794475
ss2204,20220218,20220218,112004500,11:20:10,18665,62819,44085,5867101025,14,-8,1306550
ss2204,20220218,20220218,112005000,11:20:10,18665,62819,44085,5867101025,0,0,0
ss2204,20220218,20220218,112006000,11:20:10,18665,62819,44085,5867101025,0,0,0
ss2204,20220218,20220218,112006500,11:20:10,18665,62819,44085,5867101025,0,0,0
ss2204,20220218,20220218,112007000,11:20:10,18660,62821,44085,5867287650,2,0,186625
ss2204,20220218,20220218,112007500,11:20:10,18660,62822,44086,5867380950,1,1,93300
ss2204,20220218,20220218,112008000,11:20:10,18660,62823,44086,5867474250,1,0,93300
ss2204,20220218,20220218,112008500,11:20:10,18665,62826,44088,5867754225,3,2,279975
ss2204,20220218,20220218,112009000,11:20:10,18660,62829,44088,5868034175,3,0,279950
ss2204,20220218,20220218,112009500,11:20:10,18665,62831,44087,5868220800,2,-1,186625
ss2204,20220218,20220218,112010000,11:20:10,18660,62832,44087,5868314100,1,0,93300
ss2204,20220218,20220218,112010500,11:20:10,18665,62835,44085,5868594050,3,-2,279950
ss2204,20220218,20220218,112011000,11:20:11,18665,62835,44085,5868594050,0,0,0
ss2204,20220218,20220218,112011500,11:20:12,18660,62837,44086,5868780650,2,1,186600
ss2204,20220218,20220218,112012000,11:20:12,18665,62838,44086,5868873975,1,0,93325
ss2204,20220218,20220218,112012500,11:20:12,18665,62838,44086,5868873975,0,0,0
ss2204,20220218,20220218,112013000,11:20:13,18665,62838,44086,5868873975,0,0,0
ss2204,20220218,20220218,112013500,11:20:13,18665,62838,44086,5868873975,0,0,0
ss2204,20220218,20220218,112014000,11:20:14,18665,62838,44086,5868873975,0,0,0
ss2204,20220218,20220218,112014500,11:20:14,18670,62846,44085,5869620600,8,-1,746625
ss2204,20220218,20220218,112015000,11:20:15,18665,62847,44086,5869713925,1,1,93325
ss2204,20220218,20220218,112015500,11:20:16,18665,62850,44086,5869993900,3,0,279975
ss2204,20220218,20220218,112016000,11:20:16,18660,62851,44086,5870087200,1,0,93300
ss2204,20220218,20220218,112016500,11:20:16,18660,62851,44086,5870087200,0,0,0
ss2204,20220218,20220218,112017000,11:20:17,18665,62852,44087,5870180525,1,1,93325
ss2204,20220218,20220218,112017500,11:20:17,18665,62852,44087,5870180525,0,0,0
ss2204,20220218,20220218,112018000,11:20:18,18665,62852,44087,5870180525,0,0,0
ss2204,20220218,20220218,112018500,11:20:18,18665,62852,44087,5870180525,0,0,0
ss2204,20220218,20220218,112019000,11:20:19,18665,62854,44087,5870367150,2,0,186625
ss2204,20220218,20220218,112019500,11:20:20,18665,62857,44087,5870647125,3,0,279975
ss2204,20220218,20220218,112020000,11:20:20,18665,62857,44087,5870647125,0,0,0
ss2204,20220218,20220218,112020500,11:20:21,18665,62857,44087,5870647125,0,0,0
ss2204,20220218,20220218,112021000,11:20:21,18665,62857,44087,5870647125,0,0,0
ss2204,20220218,20220218,112021500,11:20:21,18665,62857,44087,5870647125,0,0,0
ss2204,20220218,20220218,112022000,11:20:22,18660,62859,44086,5870833725,2,-1,186600
ss2204,20220218,20220218,112022500,11:20:23,18660,62859,44086,5870833725,0,0,0
ss2204,20220218,20220218,112023000,11:20:23,18660,62859,44086,5870833725,0,0,0
ss2204,20220218,20220218,112023500,11:20:23,18660,62859,44086,5870833725,0,0,0
ss2204,20220218,20220218,112024000,11:20:24,18660,62860,44086,5870927025,1,0,93300
ss2204,20220218,20220218,112024500,11:20:24,18660,62875,44088,5872326525,15,2,1399500
ss2204,20220218,20220218,112025000,11:20:25,18660,62879,44088,5872699725,4,0,373200
ss2204,20220218,20220218,112025500,11:20:25,18660,62881,44088,5872886325,2,0,186600
ss2204,20220218,20220218,112026000,11:20:26,18655,62885,44085,5873259425,4,-3,373100
ss2204,20220218,20220218,112026500,11:20:26,18650,62905,44084,5875124800,20,-1,1865375
ss2204,20220218,20220218,112027000,11:20:27,18655,62910,44081,5875591150,5,-3,466350
ss2204,20220218,20220218,112027500,11:20:28,18655,62910,44081,5875591150,0,0,0
ss2204,20220218,20220218,112028000,11:20:28,18655,62910,44081,5875591150,0,0,0
ss2204,20220218,20220218,112028500,11:20:28,18655,62910,44081,5875591150,0,0,0
ss2204,20220218,20220218,112029000,11:20:29,18650,62911,44080,5875684400,1,-1,93250
ss2204,20220218,20220218,112029500,11:20:30,18650,62949,44064,5879227900,38,-16,3543500
ss2204,20220218,20220218,112030000,11:20:31,18650,62950,44064,5879321150,1,0,93250
ss2204,20220218,20220218,112030500,11:20:31,18645,62960,44070,5880253400,10,6,932250
ss2204,20220218,20220218,112031000,11:20:32,18640,62968,44075,5880999175,8,5,745775
ss2204,20220218,20220218,112031500,11:20:32,18645,62978,44072,5881931250,10,-3,932075
ss2204,20220218,20220218,112032000,11:20:32,18635,62987,44073,5882770025,9,1,838775
ss2204,20220218,20220218,112032500,11:20:32,18630,62996,44079,5883608575,9,6,838550
ss2204,20220218,20220218,112033000,11:20:33,18635,63011,44086,5885006175,15,7,1397600
ss2204,20220218,20220218,112033500,11:20:33,18640,63027,44081,5886497025,16,-5,1490850
ss2204,20220218,20220218,112034000,11:20:34,18640,63033,44079,5887056225,6,-2,559200
ss2204,20220218,20220218,112034500,11:20:35,18635,63034,44078,5887149400,1,-1,93175
ss2204,20220218,20220218,112035000,11:20:35,18635,63034,44078,5887149400,0,0,0
ss2204,20220218,20220218,112035500,11:20:35,18635,63034,44078,5887149400,0,0,0
ss2204,20220218,20220218,112036000,11:20:36,18640,63038,44076,5887522200,4,-2,372800
ss2204,20220218,20220218,112036500,11:20:37,18635,63040,44076,5887708550,2,0,186350
ss2204,20220218,20220218,112037000,11:20:37,18635,63040,44076,5887708550,0,0,0
ss2204,20220218,20220218,112037500,11:20:38,18635,63040,44076,5887708550,0,0,0
ss2204,20220218,20220218,112038000,11:20:38,18635,63040,44076,5887708550,0,0,0
ss2204,20220218,20220218,112038500,11:20:38,18635,63048,44077,5888453950,8,1,745400
ss2204,20220218,20220218,112039000,11:20:39,18635,63048,44077,5888453950,0,0,0
ss2204,20220218,20220218,112039500,11:20:40,18635,63048,44077,5888453950,0,0,0
ss2204,20220218,20220218,112040000,11:20:40,18635,63048,44077,5888453950,0,0,0
ss2204,20220218,20220218,112040500,11:20:41,18635,63048,44077,5888453950,0,0,0
ss2204,20220218,20220218,112041000,11:20:41,18635,63053,44074,5888919825,5,-3,465875
ss2204,20220218,20220218,112041500,11:20:41,18635,63054,44075,5889013000,1,1,93175
ss2204,20220218,20220218,112042000,11:20:42,18635,63055,44075,5889106175,1,0,93175
ss2204,20220218,20220218,112042500,11:20:42,18640,63066,44066,5890131375,11,-9,1025200
ss2204,20220218,20220218,112043000,11:20:43,18640,63067,44065,5890224575,1,-1,93200
ss2204,20220218,20220218,112043500,11:20:44,18640,63070,44065,5890504175,3,0,279600
ss2204,20220218,20220218,112044000,11:20:44,18640,63076,44061,5891063375,6,-4,559200
ss2204,20220218,20220218,112044500,11:20:45,18635,63091,44056,5892461000,15,-5,1397625
ss2204,20220218,20220218,112045000,11:20:45,18630,63126,44036,5895722050,35,-20,3261050
ss2204,20220218,20220218,112045500,11:20:46,18635,63133,44032,5896374275,7,-4,652225
ss2204,20220218,20220218,112046000,11:20:46,18635,63135,44032,5896560625,2,0,186350
ss2204,20220218,20220218,112046500,11:20:46,18635,63138,44029,5896840150,3,-3,279525
ss2204,20220218,20220218,112047000,11:20:47,18635,63140,44028,5897026500,2,-1,186350
ss2204,20220218,20220218,112047500,11:20:48,18635,63140,44028,5897026500,0,0,0
ss2204,20220218,20220218,112048000,11:20:48,18635,63141,44029,5897119675,1,1,93175
ss2204,20220218,20220218,112048500,11:20:50,18635,63141,44029,5897119675,0,0,0
ss2204,20220218,20220218,112049000,11:20:50,18635,63141,44029,5897119675,0,0,0
ss2204,20220218,20220218,112049500,11:20:50,18635,63141,44029,5897119675,0,0,0
ss2204,20220218,20220218,112050500,11:20:51,18635,63141,44029,5897119675,0,0,0
ss2204,20220218,20220218,112051000,11:20:51,18635,63142,44029,5897212850,1,0,93175
ss2204,20220218,20220218,112051500,11:20:52,18635,63142,44029,5897212850,0,0,0
ss2204,20220218,20220218,112052000,11:20:53,18635,63142,44029,5897212850,0,0,0
ss2204,20220218,20220218,112052500,11:20:53,18635,63142,44029,5897212850,0,0,0
ss2204,20220218,20220218,112053000,11:20:53,18635,63142,44029,5897212850,0,0,0
ss2204,20220218,20220218,112053500,11:20:53,18635,63142,44029,5897212850,0,0,0
ss2204,20220218,20220218,112054000,11:20:54,18635,63143,44029,5897306025,1,0,93175
ss2204,20220218,20220218,112054500,11:20:55,18635,63143,44029,5897306025,0,0,0
ss2204,20220218,20220218,112055000,11:20:55,18635,63143,44029,5897306025,0,0,0
ss2204,20220218,20220218,112055500,11:20:56,18640,63144,44030,5897399225,1,1,93200
ss2204,20220218,20220218,112056000,11:20:56,18640,63145,44030,5897492425,1,0,93200
ss2204,20220218,20220218,112056500,11:20:56,18640,63153,44033,5898238025,8,3,745600
ss2204,20220218,20220218,112057000,11:20:58,18640,63154,44032,5898331225,1,-1,93200
ss2204,20220218,20220218,112057500,11:20:58,18645,63166,44030,5899449925,12,-2,1118700
ss2204,20220218,20220218,112058000,11:20:58,18645,63169,44028,5899729600,3,-2,279675
ss2204,20220218,20220218,112058500,11:20:59,18645,63176,44021,5900382175,7,-7,652575
ss2204,20220218,20220218,112059000,11:21:00,18645,63179,44021,5900661850,3,0,279675
ss2204,20220218,20220218,112059500,11:21:00,18650,63187,44019,5901407700,8,-2,745850
ss2204,20220218,20220218,112100000,11:21:00,18650,63187,44019,5901407700,0,0,0
ss2204,20220218,20220218,112100500,11:21:01,18650,63188,44019,5901500950,1,0,93250
ss2204,20220218,20220218,112101000,11:21:01,18650,63188,44019,5901500950,0,0,0
ss2204,20220218,20220218,112101500,11:21:02,18650,63188,44019,5901500950,0,0,0
ss2204,20220218,20220218,112102000,11:21:03,18650,63188,44019,5901500950,0,0,0
ss2204,20220218,20220218,112102500,11:21:03,18650,63188,44019,5901500950,0,0,0
ss2204,20220218,20220218,112103000,11:21:03,18650,63188,44019,5901500950,0,0,0
ss2204,20220218,20220218,112103500,11:21:04,18650,63188,44019,5901500950,0,0,0
ss2204,20220218,20220218,112104000,11:21:04,18645,63195,44017,5902153525,7,-2,652575
ss2204,20220218,20220218,112104500,11:21:05,18645,63196,44016,5902246750,1,-1,93225
ss2204,20220218,20220218,112105000,11:21:06,18645,63198,44016,5902433200,2,0,186450
ss2204,20220218,20220218,112105500,11:21:07,18645,63203,44016,5902899325,5,0,466125
ss2204,20220218,20220218,112106000,11:21:07,18645,63205,44018,5903085775,2,2,186450
ss2204,20220218,20220218,112106500,11:21:08,18645,63205,44018,5903085775,0,0,0
ss2204,20220218,20220218,112107000,11:21:09,18645,63205,44018,5903085775,0,0,0
ss2204,20220218,20220218,112107500,11:21:10,18650,63232,44018,5905603525,27,0,2517750
ss2204,20220218,20220218,112108000,11:21:10,18650,63232,44018,5905603525,0,0,0
ss2204,20220218,20220218,112110000,11:21:11,18650,63232,44018,5905603525,0,0,0
ss2204,20220218,20220218,112110500,11:21:11,18650,63232,44018,5905603525,0,0,0
ss2204,20220218,20220218,112111000,11:21:11,18655,63245,44008,5906816025,13,-10,1212500
ss2204,20220218,20220218,112111500,11:21:12,18655,63245,44008,5906816025,0,0,0
ss2204,20220218,20220218,112112000,11:21:12,18655,63245,44008,5906816025,0,0,0
ss2204,20220218,20220218,112112500,11:21:13,18650,63246,44009,5906909275,1,1,93250
ss2204,20220218,20220218,112113000,11:21:13,18655,63253,44003,5907562200,7,-6,652925
ss2204,20220218,20220218,112113500,11:21:13,18655,63263,44003,5908494950,10,0,932750
ss2204,20220218,20220218,112114000,11:21:14,18655,63263,44003,5908494950,0,0,0
ss2204,20220218,20220218,112114500,11:21:14,18655,63264,44002,5908588225,1,-1,93275
ss2204,20220218,20220218,112115000,11:21:15,18655,63265,44002,5908681500,1,0,93275
ss2204,20220218,20220218,112115500,11:21:15,18655,63265,44002,5908681500,0,0,0
ss2204,20220218,20220218,112116000,11:21:16,18655,63265,44002,5908681500,0,0,0
ss2204,20220218,20220218,112116500,11:21:17,18655,63265,44002,5908681500,0,0,0
ss2204,20220218,20220218,112117000,11:21:17,18655,63269,44000,5909054600,4,-2,373100
ss2204,20220218,20220218,112117500,11:21:18,18655,63269,44000,5909054600,0,0,0
ss2204,20220218,20220218,112118000,11:21:18,18655,63269,44000,5909054600,0,0,0
ss2204,20220218,20220218,112118500,11:21:18,18655,63269,44000,5909054600,0,0,0
ss2204,20220218,20220218,112119000,11:21:19,18655,63269,44000,5909054600,0,0,0
ss2204,20220218,20220218,112119500,11:21:19,18655,63269,44000,5909054600,0,0,0
ss2204,20220218,20220218,112120000,11:21:20,18655,63269,44000,5909054600,0,0,0
ss2204,20220218,20220218,112120500,11:21:21,18655,63269,44000,5909054600,0,0,0
ss2204,20220218,20220218,112121000,11:21:22,18655,63269,44000,5909054600,0,0,0
ss2204,20220218,20220218,112121500,11:21:22,18655,63273,44000,5909427775,4,0,373175
ss2204,20220218,20220218,112122000,11:21:22,18655,63273,44000,5909427775,0,0,0
ss2204,20220218,20220218,112122500,11:21:22,18655,63273,44000,5909427775,0,0,0
ss2204,20220218,20220218,112123000,11:21:23,18660,63275,44002,5909614375,2,2,186600
ss2204,20220218,20220218,112123500,11:21:23,18660,63275,44002,5909614375,0,0,0
ss2204,20220218,20220218,112124000,11:21:24,18660,63275,44002,5909614375,0,0,0
ss2204,20220218,20220218,112124500,11:21:25,18660,63275,44002,5909614375,0,0,0
ss2204,20220218,20220218,112125000,11:23:32,18660,63275,44002,5909614375,0,0,0
ss2204,20220218,20220218,112125500,11:23:32,18655,63276,44002,5909707650,1,0,93275
ss2204,20220218,20220218,112126000,11:23:33,18655,63282,44008,5910267300,6,6,559650
ss2204,20220218,20220218,112126500,11:23:33,18655,63283,44008,5910360575,1,0,93275
ss2204,20220218,20220218,112332500,11:23:33,18655,63283,44008,5910360575,0,0,0
ss2204,20220218,20220218,112333000,11:23:33,18655,63283,44008,5910360575,0,0,0
ss2204,20220218,20220218,112333500,11:23:33,18655,63283,44008,5910360575,0,0,0
ss2204,20220218,20220218,112334000,11:23:34,18655,63283,44008,5910360575,0,0,0
ss2204,20220218,20220218,112334500,11:23:34,18655,63283,44008,5910360575,0,0,0
ss2204,20220218,20220218,112335000,11:23:35,18655,63283,44008,5910360575,0,0,0
ss2204,20220218,20220218,112335500,11:23:35,18655,63283,44008,5910360575,0,0,0
ss2204,20220218,20220218,112336000,11:23:36,18650,63656,43917,5945142375,373,-91,34781800
ss2204,20220218,20220218,112336500,11:23:38,18650,63656,43917,5945142375,0,0,0
ss2204,20220218,20220218,112337000,11:23:38,18650,63656,43917,5945142375,0,0,0
ss2204,20220218,20220218,112337500,11:23:38,18650,63656,43917,5945142375,0,0,0
ss2204,20220218,20220218,112338000,11:23:38,18650,63656,43917,5945142375,0,0,0
ss2204,20220218,20220218,112338500,11:23:38,18650,63656,43917,5945142375,0,0,0
ss2204,20220218,20220218,112339000,11:23:39,18650,63656,43917,5945142375,0,0,0
ss2204,20220218,20220218,112339500,11:23:39,18650,63656,43917,5945142375,0,0,0
ss2204,20220218,20220218,112340000,11:23:40,18650,63656,43917,5945142375,0,0,0
ss2204,20220218,20220218,112340500,11:23:40,18655,63667,43919,5946168400,11,2,1026025
ss2204,20220218,20220218,112341000,11:23:41,18655,63667,43919,5946168400,0,0,0
ss2204,20220218,20220218,112341500,11:23:42,18655,63667,43919,5946168400,0,0,0
ss2204,20220218,20220218,112342000,11:23:42,18655,63667,43919,5946168400,0,0,0
ss2204,20220218,20220218,112342500,11:23:42,18650,63668,43919,5946261650,1,0,93250
ss2204,20220218,20220218,112343000,11:23:43,18650,63668,43919,5946261650,0,0,0
ss2204,20220218,20220218,112343500,11:23:43,18650,63668,43919,5946261650,0,0,0
ss2204,20220218,20220218,112344000,11:23:45,18650,63668,43919,5946261650,0,0,0
ss2204,20220218,20220218,112344500,11:23:48,18655,63669,43919,5946354925,1,0,93275
ss2204,20220218,20220218,112345000,11:23:48,18655,63669,43919,5946354925,0,0,0
ss2204,20220218,20220218,112345500,11:23:48,18655,63669,43919,5946354925,0,0,0
ss2204,20220218,20220218,112348000,11:23:48,18655,63669,43919,5946354925,0,0,0
ss2204,20220218,20220218,112348500,11:23:49,18655,63669,43919,5946354925,0,0,0
ss2204,20220218,20220218,112349000,11:23:49,18655,63669,43919,5946354925,0,0,0
ss2204,20220218,20220218,112349500,11:23:50,18655,63669,43919,5946354925,0,0,0
ss2204,20220218,20220218,112350000,11:23:50,18655,63669,43919,5946354925,0,0,0
ss2204,20220218,20220218,112350500,11:23:50,18655,63669,43919,5946354925,0,0,0
ss2204,20220218,20220218,112351000,11:23:51,18655,63669,43919,5946354925,0,0,0
ss2204,20220218,20220218,112351500,11:23:51,18655,63669,43919,5946354925,0,0,0
ss2204,20220218,20220218,112352000,11:23:52,18655,63669,43919,5946354925,0,0,0
ss2204,20220218,20220218,112352500,11:23:52,18655,63669,43919,5946354925,0,0,0
ss2204,20220218,20220218,112353000,11:23:53,18655,63680,43921,5947381000,11,2,1026075
ss2204,20220218,20220218,112353500,11:23:53,18655,63681,43922,5947474275,1,1,93275
ss2204,20220218,20220218,112354000,11:23:54,18655,63683,43920,5947660825,2,-2,186550
ss2204,20220218,20220218,112354500,11:23:55,18655,63690,43915,5948313750,7,-5,652925
ss2204,20220218,20220218,112355000,11:23:55,18655,63690,43915,5948313750,0,0,0
ss2204,20220218,20220218,112355500,11:23:55,18655,63690,43915,5948313750,0,0,0
ss2204,20220218,20220218,112356000,11:23:56,18655,63690,43915,5948313750,0,0,0
ss2204,20220218,20220218,112356500,11:23:56,18655,63690,43915,5948313750,0,0,0
ss2204,20220218,20220218,112357000,11:23:57,18655,63690,43915,5948313750,0,0,0
ss2204,20220218,20220218,112357500,11:23:57,18655,63690,43915,5948313750,0,0,0
ss2204,20220218,20220218,112358000,11:23:58,18655,63690,43915,5948313750,0,0,0
ss2204,20220218,20220218,112358500,11:23:58,18650,63695,43915,5948780000,5,0,466250
ss2204,20220218,20220218,112359000,11:23:59,18650,63697,43916,5948966500,2,1,186500
ss2204,20220218,20220218,112359500,11:23:59,18650,63697,43916,5948966500,0,0,0
ss2204,20220218,20220218,112400000,11:24:00,18650,63697,43916,5948966500,0,0,0
ss2204,20220218,20220218,112400500,11:24:00,18650,63697,43916,5948966500,0,0,0
ss2204,20220218,20220218,112401000,11:24:01,18650,63697,43916,5948966500,0,0,0
ss2204,20220218,20220218,112401500,11:24:01,18650,63697,43916,5948966500,0,0,0
ss2204,20220218,20220218,112402000,11:24:02,18650,63697,43916,5948966500,0,0,0
ss2204,20220218,20220218,112402500,11:24:02,18650,63697,43916,5948966500,0,0,0
ss2204,20220218,20220218,112403000,11:24:03,18650,63697,43916,5948966500,0,0,0
ss2204,20220218,20220218,112403500,11:24:04,18650,63697,43916,5948966500,0,0,0
ss2204,20220218,20220218,112404000,11:24:04,18655,63698,43916,5949059775,1,0,93275
ss2204,20220218,20220218,112404500,11:24:04,18655,63700,43915,5949246325,2,-1,186550
ss2204,20220218,20220218,112405000,11:24:05,18655,63702,43916,5949432875,2,1,186550
ss2204,20220218,20220218,112405500,11:24:05,18655,63702,43916,5949432875,0,0,0
ss2204,20220218,20220218,112406000,11:24:06,18655,63702,43916,5949432875,0,0,0
ss2204,20220218,20220218,112406500,11:24:06,18655,63702,43916,5949432875,0,0,0
ss2204,20220218,20220218,112407000,11:24:07,18655,63702,43916,5949432875,0,0,0
ss2204,20220218,20220218,112407500,11:24:08,18655,63702,43916,5949432875,0,0,0
ss2204,20220218,20220218,112408000,11:24:08,18655,63702,43916,5949432875,0,0,0
ss2204,20220218,20220218,112408500,11:24:08,18655,63702,43916,5949432875,0,0,0
ss2204,20220218,20220218,112409000,11:24:11,18655,63702,43916,5949432875,0,0,0
ss2204,20220218,20220218,112409500,11:24:11,18655,63704,43917,5949619425,2,1,186550
ss2204,20220218,20220218,112410000,11:24:12,18650,63705,43918,5949712675,1,1,93250
ss2204,20220218,20220218,112410500,11:24:12,18650,63705,43918,5949712675,0,0,0
ss2204,20220218,20220218,112411000,11:24:12,18650,63705,43918,5949712675,0,0,0
ss2204,20220218,20220218,112411500,11:24:12,18650,63705,43918,5949712675,0,0,0
ss2204,20220218,20220218,112412000,11:24:12,18650,63705,43918,5949712675,0,0,0
ss2204,20220218,20220218,112412500,11:24:13,18650,63705,43918,5949712675,0,0,0
ss2204,20220218,20220218,112413000,11:24:13,18650,63705,43918,5949712675,0,0,0
ss2204,20220218,20220218,112413500,11:24:14,18650,63705,43918,5949712675,0,0,0
ss2204,20220218,20220218,112414000,11:24:14,18650,63705,43918,5949712675,0,0,0
ss2204,20220218,20220218,112414500,11:24:15,18650,63705,43918,5949712675,0,0,0
ss2204,20220218,20220218,112415000,11:24:15,18650,63705,43918,5949712675,0,0,0
ss2204,20220218,20220218,112415500,11:24:15,18650,63705,43918,5949712675,0,0,0
ss2204,20220218,20220218,112416000,11:24:16,18650,63705,43918,5949712675,0,0,0
ss2204,20220218,20220218,112416500,11:24:17,18650,63705,43918,5949712675,0,0,0
ss2204,20220218,20220218,112417000,11:24:17,18650,63705,43918,5949712675,0,0,0
ss2204,20220218,20220218,112417500,11:24:18,18650,63705,43918,5949712675,0,0,0
ss2204,20220218,20220218,112418000,11:24:18,18650,63705,43918,5949712675,0,0,0
ss2204,20220218,20220218,112418500,11:24:19,18650,63705,43918,5949712675,0,0,0
ss2204,20220218,20220218,112419000,11:24:19,18650,63705,43918,5949712675,0,0,0
ss2204,20220218,20220218,112419500,11:24:20,18650,63705,43918,5949712675,0,0,0
ss2204,20220218,20220218,112420000,11:24:20,18650,63705,43918,5949712675,0,0,0
ss2204,20220218,20220218,112420500,11:24:20,18650,63705,43918,5949712675,0,0,0
ss2204,20220218,20220218,112421000,11:24:21,18650,63705,43918,5949712675,0,0,0
ss2204,20220218,20220218,112421500,11:24:22,18650,63705,43918,5949712675,0,0,0
ss2204,20220218,20220218,112422000,11:24:22,18650,63705,43918,5949712675,0,0,0
ss2204,20220218,20220218,112422500,11:24:23,18650,63705,43918,5949712675,0,0,0
ss2204,20220218,20220218,112423000,11:24:23,18650,63705,43918,5949712675,0,0,0
ss2204,20220218,20220218,112423500,11:24:23,18655,63706,43918,5949805950,1,0,93275
ss2204,20220218,20220218,112424000,11:24:24,18655,63708,43919,5949992500,2,1,186550
ss2204,20220218,20220218,112424500,11:24:24,18655,63708,43919,5949992500,0,0,0
ss2204,20220218,20220218,112425000,11:24:25,18655,63708,43919,5949992500,0,0,0
ss2204,20220218,20220218,112425500,11:24:25,18655,63708,43919,5949992500,0,0,0
ss2204,20220218,20220218,112426000,11:24:26,18655,63708,43919,5949992500,0,0,0
ss2204,20220218,20220218,112426500,11:24:26,18650,63709,43920,5950085750,1,1,93250
ss2204,20220218,20220218,112427000,11:24:27,18650,63709,43920,5950085750,0,0,0
ss2204,20220218,20220218,112427500,11:24:28,18650,63709,43920,5950085750,0,0,0
ss2204,20220218,20220218,112428000,11:24:28,18650,63709,43920,5950085750,0,0,0
ss2204,20220218,20220218,112428500,11:24:28,18650,63709,43920,5950085750,0,0,0
ss2204,20220218,20220218,112429000,11:24:29,18650,63709,43920,5950085750,0,0,0
ss2204,20220218,20220218,112429500,11:24:29,18650,63709,43920,5950085750,0,0,0
ss2204,20220218,20220218,112430000,11:24:30,18650,63709,43920,5950085750,0,0,0
ss2204,20220218,20220218,112430500,11:24:30,18650,63709,43920,5950085750,0,0,0
ss2204,20220218,20220218,112431000,11:24:31,18650,63709,43920,5950085750,0,0,0
ss2204,20220218,20220218,112431500,11:24:31,18650,63709,43920,5950085750,0,0,0
ss2204,20220218,20220218,112432000,11:24:32,18650,63709,43920,5950085750,0,0,0
ss2204,20220218,20220218,112432500,11:24:32,18650,63709,43920,5950085750,0,0,0
ss2204,20220218,20220218,112433000,11:24:33,18650,63709,43920,5950085750,0,0,0
ss2204,20220218,20220218,112433500,11:24:33,18655,63714,43919,5950552125,5,-1,466375
ss2204,20220218,20220218,112434000,11:24:34,18655,63714,43919,5950552125,0,0,0
ss2204,20220218,20220218,112434500,11:24:34,18655,63714,43919,5950552125,0,0,0
ss2204,20220218,20220218,112435000,11:24:35,18655,63714,43919,5950552125,0,0,0
ss2204,20220218,20220218,112435500,11:24:35,18655,63714,43919,5950552125,0,0,0
ss2204,20220218,20220218,112436000,11:24:36,18655,63714,43919,5950552125,0,0,0
ss2204,20220218,20220218,112436500,11:24:36,18655,63714,43919,5950552125,0,0,0
ss2204,20220218,20220218,112437000,11:24:37,18655,63714,43919,5950552125,0,0,0
ss2204,20220218,20220218,112437500,11:24:37,18655,63714,43919,5950552125,0,0,0
ss2204,20220218,20220218,112438000,11:24:39,18655,63714,43919,5950552125,0,0,0
ss2204,20220218,20220218,112438500,11:24:39,18655,63714,43919,5950552125,0,0,0
ss2204,20220218,20220218,112439000,11:24:40,18655,63714,43919,5950552125,0,0,0
ss2204,20220218,20220218,112439500,11:24:40,18650,63720,43914,5951111625,6,-5,559500
ss2204,20220218,20220218,112440000,11:24:40,18645,63725,43914,5951577750,5,0,466125
ss2204,20220218,20220218,112440500,11:24:40,18650,63731,43912,5952137125,6,-2,559375
ss2204,20220218,20220218,112441000,11:24:41,18650,63731,43912,5952137125,0,0,0
ss2204,20220218,20220218,112441500,11:24:41,18650,63731,43912,5952137125,0,0,0
ss2204,20220218,20220218,112442000,11:24:42,18650,63731,43912,5952137125,0,0,0
ss2204,20220218,20220218,112442500,11:24:42,18650,63732,43911,5952230375,1,-1,93250
ss2204,20220218,20220218,112443000,11:24:43,18650,63732,43911,5952230375,0,0,0
ss2204,20220218,20220218,112443500,11:24:43,18650,63734,43912,5952416850,2,1,186475
ss2204,20220218,20220218,112444000,11:24:44,18650,63734,43912,5952416850,0,0,0
ss2204,20220218,20220218,112444500,11:24:44,18650,63734,43912,5952416850,0,0,0
ss2204,20220218,20220218,112445000,11:24:45,18650,63734,43912,5952416850,0,0,0
ss2204,20220218,20220218,112445500,11:24:45,18650,63734,43912,5952416850,0,0,0
ss2204,20220218,20220218,112446000,11:24:46,18650,63734,43912,5952416850,0,0,0
ss2204,20220218,20220218,112446500,11:24:46,18650,63734,43912,5952416850,0,0,0
ss2204,20220218,20220218,112447000,11:24:47,18650,63737,43910,5952696600,3,-2,279750
ss2204,20220218,20220218,112447500,11:24:47,18650,63737,43910,5952696600,0,0,0
ss2204,20220218,20220218,112448000,11:24:48,18650,63737,43910,5952696600,0,0,0
ss2204,20220218,20220218,112448500,11:24:48,18650,63737,43910,5952696600,0,0,0
ss2204,20220218,20220218,112449000,11:24:49,18655,63738,43909,5952789875,1,-1,93275
ss2204,20220218,20220218,112449500,11:24:49,18655,63743,43908,5953256250,5,-1,466375
ss2204,20220218,20220218,112450000,11:24:50,18655,63749,43909,5953815900,6,1,559650
ss2204,20220218,20220218,112450500,11:24:50,18655,63750,43910,5953909175,1,1,93275
ss2204,20220218,20220218,112451000,11:24:51,18660,63751,43911,5954002475,1,1,93300
ss2204,20220218,20220218,112451500,11:24:52,18660,63751,43911,5954002475,0,0,0
ss2204,20220218,20220218,112452000,11:24:52,18660,63751,43911,5954002475,0,0,0
ss2204,20220218,20220218,112452500,11:24:52,18660,63751,43911,5954002475,0,0,0
ss2204,20220218,20220218,112453000,11:24:53,18660,63757,43913,5954562275,6,2,559800
ss2204,20220218,20220218,112453500,11:24:53,18660,63767,43909,5955495275,10,-4,933000
ss2204,20220218,20220218,112454000,11:24:54,18660,63768,43908,5955588575,1,-1,93300
ss2204,20220218,20220218,112454500,11:24:54,18660,63768,43908,5955588575,0,0,0
ss2204,20220218,20220218,112455000,11:24:55,18660,63768,43908,5955588575,0,0,0
ss2204,20220218,20220218,112455500,11:24:56,18660,63768,43908,5955588575,0,0,0
ss2204,20220218,20220218,112456000,11:24:56,18660,63768,43908,5955588575,0,0,0
ss2204,20220218,20220218,112456500,11:24:56,18660,63768,43908,5955588575,0,0,0
ss2204,20220218,20220218,112457000,11:24:57,18660,63768,43908,5955588575,0,0,0
ss2204,20220218,20220218,112457500,11:24:57,18660,63768,43908,5955588575,0,0,0
ss2204,20220218,20220218,112458000,11:24:58,18660,63768,43908,5955588575,0,0,0
ss2204,20220218,20220218,112458500,11:24:58,18660,63768,43908,5955588575,0,0,0
ss2204,20220218,20220218,112459000,11:24:59,18660,63774,43904,5956148375,6,-4,559800
ss2204,20220218,20220218,112459500,11:24:59,18660,63780,43904,5956708250,6,0,559875
ss2204,20220218,20220218,112500000,11:25:00,18660,63780,43904,5956708250,0,0,0
ss2204,20220218,20220218,112500500,11:25:01,18660,63780,43904,5956708250,0,0,0
ss2204,20220218,20220218,112501000,11:25:02,18660,63780,43904,5956708250,0,0,0
ss2204,20220218,20220218,112501500,11:25:04,18660,63780,43904,5956708250,0,0,0
ss2204,20220218,20220218,112502000,11:25:05,18660,63780,43904,5956708250,0,0,0
ss2204,20220218,20220218,112502500,11:25:06,18660,63780,43904,5956708250,0,0,0
ss2204,20220218,20220218,112504500,11:25:06,18665,63782,43904,5956894875,2,0,186625
ss2204,20220218,20220218,112505000,11:25:06,18665,63788,43900,5957454825,6,-4,559950
ss2204,20220218,20220218,112505500,11:25:06,18665,63795,43895,5958108100,7,-5,653275
ss2204,20220218,20220218,112506000,11:25:06,18665,63795,43895,5958108100,0,0,0
ss2204,20220218,20220218,112506500,11:25:07,18665,63795,43895,5958108100,0,0,0
ss2204,20220218,20220218,112507000,11:25:07,18665,63795,43895,5958108100,0,0,0
ss2204,20220218,20220218,112507500,11:25:07,18665,63795,43895,5958108100,0,0,0
ss2204,20220218,20220218,112508000,11:25:08,18665,63795,43895,5958108100,0,0,0
ss2204,20220218,20220218,112508500,11:25:08,18665,63795,43895,5958108100,0,0,0
ss2204,20220218,20220218,112509000,11:25:09,18665,63795,43895,5958108100,0,0,0
ss2204,20220218,20220218,112509500,11:25:09,18665,63795,43895,5958108100,0,0,0
ss2204,20220218,20220218,112510000,11:25:10,18665,63795,43895,5958108100,0,0,0
ss2204,20220218,20220218,112510500,11:25:10,18665,63795,43895,5958108100,0,0,0
ss2204,20220218,20220218,112511000,11:25:11,18665,63795,43895,5958108100,0,0,0
ss2204,20220218,20220218,112511500,11:25:11,18665,63795,43895,5958108100,0,0,0
ss2204,20220218,20220218,112512000,11:25:12,18670,63796,43895,5958201450,1,0,93350
ss2204,20220218,20220218,112512500,11:25:12,18670,63796,43895,5958201450,0,0,0
ss2204,20220218,20220218,112513000,11:25:13,18670,63796,43895,5958201450,0,0,0
ss2204,20220218,20220218,112513500,11:25:15,18670,63796,43895,5958201450,0,0,0
ss2204,20220218,20220218,112514000,11:25:15,18670,63796,43895,5958201450,0,0,0
ss2204,20220218,20220218,112514500,11:25:15,18670,63796,43895,5958201450,0,0,0
ss2204,20220218,20220218,112515000,11:25:16,18670,63796,43895,5958201450,0,0,0
ss2204,20220218,20220218,112515500,11:25:16,18670,63798,43895,5958388150,2,0,186700
ss2204,20220218,20220218,112516000,11:25:16,18670,63798,43895,5958388150,0,0,0
ss2204,20220218,20220218,112516500,11:25:16,18665,63799,43895,5958481475,1,0,93325
ss2204,20220218,20220218,112517000,11:25:18,18670,63801,43895,5958668150,2,0,186675
ss2204,20220218,20220218,112517500,11:25:18,18670,63801,43895,5958668150,0,0,0
ss2204,20220218,20220218,112518000,11:25:18,18670,63801,43895,5958668150,0,0,0
ss2204,20220218,20220218,112518500,11:25:19,18670,63801,43895,5958668150,0,0,0
ss2204,20220218,20220218,112519000,11:25:19,18670,63801,43895,5958668150,0,0,0
ss2204,20220218,20220218,112519500,11:25:19,18670,63804,43895,5958948150,3,0,280000
ss2204,20220218,20220218,112520000,11:25:21,18670,63804,43895,5958948150,0,0,0
ss2204,20220218,20220218,112520500,11:25:21,18670,63804,43895,5958948150,0,0,0
ss2204,20220218,20220218,112521000,11:25:21,18670,63804,43895,5958948150,0,0,0
ss2204,20220218,20220218,112521500,11:25:22,18670,63804,43895,5958948150,0,0,0
ss2204,20220218,20220218,112522000,11:25:22,18670,63804,43895,5958948150,0,0,0
ss2204,20220218,20220218,112522500,11:25:22,18670,63805,43894,5959041500,1,-1,93350
ss2204,20220218,20220218,112523000,11:25:23,18665,63812,43897,5959694775,7,3,653275
ss2204,20220218,20220218,112523500,11:25:24,18665,63817,43896,5960161400,5,-1,466625
ss2204,20220218,20220218,112524000,11:25:25,18665,63819,43894,5960348050,2,-2,186650
ss2204,20220218,20220218,112524500,11:25:25,18665,63819,43894,5960348050,0,0,0
ss2204,20220218,20220218,112525000,11:25:25,18660,63831,43898,5961467650,12,4,1119600
ss2204,20220218,20220218,112525500,11:25:26,18660,63833,43896,5961654250,2,-2,186600
ss2204,20220218,20220218,112526000,11:25:26,18660,63836,43893,5961934150,3,-3,279900
ss2204,20220218,20220218,112526500,11:25:27,18660,63836,43893,5961934150,0,0,0
ss2204,20220218,20220218,112527000,11:25:27,18660,63836,43893,5961934150,0,0,0
ss2204,20220218,20220218,112527500,11:25:28,18660,63836,43893,5961934150,0,0,0
ss2204,20220218,20220218,112528000,11:25:28,18660,63843,43887,5962587250,7,-6,653100
ss2204,20220218,20220218,112528500,11:25:28,18660,63843,43887,5962587250,0,0,0
ss2204,20220218,20220218,112529000,11:25:29,18660,63843,43887,5962587250,0,0,0
ss2204,20220218,20220218,112529500,11:25:30,18655,63855,43887,5963706550,12,0,1119300
ss2204,20220218,20220218,112530000,11:25:31,18655,63857,43885,5963893100,2,-2,186550
ss2204,20220218,20220218,112530500,11:25:31,18655,63858,43885,5963986375,1,0,93275
ss2204,20220218,20220218,112531000,11:25:31,18655,63862,43883,5964359475,4,-2,373100
ss2204,20220218,20220218,112531500,11:25:32,18655,63862,43883,5964359475,0,0,0
ss2204,20220218,20220218,112532000,11:25:32,18655,63862,43883,5964359475,0,0,0
ss2204,20220218,20220218,112532500,11:25:33,18655,63862,43883,5964359475,0,0,0
ss2204,20220218,20220218,112533000,11:25:33,18655,63862,43883,5964359475,0,0,0
ss2204,20220218,20220218,112533500,11:25:33,18655,63862,43883,5964359475,0,0,0
ss2204,20220218,20220218,112534000,11:25:34,18655,63863,43882,5964452750,1,-1,93275
ss2204,20220218,20220218,112534500,11:25:35,18655,63869,43878,5965012400,6,-4,559650
ss2204,20220218,20220218,112535000,11:25:36,18655,63869,43878,5965012400,0,0,0
ss2204,20220218,20220218,112535500,11:25:37,18655,63869,43878,5965012400,0,0,0
ss2204,20220218,20220218,112536000,11:25:37,18655,63871,43878,5965198950,2,0,186550
ss2204,20220218,20220218,112536500,11:25:37,18655,63874,43878,5965478775,3,0,279825
ss2204,20220218,20220218,112537000,11:25:38,18655,63874,43878,5965478775,0,0,0
ss2204,20220218,20220218,112537500,11:25:38,18655,63874,43878,5965478775,0,0,0
ss2204,20220218,20220218,112538000,11:25:38,18650,63875,43878,5965572025,1,0,93250
ss2204,20220218,20220218,112538500,11:25:39,18650,63875,43878,5965572025,0,0,0
ss2204,20220218,20220218,112539000,11:25:39,18650,63877,43877,5965758525,2,-1,186500
ss2204,20220218,20220218,112539500,11:25:40,18650,63878,43876,5965851775,1,-1,93250
ss2204,20220218,20220218,112540000,11:25:40,18650,63878,43876,5965851775,0,0,0
ss2204,20220218,20220218,112540500,11:25:40,18650,63878,43876,5965851775,0,0,0
ss2204,20220218,20220218,112541000,11:25:41,18650,63878,43876,5965851775,0,0,0
ss2204,20220218,20220218,112541500,11:25:41,18650,63878,43876,5965851775,0,0,0
ss2204,20220218,20220218,112542000,11:25:42,18650,63878,43876,5965851775,0,0,0
ss2204,20220218,20220218,112542500,11:25:42,18650,63878,43876,5965851775,0,0,0
ss2204,20220218,20220218,112543000,11:25:43,18650,63878,43876,5965851775,0,0,0
ss2204,20220218,20220218,112543500,11:25:43,18650,63879,43875,5965945025,1,-1,93250
ss2204,20220218,20220218,112544000,11:25:44,18655,63880,43874,5966038300,1,-1,93275
ss2204,20220218,20220218,112544500,11:25:44,18650,63881,43874,5966131550,1,0,93250
ss2204,20220218,20220218,112545000,11:25:45,18655,63883,43873,5966318100,2,-1,186550
ss2204,20220218,20220218,112545500,11:25:46,18655,63883,43873,5966318100,0,0,0
ss2204,20220218,20220218,112546000,11:25:47,18655,63884,43872,5966411375,1,-1,93275
ss2204,20220218,20220218,112546500,11:25:48,18650,63886,43870,5966597900,2,-2,186525
ss2204,20220218,20220218,112547000,11:25:48,18655,63887,43871,5966691175,1,1,93275
ss2204,20220218,20220218,112547500,11:25:48,18655,63888,43870,5966784450,1,-1,93275
ss2204,20220218,20220218,112548000,11:25:48,18655,63890,43868,5966971000,2,-2,186550
ss2204,20220218,20220218,112548500,11:25:48,18655,63890,43868,5966971000,0,0,0
ss2204,20220218,20220218,112549000,11:25:49,18655,63890,43868,5966971000,0,0,0
ss2204,20220218,20220218,112549500,11:25:49,18655,63890,43868,5966971000,0,0,0
ss2204,20220218,20220218,112550000,11:25:50,18655,63890,43868,5966971000,0,0,0
ss2204,20220218,20220218,112550500,11:25:51,18655,63891,43868,5967064275,1,0,93275
ss2204,20220218,20220218,112551000,11:25:51,18660,63901,43861,5967997275,10,-7,933000
ss2204,20220218,20220218,112551500,11:25:51,18660,63903,43863,5968183875,2,2,186600
ss2204,20220218,20220218,112552000,11:25:52,18660,63903,43863,5968183875,0,0,0
ss2204,20220218,20220218,112552500,11:25:52,18655,63913,43859,5969116675,10,-4,932800
ss2204,20220218,20220218,112553000,11:25:53,18655,63913,43859,5969116675,0,0,0
ss2204,20220218,20220218,112553500,11:25:54,18655,63913,43859,5969116675,0,0,0
ss2204,20220218,20220218,112554000,11:25:54,18660,63914,43858,5969209975,1,-1,93300
ss2204,20220218,20220218,112554500,11:25:54,18660,63914,43858,5969209975,0,0,0
ss2204,20220218,20220218,112555000,11:25:55,18660,63914,43858,5969209975,0,0,0
ss2204,20220218,20220218,112555500,11:25:56,18660,63914,43858,5969209975,0,0,0
ss2204,20220218,20220218,112556000,11:25:57,18660,63914,43858,5969209975,0,0,0
ss2204,20220218,20220218,112556500,11:25:57,18660,63914,43858,5969209975,0,0,0
ss2204,20220218,20220218,112557000,11:25:57,18660,63914,43858,5969209975,0,0,0
ss2204,20220218,20220218,112557500,11:25:57,18660,63914,43858,5969209975,0,0,0
ss2204,20220218,20220218,112558000,11:25:59,18660,63914,43858,5969209975,0,0,0
ss2204,20220218,20220218,112558500,11:25:59,18660,63914,43858,5969209975,0,0,0
ss2204,20220218,20220218,112559000,11:26:00,18660,63914,43858,5969209975,0,0,0
ss2204,20220218,20220218,112559500,11:26:00,18660,63915,43857,5969303275,1,-1,93300
ss2204,20220218,20220218,112600000,11:26:00,18660,63922,43851,5969956375,7,-6,653100
ss2204,20220218,20220218,112600500,11:26:01,18660,63922,43851,5969956375,0,0,0
ss2204,20220218,20220218,112601000,11:26:01,18660,63923,43851,5970049675,1,0,93300
ss2204,20220218,20220218,112601500,11:26:02,18655,63932,43847,5970889200,9,-4,839525
ss2204,20220218,20220218,112602000,11:26:03,18655,63940,43846,5971635400,8,-1,746200
ss2204,20220218,20220218,112602500,11:26:03,18655,63940,43846,5971635400,0,0,0
ss2204,20220218,20220218,112603000,11:26:03,18655,63940,43846,5971635400,0,0,0
ss2204,20220218,20220218,112603500,11:26:04,18655,63940,43846,5971635400,0,0,0
ss2204,20220218,20220218,112604000,11:26:05,18660,63941,43846,5971728700,1,0,93300
ss2204,20220218,20220218,112604500,11:26:05,18660,63941,43846,5971728700,0,0,0
ss2204,20220218,20220218,112605000,11:26:05,18660,63941,43846,5971728700,0,0,0
ss2204,20220218,20220218,112605500,11:26:06,18660,63941,43846,5971728700,0,0,0
ss2204,20220218,20220218,112606000,11:26:06,18660,63941,43846,5971728700,0,0,0
ss2204,20220218,20220218,112606500,11:26:07,18660,63941,43846,5971728700,0,0,0
ss2204,20220218,20220218,112607000,11:26:09,18660,63941,43846,5971728700,0,0,0
ss2204,20220218,20220218,112607500,11:26:09,18660,63941,43846,5971728700,0,0,0
ss2204,20220218,20220218,112608000,11:26:09,18660,63942,43847,5971822000,1,1,93300
ss2204,20220218,20220218,112609000,11:26:10,18660,63942,43847,5971822000,0,0,0
ss2204,20220218,20220218,112609500,11:26:10,18660,63942,43847,5971822000,0,0,0
ss2204,20220218,20220218,112610000,11:26:10,18660,63942,43847,5971822000,0,0,0
ss2204,20220218,20220218,112610500,11:26:11,18660,63942,43847,5971822000,0,0,0
ss2204,20220218,20220218,112611000,11:26:11,18660,63942,43847,5971822000,0,0,0
ss2204,20220218,20220218,112611500,11:26:13,18660,63942,43847,5971822000,0,0,0
ss2204,20220218,20220218,112612000,11:26:14,18660,63942,43847,5971822000,0,0,0
ss2204,20220218,20220218,112612500,11:26:14,18660,63942,43847,5971822000,0,0,0
ss2204,20220218,20220218,112613000,11:26:15,18660,63942,43847,5971822000,0,0,0
ss2204,20220218,20220218,112613500,11:26:15,18660,63942,43847,5971822000,0,0,0
ss2204,20220218,20220218,112614000,11:26:15,18655,63944,43848,5972008550,2,1,186550
ss2204,20220218,20220218,112614500,11:26:15,18655,63947,43850,5972288375,3,2,279825
ss2204,20220218,20220218,112615000,11:26:16,18650,63954,43851,5972941275,7,1,652900
ss2204,20220218,20220218,112615500,11:26:16,18650,63954,43851,5972941275,0,0,0
ss2204,20220218,20220218,112616000,11:26:16,18650,63954,43851,5972941275,0,0,0
ss2204,20220218,20220218,112616500,11:26:17,18650,63954,43851,5972941275,0,0,0
ss2204,20220218,20220218,112617000,11:26:17,18660,63955,43850,5973034575,1,-1,93300
ss2204,20220218,20220218,112617500,11:26:17,18655,63957,43852,5973221125,2,2,186550
ss2204,20220218,20220218,112618000,11:26:18,18655,63957,43852,5973221125,0,0,0
ss2204,20220218,20220218,112618500,11:26:19,18655,63958,43852,5973314400,1,0,93275
ss2204,20220218,20220218,112619000,11:26:19,18655,63958,43852,5973314400,0,0,0
ss2204,20220218,20220218,112619500,11:26:20,18655,63960,43852,5973500950,2,0,186550
ss2204,20220218,20220218,112620000,11:26:20,18650,63963,43854,5973780750,3,2,279800
ss2204,20220218,20220218,112620500,11:26:20,18650,63963,43854,5973780750,0,0,0
ss2204,20220218,20220218,112621000,11:26:21,18650,63963,43854,5973780750,0,0,0
ss2204,20220218,20220218,112621500,11:26:21,18650,63963,43854,5973780750,0,0,0
ss2204,20220218,20220218,112622000,11:26:22,18650,63963,43854,5973780750,0,0,0
ss2204,20220218,20220218,112622500,11:26:22,18655,63964,43854,5973874025,1,0,93275
ss2204,20220218,20220218,112623000,11:26:23,18655,63965,43854,5973967300,1,0,93275
ss2204,20220218,20220218,112623500,11:26:23,18655,63965,43854,5973967300,0,0,0
ss2204,20220218,20220218,112624000,11:26:24,18655,63965,43854,5973967300,0,0,0
ss2204,20220218,20220218,112624500,11:26:24,18655,63966,43854,5974060575,1,0,93275
ss2204,20220218,20220218,112625000,11:26:25,18655,63966,43854,5974060575,0,0,0
ss2204,20220218,20220218,112625500,11:26:26,18660,63971,43856,5974527075,5,2,466500
ss2204,20220218,20220218,112626000,11:26:26,18660,63971,43856,5974527075,0,0,0
ss2204,20220218,20220218,112626500,11:26:26,18660,63971,43856,5974527075,0,0,0
ss2204,20220218,20220218,112627000,11:26:27,18660,63971,43856,5974527075,0,0,0
ss2204,20220218,20220218,112627500,11:26:27,18660,63971,43856,5974527075,0,0,0
ss2204,20220218,20220218,112628000,11:26:28,18660,63971,43856,5974527075,0,0,0
ss2204,20220218,20220218,112628500,11:26:28,18655,63974,43855,5974806900,3,-1,279825
ss2204,20220218,20220218,112629000,11:26:29,18655,63974,43855,5974806900,0,0,0
ss2204,20220218,20220218,112629500,11:26:30,18655,63976,43855,5974993450,2,0,186550
ss2204,20220218,20220218,112630000,11:26:31,18655,63976,43855,5974993450,0,0,0
ss2204,20220218,20220218,112630500,11:26:31,18655,63976,43855,5974993450,0,0,0
ss2204,20220218,20220218,112631000,11:26:31,18655,63976,43855,5974993450,0,0,0
ss2204,20220218,20220218,112631500,11:26:32,18655,63976,43855,5974993450,0,0,0
ss2204,20220218,20220218,112632000,11:26:32,18655,63976,43855,5974993450,0,0,0
ss2204,20220218,20220218,112632500,11:26:32,18650,63977,43856,5975086700,1,1,93250
ss2204,20220218,20220218,112633000,11:26:33,18650,63978,43856,5975179950,1,0,93250
ss2204,20220218,20220218,112633500,11:26:34,18650,63978,43856,5975179950,0,0,0
ss2204,20220218,20220218,112634000,11:26:35,18650,63978,43856,5975179950,0,0,0
ss2204,20220218,20220218,112634500,11:26:37,18650,63978,43856,5975179950,0,0,0
ss2204,20220218,20220218,112635000,11:26:37,18650,63978,43856,5975179950,0,0,0
ss2204,20220218,20220218,112635500,11:26:37,18650,63978,43856,5975179950,0,0,0
ss2204,20220218,20220218,112637000,11:26:54,18655,63979,43855,5975273225,1,-1,93275
ss2204,20220218,20220218,112637500,11:27:10,18655,63981,43855,5975459775,2,0,186550
ss2204,20220218,20220218,112638000,11:27:10,18655,63981,43855,5975459775,0,0,0
ss2204,20220218,20220218,112638500,11:27:10,18655,63981,43855,5975459775,0,0,0
ss2204,20220218,20220218,112653500,11:27:12,18655,63981,43855,5975459775,0,0,0
ss2204,20220218,20220218,112710000,11:27:12,18655,63981,43855,5975459775,0,0,0
ss2204,20220218,20220218,112710500,11:27:12,18655,63981,43855,5975459775,0,0,0
ss2204,20220218,20220218,112712000,11:27:13,18655,63981,43855,5975459775,0,0,0
ss2204,20220218,20220218,112712500,11:27:13,18655,63981,43855,5975459775,0,0,0
ss2204,20220218,20220218,112713000,11:27:14,18655,63981,43855,5975459775,0,0,0
ss2204,20220218,20220218,112713500,11:27:14,18660,64026,43859,5979658900,45,4,4199125
ss2204,20220218,20220218,112714000,11:27:15,18660,64026,43859,5979658900,0,0,0
ss2204,20220218,20220218,112714500,11:27:15,18665,64027,43860,5979752225,1,1,93325
ss2204,20220218,20220218,112715000,11:27:16,18665,64027,43860,5979752225,0,0,0
ss2204,20220218,20220218,112715500,11:27:16,18665,64027,43860,5979752225,0,0,0
ss2204,20220218,20220218,112716000,11:27:17,18665,64027,43860,5979752225,0,0,0
ss2204,20220218,20220218,112716500,11:27:17,18665,64027,43860,5979752225,0,0,0
ss2204,20220218,20220218,112717000,11:27:17,18665,64027,43860,5979752225,0,0,0
ss2204,20220218,20220218,112717500,11:27:17,18665,64027,43860,5979752225,0,0,0
ss2204,20220218,20220218,112718000,11:27:18,18665,64027,43860,5979752225,0,0,0
ss2204,20220218,20220218,112718500,11:27:19,18665,64027,43860,5979752225,0,0,0
ss2204,20220218,20220218,112719000,11:27:19,18665,64027,43860,5979752225,0,0,0
ss2204,20220218,20220218,112719500,11:27:20,18665,64027,43860,5979752225,0,0,0
ss2204,20220218,20220218,112720000,11:27:20,18665,64027,43860,5979752225,0,0,0
ss2204,20220218,20220218,112720500,11:27:21,18665,64027,43860,5979752225,0,0,0
ss2204,20220218,20220218,112721000,11:27:21,18665,64027,43860,5979752225,0,0,0
ss2204,20220218,20220218,112721500,11:27:22,18665,64027,43860,5979752225,0,0,0
ss2204,20220218,20220218,112722000,11:27:22,18665,64027,43860,5979752225,0,0,0
ss2204,20220218,20220218,112722500,11:27:22,18665,64027,43860,5979752225,0,0,0
ss2204,20220218,20220218,112723000,11:27:26,18665,64027,43860,5979752225,0,0,0
ss2204,20220218,20220218,112723500,11:27:27,18665,64027,43860,5979752225,0,0,0
ss2204,20220218,20220218,112724000,11:27:27,18665,64027,43860,5979752225,0,0,0
ss2204,20220218,20220218,112726500,11:27:27,18665,64027,43860,5979752225,0,0,0
ss2204,20220218,20220218,112727000,11:27:27,18665,64027,43860,5979752225,0,0,0
ss2204,20220218,20220218,112727500,11:27:27,18665,64027,43860,5979752225,0,0,0
ss2204,20220218,20220218,112728000,11:27:28,18665,64027,43860,5979752225,0,0,0
ss2204,20220218,20220218,112728500,11:27:28,18665,64027,43860,5979752225,0,0,0
ss2204,20220218,20220218,112729000,11:27:29,18665,64027,43860,5979752225,0,0,0
ss2204,20220218,20220218,112729500,11:27:29,18665,64027,43860,5979752225,0,0,0
ss2204,20220218,20220218,112730000,11:27:30,18665,64028,43860,5979845550,1,0,93325
ss2204,20220218,20220218,112730500,11:27:31,18660,64029,43859,5979938850,1,-1,93300
ss2204,20220218,20220218,112731000,11:27:32,18660,64029,43859,5979938850,0,0,0
ss2204,20220218,20220218,112731500,11:27:35,18660,64030,43860,5980032150,1,1,93300
ss2204,20220218,20220218,112732000,11:27:36,18660,64030,43860,5980032150,0,0,0
ss2204,20220218,20220218,112732500,11:27:36,18660,64030,43860,5980032150,0,0,0
ss2204,20220218,20220218,112735500,11:27:36,18660,64030,43860,5980032150,0,0,0
ss2204,20220218,20220218,112736000,11:27:37,18660,64030,43860,5980032150,0,0,0
ss2204,20220218,20220218,112736500,11:27:38,18660,64030,43860,5980032150,0,0,0
ss2204,20220218,20220218,112737000,11:27:38,18660,64030,43860,5980032150,0,0,0
ss2204,20220218,20220218,112737500,11:27:38,18660,64030,43860,5980032150,0,0,0
ss2204,20220218,20220218,112738000,11:27:38,18660,64030,43860,5980032150,0,0,0
ss2204,20220218,20220218,112738500,11:27:39,18660,64030,43860,5980032150,0,0,0
ss2204,20220218,20220218,112739000,11:27:39,18660,64035,43859,5980498650,5,-1,466500
ss2204,20220218,20220218,112739500,11:27:39,18660,64036,43859,5980591950,1,0,93300
ss2204,20220218,20220218,112740000,11:27:40,18665,64039,43858,5980871875,3,-1,279925
ss2204,20220218,20220218,112740500,11:27:40,18660,64040,43858,5980965175,1,0,93300
ss2204,20220218,20220218,112741000,11:27:41,18660,64040,43858,5980965175,0,0,0
ss2204,20220218,20220218,112741500,11:27:42,18660,64040,43858,5980965175,0,0,0
ss2204,20220218,20220218,112742000,11:27:42,18660,64041,43858,5981058475,1,0,93300
ss2204,20220218,20220218,112742500,11:27:43,18650,64059,43865,5982737400,18,7,1678925
ss2204,20220218,20220218,112743000,11:27:43,18655,64060,43865,5982830675,1,0,93275
ss2204,20220218,20220218,112743500,11:27:43,18655,64062,43865,5983017225,2,0,186550
ss2204,20220218,20220218,112744000,11:27:44,18655,64065,43865,5983297050,3,0,279825
ss2204,20220218,20220218,112744500,11:27:45,18655,64065,43865,5983297050,0,0,0
ss2204,20220218,20220218,112745000,11:27:45,18660,64068,43862,5983576950,3,-3,279900
ss2204,20220218,20220218,112745500,11:27:46,18660,64068,43862,5983576950,0,0,0
ss2204,20220218,20220218,112746000,11:27:46,18660,64068,43862,5983576950,0,0,0
ss2204,20220218,20220218,112746500,11:27:47,18660,64068,43862,5983576950,0,0,0
ss2204,20220218,20220218,112747000,11:27:47,18660,64068,43862,5983576950,0,0,0
ss2204,20220218,20220218,112747500,11:27:47,18660,64068,43862,5983576950,0,0,0
ss2204,20220218,20220218,112748000,11:27:53,18660,64068,43862,5983576950,0,0,0
ss2204,20220218,20220218,112748500,11:27:54,18655,64071,43861,5983856775,3,-1,279825
ss2204,20220218,20220218,112749000,11:27:54,18655,64071,43861,5983856775,0,0,0
ss2204,20220218,20220218,112749500,11:27:54,18655,64072,43861,5983950050,1,0,93275
ss2204,20220218,20220218,112754000,11:27:54,18655,64122,43877,5988614850,50,16,4664800
ss2204,20220218,20220218,112754500,11:27:54,18655,64122,43877,5988614850,0,0,0
ss2204,20220218,20220218,112755000,11:27:55,18655,64122,43877,5988614850,0,0,0
ss2204,20220218,20220218,112755500,11:27:55,18655,64122,43877,5988614850,0,0,0
ss2204,20220218,20220218,112756000,11:27:56,18655,64122,43877,5988614850,0,0,0
ss2204,20220218,20220218,112756500,11:27:56,18655,64122,43877,5988614850,0,0,0
ss2204,20220218,20220218,112757000,11:27:57,18655,64122,43877,5988614850,0,0,0
ss2204,20220218,20220218,112757500,11:27:57,18655,64122,43877,5988614850,0,0,0
ss2204,20220218,20220218,112758000,11:27:58,18655,64122,43877,5988614850,0,0,0
ss2204,20220218,20220218,112758500,11:27:59,18655,64122,43877,5988614850,0,0,0
ss2204,20220218,20220218,112759000,11:27:59,18660,64128,43883,5989174525,6,6,559675
ss2204,20220218,20220218,112759500,11:27:59,18660,64128,43883,5989174525,0,0,0
ss2204,20220218,20220218,112800000,11:28:00,18660,64128,43883,5989174525,0,0,0
ss2204,20220218,20220218,112800500,11:28:01,18660,64128,43883,5989174525,0,0,0
ss2204,20220218,20220218,112801000,11:28:01,18660,64128,43883,5989174525,0,0,0
ss2204,20220218,20220218,112801500,11:28:02,18660,64134,43878,5989734325,6,-5,559800
ss2204,20220218,20220218,112802000,11:28:03,18660,64136,43877,5989920925,2,-1,186600
ss2204,20220218,20220218,112802500,11:28:03,18660,64136,43877,5989920925,0,0,0
ss2204,20220218,20220218,112803000,11:28:04,18660,64136,43877,5989920925,0,0,0
ss2204,20220218,20220218,112803500,11:28:04,18660,64136,43877,5989920925,0,0,0
ss2204,20220218,20220218,112804000,11:28:05,18660,64136,43877,5989920925,0,0,0
ss2204,20220218,20220218,112804500,11:28:05,18660,64136,43877,5989920925,0,0,0
ss2204,20220218,20220218,112805000,11:28:06,18655,64137,43878,5990014200,1,1,93275
ss2204,20220218,20220218,112805500,11:28:06,18655,64137,43878,5990014200,0,0,0
ss2204,20220218,20220218,112806000,11:28:10,18655,64137,43878,5990014200,0,0,0
ss2204,20220218,20220218,112806500,11:28:10,18655,64137,43878,5990014200,0,0,0
ss2204,20220218,20220218,112807000,11:28:10,18655,64137,43878,5990014200,0,0,0
ss2204,20220218,20220218,112810000,11:28:11,18655,64137,43878,5990014200,0,0,0
ss2204,20220218,20220218,112810500,11:28:12,18655,64137,43878,5990014200,0,0,0
ss2204,20220218,20220218,112811000,11:28:12,18655,64137,43878,5990014200,0,0,0
ss2204,20220218,20220218,112811500,11:28:12,18655,64137,43878,5990014200,0,0,0
ss2204,20220218,20220218,112812000,11:28:13,18655,64137,43878,5990014200,0,0,0
ss2204,20220218,20220218,112812500,11:28:13,18655,64137,43878,5990014200,0,0,0
ss2204,20220218,20220218,112813000,11:28:13,18655,64137,43878,5990014200,0,0,0
ss2204,20220218,20220218,112813500,11:28:14,18655,64137,43878,5990014200,0,0,0
ss2204,20220218,20220218,112814000,11:28:14,18655,64137,43878,5990014200,0,0,0
ss2204,20220218,20220218,112814500,11:28:14,18655,64137,43878,5990014200,0,0,0
ss2204,20220218,20220218,112815000,11:28:15,18655,64137,43878,5990014200,0,0,0
ss2204,20220218,20220218,112815500,11:28:15,18655,64137,43878,5990014200,0,0,0
ss2204,20220218,20220218,112816000,11:28:16,18665,64144,43872,5990667325,7,-6,653125
ss2204,20220218,20220218,112816500,11:28:16,18665,64144,43872,5990667325,0,0,0
ss2204,20220218,20220218,112817000,11:28:17,18665,64144,43872,5990667325,0,0,0
ss2204,20220218,20220218,112817500,11:28:17,18665,64144,43872,5990667325,0,0,0
ss2204,20220218,20220218,112818000,11:28:18,18660,64145,43871,5990760625,1,-1,93300
ss2204,20220218,20220218,112818500,11:28:18,18660,64145,43871,5990760625,0,0,0
ss2204,20220218,20220218,112819000,11:28:19,18665,64161,43856,5992253825,16,-15,1493200
ss2204,20220218,20220218,112819500,11:28:19,18670,64175,43859,5993560675,14,3,1306850
ss2204,20220218,20220218,112820000,11:28:20,18670,64176,43860,5993654025,1,1,93350
ss2204,20220218,20220218,112820500,11:28:20,18670,64176,43860,5993654025,0,0,0
ss2204,20220218,20220218,112821000,11:28:21,18670,64179,43857,5993934075,3,-3,280050
ss2204,20220218,20220218,112821500,11:28:22,18670,64179,43857,5993934075,0,0,0
ss2204,20220218,20220218,112822000,11:28:22,18670,64179,43857,5993934075,0,0,0
ss2204,20220218,20220218,112822500,11:28:22,18670,64179,43857,5993934075,0,0,0
ss2204,20220218,20220218,112823000,11:28:23,18670,64179,43857,5993934075,0,0,0
ss2204,20220218,20220218,112823500,11:28:23,18665,64180,43856,5994027400,1,-1,93325
ss2204,20220218,20220218,112824000,11:28:24,18665,64183,43857,5994307375,3,1,279975
ss2204,20220218,20220218,112824500,11:28:24,18665,64183,43857,5994307375,0,0,0
ss2204,20220218,20220218,112825000,11:28:25,18665,64183,43857,5994307375,0,0,0
ss2204,20220218,20220218,112825500,11:28:25,18665,64183,43857,5994307375,0,0,0
ss2204,20220218,20220218,112826000,11:28:26,18665,64183,43857,5994307375,0,0,0
ss2204,20220218,20220218,112826500,11:28:27,18665,64183,43857,5994307375,0,0,0
ss2204,20220218,20220218,112827000,11:28:27,18665,64183,43857,5994307375,0,0,0
ss2204,20220218,20220218,112827500,11:28:27,18665,64183,43857,5994307375,0,0,0
ss2204,20220218,20220218,112828000,11:28:28,18665,64183,43857,5994307375,0,0,0
ss2204,20220218,20220218,112828500,11:28:28,18665,64183,43857,5994307375,0,0,0
ss2204,20220218,20220218,112829000,11:28:29,18665,64186,43855,5994587350,3,-2,279975
ss2204,20220218,20220218,112829500,11:28:30,18665,64188,43857,5994774000,2,2,186650
ss2204,20220218,20220218,112830000,11:28:30,18665,64188,43857,5994774000,0,0,0
ss2204,20220218,20220218,112830500,11:28:31,18665,64188,43857,5994774000,0,0,0
ss2204,20220218,20220218,112831000,11:28:31,18665,64188,43857,5994774000,0,0,0
ss2204,20220218,20220218,112831500,11:28:31,18665,64188,43857,5994774000,0,0,0
ss2204,20220218,20220218,112832000,11:28:32,18665,64188,43857,5994774000,0,0,0
ss2204,20220218,20220218,112832500,11:28:33,18665,64188,43857,5994774000,0,0,0
ss2204,20220218,20220218,112833000,11:28:33,18665,64188,43857,5994774000,0,0,0
ss2204,20220218,20220218,112833500,11:28:34,18665,64188,43857,5994774000,0,0,0
ss2204,20220218,20220218,112834000,11:28:34,18665,64188,43857,5994774000,0,0,0
ss2204,20220218,20220218,112834500,11:28:34,18665,64188,43857,5994774000,0,0,0
ss2204,20220218,20220218,112835000,11:28:35,18665,64188,43857,5994774000,0,0,0
ss2204,20220218,20220218,112835500,11:28:37,18665,64189,43857,5994867325,1,0,93325
ss2204,20220218,20220218,112836000,11:28:37,18665,64191,43855,5995053975,2,-2,186650
ss2204,20220218,20220218,112836500,11:28:37,18665,64191,43855,5995053975,0,0,0
ss2204,20220218,20220218,112837000,11:28:37,18665,64191,43855,5995053975,0,0,0
ss2204,20220218,20220218,112837500,11:28:37,18665,64191,43855,5995053975,0,0,0
ss2204,20220218,20220218,112838000,11:28:38,18665,64191,43855,5995053975,0,0,0
ss2204,20220218,20220218,112838500,11:28:38,18665,64191,43855,5995053975,0,0,0
ss2204,20220218,20220218,112839000,11:28:40,18660,64192,43855,5995147275,1,0,93300
ss2204,20220218,20220218,112839500,11:28:40,18660,64192,43855,5995147275,0,0,0
ss2204,20220218,20220218,112840000,11:28:40,18660,64192,43855,5995147275,0,0,0
ss2204,20220218,20220218,112840500,11:28:40,18665,64196,43855,5995520575,4,0,373300
ss2204,20220218,20220218,112841000,11:28:41,18665,64196,43855,5995520575,0,0,0
ss2204,20220218,20220218,112841500,11:28:41,18665,64196,43855,5995520575,0,0,0
ss2204,20220218,20220218,112842000,11:28:42,18665,64196,43855,5995520575,0,0,0
ss2204,20220218,20220218,112842500,11:28:42,18665,64196,43855,5995520575,0,0,0
ss2204,20220218,20220218,112843000,11:28:43,18665,64196,43855,5995520575,0,0,0
ss2204,20220218,20220218,112843500,11:28:44,18665,64196,43855,5995520575,0,0,0
ss2204,20220218,20220218,112844000,11:28:44,18665,64196,43855,5995520575,0,0,0
ss2204,20220218,20220218,112844500,11:28:44,18665,64199,43855,5995800550,3,0,279975
ss2204,20220218,20220218,112845000,11:28:45,18665,64199,43855,5995800550,0,0,0
ss2204,20220218,20220218,112845500,11:28:46,18665,64199,43855,5995800550,0,0,0
ss2204,20220218,20220218,112846000,11:28:46,18665,64199,43855,5995800550,0,0,0
ss2204,20220218,20220218,112846500,11:28:46,18665,64199,43855,5995800550,0,0,0
ss2204,20220218,20220218,112847000,11:28:47,18665,64200,43854,5995893875,1,-1,93325
ss2204,20220218,20220218,112847500,11:28:48,18665,64202,43852,5996080525,2,-2,186650
ss2204,20220218,20220218,112848000,11:28:48,18665,64204,43852,5996267175,2,0,186650
ss2204,20220218,20220218,112848500,11:28:48,18665,64204,43852,5996267175,0,0,0
ss2204,20220218,20220218,112849000,11:28:49,18665,64204,43852,5996267175,0,0,0
ss2204,20220218,20220218,112849500,11:28:50,18670,64216,43845,5997387375,12,-7,1120200
ss2204,20220218,20220218,112850000,11:28:50,18670,64218,43843,5997574075,2,-2,186700
ss2204,20220218,20220218,112850500,11:28:50,18670,64228,43833,5998507575,10,-10,933500
ss2204,20220218,20220218,112851000,11:28:51,18670,64231,43831,5998787625,3,-2,280050
ss2204,20220218,20220218,112851500,11:28:51,18670,64232,43831,5998880975,1,0,93350
ss2204,20220218,20220218,112852000,11:28:53,18670,64232,43831,5998880975,0,0,0
ss2204,20220218,20220218,112852500,11:28:53,18670,64233,43831,5998974325,1,0,93350
ss2204,20220218,20220218,112853000,11:28:54,18670,64233,43831,5998974325,0,0,0
ss2204,20220218,20220218,112853500,11:28:54,18670,64233,43831,5998974325,0,0,0
ss2204,20220218,20220218,112854000,11:28:54,18670,64233,43831,5998974325,0,0,0
ss2204,20220218,20220218,112854500,11:28:54,18670,64233,43831,5998974325,0,0,0
ss2204,20220218,20220218,112855000,11:28:55,18670,64233,43831,5998974325,0,0,0
ss2204,20220218,20220218,112855500,11:28:56,18670,64233,43831,5998974325,0,0,0
ss2204,20220218,20220218,112856000,11:28:56,18675,64234,43831,5999067700,1,0,93375
ss2204,20220218,20220218,112856500,11:28:56,18675,64234,43831,5999067700,0,0,0
ss2204,20220218,20220218,112857000,11:28:57,18675,64234,43831,5999067700,0,0,0
ss2204,20220218,20220218,112857500,11:28:58,18675,64234,43831,5999067700,0,0,0
ss2204,20220218,20220218,112858000,11:28:59,18675,64234,43831,5999067700,0,0,0
ss2204,20220218,20220218,112858500,11:28:59,18675,64234,43831,5999067700,0,0,0
ss2204,20220218,20220218,112859000,11:28:59,18670,64236,43831,5999254400,2,0,186700
ss2204,20220218,20220218,112859500,11:29:00,18670,64236,43831,5999254400,0,0,0
ss2204,20220218,20220218,112900000,11:29:00,18670,64238,43832,5999441100,2,1,186700
ss2204,20220218,20220218,112900500,11:29:01,18670,64238,43832,5999441100,0,0,0
ss2204,20220218,20220218,112901000,11:29:01,18670,64241,43832,5999721150,3,0,280050
ss2204,20220218,20220218,112901500,11:29:02,18670,64252,43825,6000748225,11,-7,1027075
ss2204,20220218,20220218,112902000,11:29:03,18675,64255,43826,6001028325,3,1,280100
ss2204,20220218,20220218,112902500,11:29:03,18675,64261,43828,6001588575,6,2,560250
ss2204,20220218,20220218,112903000,11:29:03,18675,64261,43828,6001588575,0,0,0
ss2204,20220218,20220218,112903500,11:29:04,18675,64261,43828,6001588575,0,0,0
ss2204,20220218,20220218,112904000,11:29:04,18675,64262,43829,6001681950,1,1,93375
ss2204,20220218,20220218,112904500,11:29:04,18675,64262,43829,6001681950,0,0,0
ss2204,20220218,20220218,112905000,11:29:05,18675,64262,43829,6001681950,0,0,0
ss2204,20220218,20220218,112905500,11:29:06,18675,64262,43829,6001681950,0,0,0
ss2204,20220218,20220218,112906000,11:29:06,18675,64262,43829,6001681950,0,0,0
ss2204,20220218,20220218,112906500,11:29:06,18675,64262,43829,6001681950,0,0,0
ss2204,20220218,20220218,112907000,11:29:08,18680,64263,43830,6001775350,1,1,93400
ss2204,20220218,20220218,112907500,11:29:08,18675,64265,43830,6001962125,2,0,186775
ss2204,20220218,20220218,112908000,11:29:08,18680,64266,43831,6002055525,1,1,93400
ss2204,20220218,20220218,112908500,11:29:08,18680,64266,43831,6002055525,0,0,0
ss2204,20220218,20220218,112909000,11:29:09,18680,64268,43830,6002242325,2,-1,186800
ss2204,20220218,20220218,112909500,11:29:09,18680,64268,43830,6002242325,0,0,0
ss2204,20220218,20220218,112910000,11:29:10,18680,64269,43829,6002335725,1,-1,93400
ss2204,20220218,20220218,112910500,11:29:10,18680,64269,43829,6002335725,0,0,0
ss2204,20220218,20220218,112911000,11:29:11,18680,64271,43828,6002522525,2,-1,186800
ss2204,20220218,20220218,112911500,11:29:12,18680,64271,43828,6002522525,0,0,0
ss2204,20220218,20220218,112912000,11:29:12,18680,64271,43828,6002522525,0,0,0
ss2204,20220218,20220218,112912500,11:29:12,18675,64272,43829,6002615900,1,1,93375
ss2204,20220218,20220218,112913000,11:29:13,18675,64274,43829,6002802650,2,0,186750
ss2204,20220218,20220218,112913500,11:29:14,18675,64275,43828,6002896025,1,-1,93375
ss2204,20220218,20220218,112914000,11:29:14,18675,64280,43823,6003362900,5,-5,466875
ss2204,20220218,20220218,112914500,11:29:15,18670,64281,43823,6003456250,1,0,93350
ss2204,20220218,20220218,112915000,11:29:15,18670,64281,43823,6003456250,0,0,0
ss2204,20220218,20220218,112915500,11:29:16,18670,64281,43823,6003456250,0,0,0
ss2204,20220218,20220218,112916000,11:29:16,18670,64281,43823,6003456250,0,0,0
ss2204,20220218,20220218,112916500,11:29:18,18670,64281,43823,6003456250,0,0,0
ss2204,20220218,20220218,112917000,11:29:20,18670,64281,43823,6003456250,0,0,0
ss2204,20220218,20220218,112917500,11:29:21,18670,64281,43823,6003456250,0,0,0
ss2204,20220218,20220218,112918000,11:29:21,18675,64282,43823,6003549625,1,0,93375
ss2204,20220218,20220218,112920500,11:29:22,18675,64282,43823,6003549625,0,0,0
ss2204,20220218,20220218,112921000,11:29:22,18675,64282,43823,6003549625,0,0,0
ss2204,20220218,20220218,112921500,11:29:24,18675,64282,43823,6003549625,0,0,0
ss2204,20220218,20220218,112922000,11:29:24,18675,64282,43823,6003549625,0,0,0
ss2204,20220218,20220218,112922500,11:29:24,18675,64282,43823,6003549625,0,0,0
ss2204,20220218,20220218,112923000,11:29:24,18675,64282,43823,6003549625,0,0,0
ss2204,20220218,20220218,112924000,11:29:24,18675,64283,43823,6003643000,1,0,93375
ss2204,20220218,20220218,112924500,11:29:24,18675,64283,43823,6003643000,0,0,0
ss2204,20220218,20220218,112925000,11:29:25,18675,64283,43823,6003643000,0,0,0
ss2204,20220218,20220218,112925500,11:29:25,18675,64283,43823,6003643000,0,0,0
ss2204,20220218,20220218,112926000,11:29:26,18675,64283,43823,6003643000,0,0,0
ss2204,20220218,20220218,112926500,11:29:26,18675,64283,43823,6003643000,0,0,0
ss2204,20220218,20220218,112927000,11:29:27,18675,64283,43823,6003643000,0,0,0
ss2204,20220218,20220218,112927500,11:29:27,18675,64283,43823,6003643000,0,0,0
ss2204,20220218,20220218,112928000,11:29:28,18670,64284,43823,6003736350,1,0,93350
ss2204,20220218,20220218,112928500,11:29:28,18670,64285,43823,6003829700,1,0,93350
ss2204,20220218,20220218,112929000,11:29:29,18670,64289,43821,6004203100,4,-2,373400
ss2204,20220218,20220218,112929500,11:29:29,18670,64293,43822,6004576500,4,1,373400
ss2204,20220218,20220218,112930000,11:29:30,18670,64293,43822,6004576500,0,0,0
ss2204,20220218,20220218,112930500,11:29:30,18665,64294,43823,6004669825,1,1,93325
ss2204,20220218,20220218,112931000,11:29:32,18670,64296,43821,6004856525,2,-2,186700
ss2204,20220218,20220218,112931500,11:29:32,18670,64297,43822,6004949875,1,1,93350
ss2204,20220218,20220218,112932000,11:29:32,18670,64297,43822,6004949875,0,0,0
ss2204,20220218,20220218,112932500,11:29:36,18670,64297,43822,6004949875,0,0,0
ss2204,20220218,20220218,112933000,11:29:37,18670,64297,43822,6004949875,0,0,0
ss2204,20220218,20220218,112933500,11:29:38,18670,64297,43822,6004949875,0,0,0
ss2204,20220218,20220218,112936500,11:29:38,18670,64299,43821,6005136575,2,-1,186700
ss2204,20220218,20220218,112937500,11:29:38,18670,64299,43821,6005136575,0,0,0
ss2204,20220218,20220218,112938000,11:29:38,18670,64299,43821,6005136575,0,0,0
ss2204,20220218,20220218,112938500,11:29:39,18670,64299,43821,6005136575,0,0,0
ss2204,20220218,20220218,112939000,11:29:39,18665,64308,43824,6005976675,9,3,840100
ss2204,20220218,20220218,112939500,11:29:40,18665,64308,43824,6005976675,0,0,0
ss2204,20220218,20220218,112940000,11:29:40,18665,64308,43824,6005976675,0,0,0
ss2204,20220218,20220218,112940500,11:29:40,18665,64308,43824,6005976675,0,0,0
ss2204,20220218,20220218,112942000,11:29:44,18665,64308,43824,6005976675,0,0,0
ss2204,20220218,20220218,112944500,11:29:46,18665,64312,43821,6006350050,4,-3,373375
ss2204,20220218,20220218,112945000,11:29:46,18665,64313,43820,6006443375,1,-1,93325
ss2204,20220218,20220218,112945500,11:29:46,18665,64313,43820,6006443375,0,0,0
ss2204,20220218,20220218,112946000,11:29:46,18665,64314,43820,6006536700,1,0,93325
ss2204,20220218,20220218,112948000,11:29:49,18665,64315,43820,6006630025,1,0,93325
ss2204,20220218,20220218,112948500,11:29:50,18665,64315,43820,6006630025,0,0,0
ss2204,20220218,20220218,112949000,11:29:50,18665,64315,43820,6006630025,0,0,0
ss2204,20220218,20220218,112949500,11:29:50,18665,64315,43820,6006630025,0,0,0
ss2204,20220218,20220218,112950000,11:29:51,18670,64320,43822,6007096825,5,2,466800
ss2204,20220218,20220218,112950500,11:29:51,18670,64322,43822,6007283525,2,0,186700
ss2204,20220218,20220218,112951000,11:29:52,18675,64323,43823,6007376900,1,1,93375
ss2204,20220218,20220218,112952000,11:29:53,18665,64324,43822,6007470225,1,-1,93325
ss2204,20220218,20220218,112952500,11:29:53,18660,64330,43820,6008030100,6,-2,559875
ss2204,20220218,20220218,112953000,11:29:53,18665,64332,43818,6008216750,2,-2,186650
ss2204,20220218,20220218,112953500,11:29:54,18665,64332,43818,6008216750,0,0,0
ss2204,20220218,20220218,112954500,11:29:54,18665,64332,43818,6008216750,0,0,0
ss2204,20220218,20220218,112955000,11:29:55,18665,64332,43818,6008216750,0,0,0
ss2204,20220218,20220218,112955500,11:29:56,18665,64332,43818,6008216750,0,0,0
ss2204,20220218,20220218,112957000,11:30:01,18665,64332,43818,6008216750,0,0,0
ss2204,20220218,20220218,112957500,11:30:02,18665,64332,43818,6008216750,0,0,0
ss2204,20220218,20220218,112959500,11:30:03,18665,64332,43818,6008216750,0,0,0
ss2204,20220218,20220218,113000000,11:30:03,18665,64332,43818,6008216750,0,0,0
ss2204,20220218,20220218,113001000,11:30:03,18660,64333,43818,6008310050,1,0,93300
ss2204,20220218,20220218,113001500,11:30:03,18660,64333,43818,6008310050,0,0,0
ss2204,20220218,20220218,133002000,13:30:08,18665,64341,43814,6009056525,8,-4,746475
ss2204,20220218,20220218,133002500,13:30:10,18660,64351,43817,6009989850,10,3,933325
ss2204,20220218,20220218,133008000,13:30:10,18655,64373,43828,6012042750,22,11,2052900
ss2204,20220218,20220218,133009500,13:30:11,18655,64373,43828,6012042750,0,0,0
ss2204,20220218,20220218,133010000,13:30:11,18655,64373,43828,6012042750,0,0,0
ss2204,20220218,20220218,133011000,13:30:13,18655,64389,43832,6013535150,16,4,1492400
ss2204,20220218,20220218,133011500,13:30:13,18645,64406,43830,6015120125,17,-2,1584975
ss2204,20220218,20220218,133012500,13:30:13,18645,64406,43830,6015120125,0,0,0
ss2204,20220218,20220218,133013000,13:30:14,18650,64429,43819,6017264275,23,-11,2144150
ss2204,20220218,20220218,133013500,13:30:14,18650,64434,43821,6017730525,5,2,466250
ss2204,20220218,20220218,133014000,13:30:15,18650,64435,43822,6017823775,1,1,93250
ss2204,20220218,20220218,133014500,13:30:16,18650,64441,43826,6018383275,6,4,559500
ss2204,20220218,20220218,133015000,13:30:17,18650,64441,43826,6018383275,0,0,0
ss2204,20220218,20220218,133016500,13:30:18,18650,64441,43826,6018383275,0,0,0
ss2204,20220218,20220218,133017000,13:30:18,18660,64452,43833,6019409325,11,7,1026050
ss2204,20220218,20220218,133017500,13:30:19,18660,64453,43832,6019502625,1,-1,93300
ss2204,20220218,20220218,133018000,13:30:19,18655,64458,43834,6019969000,5,2,466375
ss2204,20220218,20220218,133018500,13:30:20,18650,64462,43834,6020342050,4,0,373050
ss2204,20220218,20220218,133019000,13:30:20,18650,64479,43826,6021927300,17,-8,1585250
ss2204,20220218,20220218,133019500,13:30:20,18655,64480,43825,6022020575,1,-1,93275
ss2204,20220218,20220218,133020000,13:30:21,18650,64483,43825,6022300325,3,0,279750
ss2204,20220218,20220218,133020500,13:30:21,18650,64483,43825,6022300325,0,0,0
ss2204,20220218,20220218,133021000,13:30:21,18650,64483,43825,6022300325,0,0,0
ss2204,20220218,20220218,133021500,13:30:22,18650,64483,43825,6022300325,0,0,0
ss2204,20220218,20220218,133022000,13:30:38,18650,64486,43827,6022580075,3,2,279750
ss2204,20220218,20220218,133022500,13:30:38,18650,64486,43827,6022580075,0,0,0
ss2204,20220218,20220218,133023000,13:30:38,18650,64486,43827,6022580075,0,0,0
ss2204,20220218,20220218,133038000,13:30:41,18660,64515,43829,6025285700,29,2,2705625
ss2204,20220218,20220218,133038500,13:30:41,18660,64515,43829,6025285700,0,0,0
ss2204,20220218,20220218,133040500,13:30:43,18670,64520,43831,6025752425,5,2,466725
ss2204,20220218,20220218,133041000,13:30:43,18670,64520,43831,6025752425,0,0,0
ss2204,20220218,20220218,133041500,13:30:43,18670,64520,43831,6025752425,0,0,0
ss2204,20220218,20220218,133042500,13:30:44,18665,64528,43835,6026499025,8,4,746600
ss2204,20220218,20220218,133043000,13:30:44,18665,64532,43835,6026872325,4,0,373300
ss2204,20220218,20220218,133044500,13:30:46,18665,64532,43835,6026872325,0,0,0
ss2204,20220218,20220218,133045000,13:30:46,18665,64532,43835,6026872325,0,0,0
ss2204,20220218,20220218,133046000,13:30:47,18665,64532,43835,6026872325,0,0,0
ss2204,20220218,20220218,133046500,13:30:47,18670,64543,43842,6027899125,11,7,1026800
ss2204,20220218,20220218,133047000,13:30:48,18675,64575,43840,6030887125,32,-2,2988000
ss2204,20220218,20220218,133047500,13:30:48,18675,64575,43840,6030887125,0,0,0
ss2204,20220218,20220218,133048000,13:30:48,18675,64580,43844,6031354000,5,4,466875
ss2204,20220218,20220218,133048500,13:30:49,18675,64580,43844,6031354000,0,0,0
ss2204,20220218,20220218,133049000,13:30:49,18675,64580,43844,6031354000,0,0,0
ss2204,20220218,20220218,133049500,13:30:50,18675,64580,43844,6031354000,0,0,0
ss2204,20220218,20220218,133050000,13:30:51,18675,64580,43844,6031354000,0,0,0
ss2204,20220218,20220218,133050500,13:30:51,18675,64580,43844,6031354000,0,0,0
ss2204,20220218,20220218,133051500,13:30:52,18675,64580,43844,6031354000,0,0,0
ss2204,20220218,20220218,133052000,13:30:53,18670,64581,43843,6031447350,1,-1,93350
ss2204,20220218,20220218,133052500,13:30:54,18670,64589,43841,6032194150,8,-2,746800
ss2204,20220218,20220218,133053000,13:30:54,18670,64594,43841,6032660900,5,0,466750
ss2204,20220218,20220218,133053500,13:30:54,18670,64596,43842,6032847600,2,1,186700
ss2204,20220218,20220218,133054000,13:30:55,18670,64596,43842,6032847600,0,0,0
ss2204,20220218,20220218,133054500,13:30:55,18670,64596,43842,6032847600,0,0,0
ss2204,20220218,20220218,133056000,13:30:57,18670,64596,43842,6032847600,0,0,0
ss2204,20220218,20220218,133057000,13:30:58,18665,64597,43843,6032940925,1,1,93325
ss2204,20220218,20220218,133058000,13:30:58,18665,64597,43843,6032940925,0,0,0
ss2204,20220218,20220218,133058500,13:30:59,18665,64597,43843,6032940925,0,0,0
ss2204,20220218,20220218,133059000,13:30:59,18665,64597,43843,6032940925,0,0,0
ss2204,20220218,20220218,133059500,13:31:00,18670,64604,43844,6033594375,7,1,653450
ss2204,20220218,20220218,133100000,13:31:00,18675,64605,43843,6033687750,1,-1,93375
ss2204,20220218,20220218,133100500,13:31:00,18675,64606,43843,6033781125,1,0,93375
ss2204,20220218,20220218,133101000,13:31:01,18675,64606,43843,6033781125,0,0,0
ss2204,20220218,20220218,133101500,13:31:01,18680,64608,43843,6033967925,2,0,186800
ss2204,20220218,20220218,133102000,13:31:02,18680,64608,43843,6033967925,0,0,0
ss2204,20220218,20220218,133102500,13:31:03,18680,64619,43840,6034995325,11,-3,1027400
ss2204,20220218,20220218,133103000,13:31:03,18680,64619,43840,6034995325,0,0,0
ss2204,20220218,20220218,133103500,13:31:04,18680,64619,43840,6034995325,0,0,0
ss2204,20220218,20220218,133104000,13:31:06,18680,64619,43840,6034995325,0,0,0
ss2204,20220218,20220218,133104500,13:31:07,18680,64619,43840,6034995325,0,0,0
ss2204,20220218,20220218,133105500,13:31:08,18680,64619,43840,6034995325,0,0,0
ss2204,20220218,20220218,133107000,13:31:09,18680,64621,43838,6035182125,2,-2,186800
ss2204,20220218,20220218,133107500,13:31:09,18680,64621,43838,6035182125,0,0,0
ss2204,20220218,20220218,133108500,13:31:09,18685,64631,43839,6036116350,10,1,934225
ss2204,20220218,20220218,133109000,13:31:09,18685,64632,43839,6036209775,1,0,93425
ss2204,20220218,20220218,133109500,13:31:10,18685,64632,43839,6036209775,0,0,0
ss2204,20220218,20220218,133110000,13:31:11,18685,64632,43839,6036209775,0,0,0
ss2204,20220218,20220218,133110500,13:31:11,18690,64634,43840,6036396675,2,1,186900
ss2204,20220218,20220218,133111000,13:31:11,18685,64637,43840,6036676950,3,0,280275
ss2204,20220218,20220218,133111500,13:31:12,18685,64637,43840,6036676950,0,0,0
ss2204,20220218,20220218,133112000,13:31:12,18685,64637,43840,6036676950,0,0,0
ss2204,20220218,20220218,133112500,13:31:13,18680,64661,43856,6038918550,24,16,2241600
ss2204,20220218,20220218,133113000,13:31:13,18680,64661,43856,6038918550,0,0,0
ss2204,20220218,20220218,133113500,13:31:14,18680,64661,43856,6038918550,0,0,0
ss2204,20220218,20220218,133114000,13:31:15,18680,64661,43856,6038918550,0,0,0
ss2204,20220218,20220218,133114500,13:31:15,18680,64661,43856,6038918550,0,0,0
ss2204,20220218,20220218,133115000,13:31:15,18675,64663,43856,6039105300,2,0,186750
ss2204,20220218,20220218,133115500,13:31:16,18680,64668,43854,6039572300,5,-2,467000
ss2204,20220218,20220218,133116000,13:31:16,18680,64668,43854,6039572300,0,0,0
ss2204,20220218,20220218,133116500,13:31:17,18675,64669,43854,6039665675,1,0,93375
ss2204,20220218,20220218,133117000,13:31:17,18675,64669,43854,6039665675,0,0,0
ss2204,20220218,20220218,133117500,13:31:18,18675,64669,43854,6039665675,0,0,0
ss2204,20220218,20220218,133118500,13:31:19,18675,64669,43854,6039665675,0,0,0
ss2204,20220218,20220218,133119500,13:31:20,18675,64669,43854,6039665675,0,0,0
ss2204,20220218,20220218,133120500,13:31:21,18675,64669,43854,6039665675,0,0,0
ss2204,20220218,20220218,133121000,13:31:21,18675,64669,43854,6039665675,0,0,0
ss2204,20220218,20220218,133121500,13:31:22,18680,64671,43855,6039852475,2,1,186800
ss2204,20220218,20220218,133122000,13:31:22,18680,64671,43855,6039852475,0,0,0
ss2204,20220218,20220218,133123000,13:31:25,18680,64671,43855,6039852475,0,0,0
ss2204,20220218,20220218,133123500,13:31:25,18680,64672,43854,6039945875,1,-1,93400
ss2204,20220218,20220218,133124000,13:31:25,18685,64673,43854,6040039300,1,0,93425
ss2204,20220218,20220218,133156000,13:31:56,18680,64679,43851,6040599825,6,-3,560525
ss2204,20220218,20220218,133158000,13:31:58,18680,64679,43851,6040599825,0,0,0
ss2204,20220218,20220218,133158500,13:31:58,18680,64679,43851,6040599825,0,0,0
ss2204,20220218,20220218,133159500,13:32:00,18685,64680,43851,6040693250,1,0,93425
ss2204,20220218,20220218,133201000,13:32:01,18665,64803,43862,6052179600,123,11,11486350
ss2204,20220218,20220218,133201500,13:32:01,18665,64803,43862,6052179600,0,0,0
ss2204,20220218,20220218,133202000,13:32:03,18665,64803,43862,6052179600,0,0,0
ss2204,20220218,20220218,133202500,13:32:04,18665,64803,43862,6052179600,0,0,0
ss2204,20220218,20220218,133203000,13:32:05,18665,64803,43862,6052179600,0,0,0
ss2204,20220218,20220218,133203500,13:32:05,18665,64805,43861,6052366250,2,-1,186650
ss2204,20220218,20220218,133204000,13:32:05,18665,64806,43861,6052459575,1,0,93325
ss2204,20220218,20220218,133205000,13:32:06,18665,64809,43862,6052739600,3,1,280025
ss2204,20220218,20220218,133205500,13:32:06,18665,64812,43862,6053019575,3,0,279975
ss2204,20220218,20220218,133206000,13:32:07,18665,64814,43863,6053206225,2,1,186650
ss2204,20220218,20220218,133206500,13:32:07,18665,64814,43863,6053206225,0,0,0
ss2204,20220218,20220218,133207000,13:32:07,18660,64815,43862,6053299525,1,-1,93300
ss2204,20220218,20220218,133207500,13:32:07,18660,64815,43862,6053299525,0,0,0
ss2204,20220218,20220218,133208000,13:32:09,18660,64815,43862,6053299525,0,0,0
ss2204,20220218,20220218,133208500,13:32:10,18660,64815,43862,6053299525,0,0,0
ss2204,20220218,20220218,133209000,13:32:10,18660,64815,43862,6053299525,0,0,0
ss2204,20220218,20220218,133209500,13:32:10,18660,64816,43862,6053392825,1,0,93300
ss2204,20220218,20220218,133210000,13:32:11,18660,64827,43867,6054419125,11,5,1026300
ss2204,20220218,20220218,133210500,13:32:13,18655,64834,43869,6055072050,7,2,652925
ss2204,20220218,20220218,133211000,13:32:14,18655,64845,43873,6056098075,11,4,1026025
ss2204,20220218,20220218,133213000,13:32:15,18655,64845,43873,6056098075,0,0,0
ss2204,20220218,20220218,133214000,13:32:15,18650,64894,43895,6060667975,49,22,4569900
ss2204,20220218,20220218,133214500,13:32:16,18650,64894,43895,6060667975,0,0,0
ss2204,20220218,20220218,133215000,13:32:16,18650,64903,43892,6061507350,9,-3,839375
ss2204,20220218,20220218,133215500,13:32:16,18660,64908,43894,6061973775,5,2,466425
ss2204,20220218,20220218,133216000,13:32:17,18660,64908,43894,6061973775,0,0,0
ss2204,20220218,20220218,133216500,13:32:17,18660,64908,43894,6061973775,0,0,0
ss2204,20220218,20220218,133217000,13:32:17,18655,64912,43896,6062346875,4,2,373100
ss2204,20220218,20220218,133217500,13:32:18,18655,64912,43896,6062346875,0,0,0
ss2204,20220218,20220218,133218000,13:32:18,18655,64912,43896,6062346875,0,0,0
ss2204,20220218,20220218,133218500,13:32:19,18655,64912,43896,6062346875,0,0,0
ss2204,20220218,20220218,133219000,13:32:20,18655,64912,43896,6062346875,0,0,0
ss2204,20220218,20220218,133219500,13:32:20,18655,64913,43896,6062440150,1,0,93275
ss2204,20220218,20220218,133220000,13:32:20,18655,64913,43896,6062440150,0,0,0
ss2204,20220218,20220218,133220500,13:32:21,18655,64916,43897,6062719975,3,1,279825
ss2204,20220218,20220218,133221000,13:32:21,18655,64918,43897,6062906525,2,0,186550
ss2204,20220218,20220218,133221500,13:32:22,18655,64918,43897,6062906525,0,0,0
ss2204,20220218,20220218,133222000,13:32:22,18655,64918,43897,6062906525,0,0,0
ss2204,20220218,20220218,133222500,13:32:24,18655,64920,43895,6063093075,2,-2,186550
ss2204,20220218,20220218,133223000,13:32:24,18655,64920,43895,6063093075,0,0,0
ss2204,20220218,20220218,133223500,13:32:24,18655,64920,43895,6063093075,0,0,0
ss2204,20220218,20220218,133224000,13:32:24,18655,64920,43895,6063093075,0,0,0
ss2204,20220218,20220218,133224500,13:32:25,18655,64920,43895,6063093075,0,0,0
ss2204,20220218,20220218,133225000,13:32:25,18655,64920,43895,6063093075,0,0,0
ss2204,20220218,20220218,133225500,13:32:25,18655,64920,43895,6063093075,0,0,0
ss2204,20220218,20220218,133226000,13:32:27,18655,64922,43896,6063279600,2,1,186525
ss2204,20220218,20220218,133226500,13:32:27,18655,64922,43896,6063279600,0,0,0
ss2204,20220218,20220218,133227000,13:32:27,18655,64922,43896,6063279600,0,0,0
ss2204,20220218,20220218,133227500,13:32:28,18655,64922,43896,6063279600,0,0,0
ss2204,20220218,20220218,133228000,13:32:32,18650,64924,43896,6063466125,2,0,186525
ss2204,20220218,20220218,133228500,13:32:32,18650,64924,43896,6063466125,0,0,0
ss2204,20220218,20220218,133229000,13:32:33,18655,64931,43897,6064119050,7,1,652925
ss2204,20220218,20220218,133232000,13:32:35,18655,64931,43897,6064119050,0,0,0
ss2204,20220218,20220218,133232500,13:32:35,18655,64931,43897,6064119050,0,0,0
ss2204,20220218,20220218,133234500,13:32:36,18655,64931,43897,6064119050,0,0,0
ss2204,20220218,20220218,133235000,13:32:36,18650,64955,43888,6066357050,24,-9,2238000
ss2204,20220218,20220218,133235500,13:32:36,18650,64961,43890,6066916550,6,2,559500
ss2204,20220218,20220218,133236000,13:32:37,18650,64963,43891,6067103050,2,1,186500
ss2204,20220218,20220218,133236500,13:32:37,18650,64974,43892,6068128800,11,1,1025750
ss2204,20220218,20220218,133237000,13:32:37,18650,64974,43892,6068128800,0,0,0
ss2204,20220218,20220218,133237500,13:32:37,18650,64974,43892,6068128800,0,0,0
ss2204,20220218,20220218,133238000,13:32:38,18650,64977,43893,6068408550,3,1,279750
ss2204,20220218,20220218,133238500,13:32:39,18650,64980,43893,6068688300,3,0,279750
ss2204,20220218,20220218,133239000,13:32:39,18650,64980,43893,6068688300,0,0,0
ss2204,20220218,20220218,133239500,13:32:40,18650,64981,43893,6068781550,1,0,93250
ss2204,20220218,20220218,133240000,13:32:40,18650,64981,43893,6068781550,0,0,0
ss2204,20220218,20220218,133240500,13:32:41,18645,64990,43900,6069620575,9,7,839025
ss2204,20220218,20220218,133241000,13:32:41,18645,64997,43903,6070273150,7,3,652575
ss2204,20220218,20220218,133241500,13:32:42,18645,64999,43903,6070459600,2,0,186450
ss2204,20220218,20220218,133242000,13:32:42,18645,65002,43901,6070739275,3,-2,279675
ss2204,20220218,20220218,133242500,13:32:42,18645,65004,43902,6070925725,2,1,186450
ss2204,20220218,20220218,133243000,13:32:43,18645,65005,43902,6071018950,1,0,93225
ss2204,20220218,20220218,133243500,13:32:43,18645,65005,43902,6071018950,0,0,0
ss2204,20220218,20220218,133244000,13:32:44,18645,65005,43902,6071018950,0,0,0
ss2204,20220218,20220218,133244500,13:32:45,18645,65005,43902,6071018950,0,0,0
ss2204,20220218,20220218,133245000,13:32:45,18645,65005,43902,6071018950,0,0,0
ss2204,20220218,20220218,133245500,13:32:45,18645,65005,43902,6071018950,0,0,0
ss2204,20220218,20220218,133246000,13:32:47,18645,65005,43902,6071018950,0,0,0
ss2204,20220218,20220218,133246500,13:32:47,18645,65005,43902,6071018950,0,0,0
ss2204,20220218,20220218,133247000,13:32:47,18645,65005,43902,6071018950,0,0,0
ss2204,20220218,20220218,133247500,13:32:48,18640,65007,43902,6071205350,2,0,186400
ss2204,20220218,20220218,133248000,13:32:48,18640,65015,43906,6071950950,8,4,745600
ss2204,20220218,20220218,133248500,13:32:49,18640,65150,43867,6084532950,135,-39,12582000
ss2204,20220218,20220218,133249000,13:32:49,18630,65203,43900,6089471125,53,33,4938175
ss2204,20220218,20220218,133249500,13:32:50,18630,65212,43908,6090309475,9,8,838350
ss2204,20220218,20220218,133250000,13:32:50,18630,65231,43909,6092079200,19,1,1769725
ss2204,20220218,20220218,133250500,13:32:52,18625,65233,43909,6092265475,2,0,186275
ss2204,20220218,20220218,133251000,13:32:52,18630,65238,43908,6092731225,5,-1,465750
ss2204,20220218,20220218,133251500,13:32:53,18630,65243,43908,6093196950,5,0,465725
ss2204,20220218,20220218,133252500,13:32:53,18625,65252,43909,6094035100,9,1,838150
ss2204,20220218,20220218,133253000,13:32:53,18625,65254,43909,6094221350,2,0,186250
ss2204,20220218,20220218,133253500,13:32:54,18630,65256,43910,6094407650,2,1,186300
ss2204,20220218,20220218,133254000,13:32:54,18630,65259,43912,6094687100,3,2,279450
ss2204,20220218,20220218,133254500,13:32:55,18630,65259,43912,6094687100,0,0,0
ss2204,20220218,20220218,133255000,13:32:55,18625,65260,43912,6094780225,1,0,93125
ss2204,20220218,20220218,133255500,13:32:55,18625,65261,43913,6094873350,1,1,93125
ss2204,20220218,20220218,133256000,13:32:56,18625,65264,43916,6095152725,3,3,279375
ss2204,20220218,20220218,133256500,13:32:56,18625,65268,43917,6095525200,4,1,372475
ss2204,20220218,20220218,133257000,13:32:59,18625,65291,43919,6097666750,23,2,2141550
ss2204,20220218,20220218,133257500,13:33:00,18625,65293,43919,6097853000,2,0,186250
ss2204,20220218,20220218,133258000,13:33:00,18630,65294,43918,6097946150,1,-1,93150
ss2204,20220218,20220218,133258500,13:33:00,18630,65294,43918,6097946150,0,0,0
ss2204,20220218,20220218,133259500,13:33:01,18630,65306,43928,6099063950,12,10,1117800
ss2204,20220218,20220218,133300000,13:33:01,18635,65308,43929,6099250300,2,1,186350
ss2204,20220218,20220218,133300500,13:33:01,18630,65312,43926,6099622975,4,-3,372675
ss2204,20220218,20220218,133301000,13:33:02,18630,65312,43926,6099622975,0,0,0
ss2204,20220218,20220218,133301500,13:33:02,18630,65313,43926,6099716125,1,0,93150
ss2204,20220218,20220218,133302000,13:33:03,18630,65313,43926,6099716125,0,0,0
ss2204,20220218,20220218,133302500,13:33:03,18630,65316,43925,6099995575,3,-1,279450
ss2204,20220218,20220218,133303000,13:33:04,18630,65317,43925,6100088725,1,0,93150
ss2204,20220218,20220218,133303500,13:33:04,18630,65319,43925,6100275025,2,0,186300
ss2204,20220218,20220218,133304000,13:33:04,18630,65319,43925,6100275025,0,0,0
ss2204,20220218,20220218,133304500,13:33:05,18630,65319,43925,6100275025,0,0,0
ss2204,20220218,20220218,133305000,13:33:05,18625,65327,43930,6101020025,8,5,745000
ss2204,20220218,20220218,133305500,13:33:05,18625,65329,43929,6101206275,2,-1,186250
ss2204,20220218,20220218,133306000,13:33:06,18620,65342,43934,6102416850,13,5,1210575
ss2204,20220218,20220218,133306500,13:33:06,18620,65343,43934,6102509950,1,0,93100
ss2204,20220218,20220218,133307000,13:33:07,18620,65349,43937,6103068550,6,3,558600
ss2204,20220218,20220218,133307500,13:33:08,18620,65351,43936,6103254750,2,-1,186200
ss2204,20220218,20220218,133308000,13:33:08,18620,65353,43936,6103440950,2,0,186200
ss2204,20220218,20220218,133308500,13:33:09,18625,65365,43940,6104558350,12,4,1117400
ss2204,20220218,20220218,133309000,13:33:09,18625,65368,43942,6104837775,3,2,279425
ss2204,20220218,20220218,133309500,13:33:10,18630,65370,43944,6105024075,2,2,186300
ss2204,20220218,20220218,133310000,13:33:11,18635,65376,43947,6105583000,6,3,558925
ss2204,20220218,20220218,133310500,13:33:12,18635,65378,43946,6105769325,2,-1,186325
ss2204,20220218,20220218,133311000,13:33:14,18635,65378,43946,6105769325,0,0,0
ss2204,20220218,20220218,133311500,13:33:14,18635,65378,43946,6105769325,0,0,0
ss2204,20220218,20220218,133312000,13:33:14,18635,65378,43946,6105769325,0,0,0
ss2204,20220218,20220218,133313500,13:33:15,18635,65378,43946,6105769325,0,0,0
ss2204,20220218,20220218,133314000,13:33:17,18635,65378,43946,6105769325,0,0,0
ss2204,20220218,20220218,133314500,13:33:17,18635,65378,43946,6105769325,0,0,0
ss2204,20220218,20220218,133315000,13:33:18,18635,65392,43950,6107073775,14,4,1304450
ss2204,20220218,20220218,133315500,13:33:18,18635,65394,43949,6107260125,2,-1,186350
ss2204,20220218,20220218,133317000,13:33:19,18635,65395,43948,6107353300,1,-1,93175
ss2204,20220218,20220218,133318000,13:33:19,18635,65397,43947,6107539650,2,-1,186350
ss2204,20220218,20220218,133318500,13:33:19,18635,65397,43947,6107539650,0,0,0
ss2204,20220218,20220218,133319000,13:33:20,18635,65403,43943,6108098700,6,-4,559050
ss2204,20220218,20220218,133319500,13:33:20,18635,65407,43947,6108471400,4,4,372700
ss2204,20220218,20220218,133320000,13:33:21,18640,65424,43950,6110055800,17,3,1584400
ss2204,20220218,20220218,133320500,13:33:21,18640,65436,43962,6111174200,12,12,1118400
ss2204,20220218,20220218,133321000,13:33:22,18645,65438,43962,6111360650,2,0,186450
ss2204,20220218,20220218,133321500,13:33:22,18645,65438,43962,6111360650,0,0,0
ss2204,20220218,20220218,133322000,13:33:22,18645,65438,43962,6111360650,0,0,0
ss2204,20220218,20220218,133322500,13:33:22,18645,65438,43962,6111360650,0,0,0
ss2204,20220218,20220218,133323000,13:33:23,18645,65438,43962,6111360650,0,0,0
ss2204,20220218,20220218,133323500,13:33:24,18645,65438,43962,6111360650,0,0,0
ss2204,20220218,20220218,133324000,13:33:24,18645,65438,43962,6111360650,0,0,0
ss2204,20220218,20220218,133324500,13:33:25,18645,65438,43962,6111360650,0,0,0
ss2204,20220218,20220218,133325000,13:33:26,18645,65438,43962,6111360650,0,0,0
ss2204,20220218,20220218,133325500,13:33:27,18645,65438,43962,6111360650,0,0,0
ss2204,20220218,20220218,133326000,13:33:27,18645,65438,43962,6111360650,0,0,0
ss2204,20220218,20220218,133326500,13:33:29,18635,65439,43963,6111453825,1,1,93175
ss2204,20220218,20220218,133327000,13:33:29,18635,65445,43962,6112012875,6,-1,559050
ss2204,20220218,20220218,133328500,13:33:30,18635,65445,43962,6112012875,0,0,0
ss2204,20220218,20220218,133329000,13:33:30,18635,65445,43962,6112012875,0,0,0
ss2204,20220218,20220218,133329500,13:33:30,18635,65445,43962,6112012875,0,0,0
ss2204,20220218,20220218,133330000,13:33:30,18635,65445,43962,6112012875,0,0,0
ss2204,20220218,20220218,133330500,13:33:31,18635,65445,43962,6112012875,0,0,0
ss2204,20220218,20220218,133331000,13:33:32,18635,65445,43962,6112012875,0,0,0
ss2204,20220218,20220218,133331500,13:33:32,18640,65446,43962,6112106075,1,0,93200
ss2204,20220218,20220218,133332000,13:33:32,18640,65446,43962,6112106075,0,0,0
ss2204,20220218,20220218,133332500,13:33:33,18635,65447,43963,6112199250,1,1,93175
ss2204,20220218,20220218,133333000,13:33:33,18635,65448,43964,6112292425,1,1,93175
ss2204,20220218,20220218,133333500,13:33:33,18635,65448,43964,6112292425,0,0,0
ss2204,20220218,20220218,133334000,13:33:34,18635,65448,43964,6112292425,0,0,0
ss2204,20220218,20220218,133334500,13:33:34,18635,65448,43964,6112292425,0,0,0
ss2204,20220218,20220218,133335000,13:33:35,18640,65452,43961,6112665225,4,-3,372800
ss2204,20220218,20220218,133335500,13:33:35,18640,65456,43958,6113038025,4,-3,372800
ss2204,20220218,20220218,133336000,13:33:36,18640,65456,43958,6113038025,0,0,0
ss2204,20220218,20220218,133336500,13:33:36,18640,65456,43958,6113038025,0,0,0
ss2204,20220218,20220218,133337000,13:33:37,18640,65456,43958,6113038025,0,0,0
ss2204,20220218,20220218,133337500,13:33:37,18640,65456,43958,6113038025,0,0,0
ss2204,20220218,20220218,133338000,13:33:38,18640,65457,43957,6113131225,1,-1,93200
ss2204,20220218,20220218,133338500,13:33:39,18640,65457,43957,6113131225,0,0,0
ss2204,20220218,20220218,133339000,13:33:39,18640,65457,43957,6113131225,0,0,0
ss2204,20220218,20220218,133339500,13:33:40,18640,65457,43957,6113131225,0,0,0
ss2204,20220218,20220218,133340000,13:33:40,18645,65458,43958,6113224450,1,1,93225
ss2204,20220218,20220218,133340500,13:33:41,18645,65476,43950,6114902500,18,-8,1678050
ss2204,20220218,20220218,133341000,13:33:41,18645,65476,43950,6114902500,0,0,0
ss2204,20220218,20220218,133341500,13:33:42,18645,65476,43950,6114902500,0,0,0
ss2204,20220218,20220218,133342000,13:33:42,18645,65476,43950,6114902500,0,0,0
ss2204,20220218,20220218,133342500,13:33:42,18645,65476,43950,6114902500,0,0,0
ss2204,20220218,20220218,133343000,13:33:43,18645,65477,43949,6114995725,1,-1,93225
ss2204,20220218,20220218,133343500,13:33:44,18645,65477,43949,6114995725,0,0,0
ss2204,20220218,20220218,133344000,13:33:44,18645,65477,43949,6114995725,0,0,0
ss2204,20220218,20220218,133344500,13:33:45,18645,65477,43949,6114995725,0,0,0
ss2204,20220218,20220218,133345000,13:33:45,18650,65479,43950,6115182225,2,1,186500
ss2204,20220218,20220218,133345500,13:33:47,18650,65480,43951,6115275475,1,1,93250
ss2204,20220218,20220218,133346000,13:33:47,18645,65481,43951,6115368700,1,0,93225
ss2204,20220218,20220218,133346500,13:33:48,18645,65481,43951,6115368700,0,0,0
ss2204,20220218,20220218,133347000,13:33:48,18645,65481,43951,6115368700,0,0,0
ss2204,20220218,20220218,133347500,13:33:49,18645,65481,43951,6115368700,0,0,0
ss2204,20220218,20220218,133348000,13:33:49,18645,65481,43951,6115368700,0,0,0
ss2204,20220218,20220218,133348500,13:33:49,18645,65481,43951,6115368700,0,0,0
ss2204,20220218,20220218,133349000,13:33:50,18645,65481,43951,6115368700,0,0,0
ss2204,20220218,20220218,133349500,13:33:50,18645,65481,43951,6115368700,0,0,0
ss2204,20220218,20220218,133350000,13:33:50,18645,65481,43951,6115368700,0,0,0
ss2204,20220218,20220218,133350500,13:33:50,18645,65481,43951,6115368700,0,0,0
ss2204,20220218,20220218,133351000,13:33:51,18645,65482,43950,6115461925,1,-1,93225
ss2204,20220218,20220218,133351500,13:33:52,18645,65482,43950,6115461925,0,0,0
ss2204,20220218,20220218,133352000,13:33:52,18645,65482,43950,6115461925,0,0,0
ss2204,20220218,20220218,133352500,13:33:52,18645,65488,43954,6116021275,6,4,559350
ss2204,20220218,20220218,133353000,13:33:53,18645,65490,43954,6116207725,2,0,186450
ss2204,20220218,20220218,133353500,13:33:53,18645,65490,43954,6116207725,0,0,0
ss2204,20220218,20220218,133354000,13:33:54,18645,65490,43954,6116207725,0,0,0
ss2204,20220218,20220218,133354500,13:33:55,18645,65490,43954,6116207725,0,0,0
ss2204,20220218,20220218,133355000,13:33:56,18645,65490,43954,6116207725,0,0,0
ss2204,20220218,20220218,133355500,13:33:56,18640,65491,43954,6116300925,1,0,93200
ss2204,20220218,20220218,133356000,13:33:57,18645,65494,43952,6116580550,3,-2,279625
ss2204,20220218,20220218,133356500,13:33:57,18645,65494,43952,6116580550,0,0,0
ss2204,20220218,20220218,133357000,13:33:57,18645,65494,43952,6116580550,0,0,0
ss2204,20220218,20220218,133357500,13:33:58,18645,65494,43952,6116580550,0,0,0
ss2204,20220218,20220218,133358000,13:33:58,18645,65494,43952,6116580550,0,0,0
ss2204,20220218,20220218,133358500,13:33:59,18645,65494,43952,6116580550,0,0,0
ss2204,20220218,20220218,133359000,13:33:59,18645,65494,43952,6116580550,0,0,0
ss2204,20220218,20220218,133359500,13:33:59,18645,65494,43952,6116580550,0,0,0
ss2204,20220218,20220218,133400000,13:34:00,18645,65494,43952,6116580550,0,0,0
ss2204,20220218,20220218,133400500,13:34:01,18645,65494,43952,6116580550,0,0,0
ss2204,20220218,20220218,133401000,13:34:01,18645,65494,43952,6116580550,0,0,0
ss2204,20220218,20220218,133401500,13:34:02,18645,65494,43952,6116580550,0,0,0
ss2204,20220218,20220218,133402000,13:34:10,18645,65494,43952,6116580550,0,0,0
ss2204,20220218,20220218,133402500,13:34:10,18645,65494,43952,6116580550,0,0,0
ss2204,20220218,20220218,133403000,13:34:10,18645,65494,43952,6116580550,0,0,0
ss2204,20220218,20220218,133410000,13:34:12,18645,65494,43952,6116580550,0,0,0
ss2204,20220218,20220218,133410500,13:34:12,18645,65494,43952,6116580550,0,0,0
ss2204,20220218,20220218,133411000,13:34:12,18655,65525,43943,6119471275,31,-9,2890725
ss2204,20220218,20220218,133411500,13:34:12,18655,65525,43943,6119471275,0,0,0
ss2204,20220218,20220218,133412000,13:34:12,18655,65531,43947,6120030925,6,4,559650
ss2204,20220218,20220218,133412500,13:34:13,18655,65539,43947,6120777125,8,0,746200
ss2204,20220218,20220218,133413000,13:34:13,18655,65542,43947,6121056950,3,0,279825
ss2204,20220218,20220218,133413500,13:34:14,18655,65544,43946,6121243500,2,-1,186550
ss2204,20220218,20220218,133414000,13:34:14,18655,65544,43946,6121243500,0,0,0
ss2204,20220218,20220218,133414500,13:34:15,18655,65544,43946,6121243500,0,0,0
ss2204,20220218,20220218,133415000,13:34:15,18655,65544,43946,6121243500,0,0,0
ss2204,20220218,20220218,133415500,13:34:16,18655,65546,43944,6121430050,2,-2,186550
ss2204,20220218,20220218,133416000,13:34:16,18655,65546,43944,6121430050,0,0,0
ss2204,20220218,20220218,133416500,13:34:17,18655,65546,43944,6121430050,0,0,0
ss2204,20220218,20220218,133417000,13:34:17,18655,65548,43945,6121616600,2,1,186550
ss2204,20220218,20220218,133417500,13:34:17,18655,65548,43945,6121616600,0,0,0
ss2204,20220218,20220218,133418000,13:34:18,18655,65548,43945,6121616600,0,0,0
ss2204,20220218,20220218,133418500,13:34:19,18655,65548,43945,6121616600,0,0,0
ss2204,20220218,20220218,133419000,13:34:19,18655,65548,43945,6121616600,0,0,0
ss2204,20220218,20220218,133419500,13:34:20,18655,65548,43945,6121616600,0,0,0
ss2204,20220218,20220218,133420000,13:34:20,18655,65548,43945,6121616600,0,0,0
ss2204,20220218,20220218,133420500,13:34:23,18655,65548,43945,6121616600,0,0,0
ss2204,20220218,20220218,133421000,13:34:23,18655,65548,43945,6121616600,0,0,0
ss2204,20220218,20220218,133421500,13:34:23,18655,65548,43945,6121616600,0,0,0
ss2204,20220218,20220218,133423000,13:34:24,18655,65548,43945,6121616600,0,0,0
ss2204,20220218,20220218,133423500,13:34:24,18650,65575,43944,6124134525,27,-1,2517925
ss2204,20220218,20220218,133424000,13:34:24,18650,65575,43944,6124134525,0,0,0
ss2204,20220218,20220218,133424500,13:34:24,18650,65576,43944,6124227775,1,0,93250
ss2204,20220218,20220218,133425000,13:34:25,18650,65576,43944,6124227775,0,0,0
ss2204,20220218,20220218,133425500,13:34:25,18650,65576,43944,6124227775,0,0,0
ss2204,20220218,20220218,133426000,13:34:26,18650,65576,43944,6124227775,0,0,0
ss2204,20220218,20220218,133426500,13:34:26,18650,65576,43944,6124227775,0,0,0
ss2204,20220218,20220218,133427000,13:34:27,18650,65576,43944,6124227775,0,0,0
ss2204,20220218,20220218,133427500,13:34:28,18650,65576,43944,6124227775,0,0,0
ss2204,20220218,20220218,133428000,13:34:28,18650,65576,43944,6124227775,0,0,0
ss2204,20220218,20220218,133428500,13:34:29,18650,65576,43944,6124227775,0,0,0
ss2204,20220218,20220218,133429000,13:34:29,18650,65576,43944,6124227775,0,0,0
ss2204,20220218,20220218,133429500,13:34:29,18650,65576,43944,6124227775,0,0,0
ss2204,20220218,20220218,133430000,13:34:30,18650,65576,43944,6124227775,0,0,0
ss2204,20220218,20220218,133430500,13:34:30,18650,65576,43944,6124227775,0,0,0
ss2204,20220218,20220218,133431000,13:34:31,18650,65576,43944,6124227775,0,0,0
ss2204,20220218,20220218,133431500,13:34:31,18650,65576,43944,6124227775,0,0,0
ss2204,20220218,20220218,133432000,13:34:32,18650,65576,43944,6124227775,0,0,0
ss2204,20220218,20220218,133432500,13:34:32,18650,65576,43944,6124227775,0,0,0
ss2204,20220218,20220218,133433000,13:34:33,18650,65576,43944,6124227775,0,0,0
ss2204,20220218,20220218,133433500,13:34:34,18650,65576,43944,6124227775,0,0,0
ss2204,20220218,20220218,133434000,13:34:34,18650,65576,43944,6124227775,0,0,0
ss2204,20220218,20220218,133434500,13:34:35,18650,65576,43944,6124227775,0,0,0
ss2204,20220218,20220218,133435000,13:34:35,18650,65576,43944,6124227775,0,0,0
ss2204,20220218,20220218,133435500,13:34:36,18645,65587,43940,6125253250,11,-4,1025475
ss2204,20220218,20220218,133436000,13:34:36,18645,65587,43940,6125253250,0,0,0
ss2204,20220218,20220218,133436500,13:34:36,18640,65600,43937,6126464850,13,-3,1211600
ss2204,20220218,20220218,133437000,13:34:37,18640,65600,43937,6126464850,0,0,0
ss2204,20220218,20220218,133437500,13:34:38,18640,65606,43937,6127024050,6,0,559200
ss2204,20220218,20220218,133438000,13:34:38,18640,65608,43937,6127210450,2,0,186400
ss2204,20220218,20220218,133438500,13:34:38,18640,65609,43937,6127303650,1,0,93200
ss2204,20220218,20220218,133439000,13:34:39,18640,65609,43937,6127303650,0,0,0
ss2204,20220218,20220218,133439500,13:34:39,18640,65609,43937,6127303650,0,0,0
ss2204,20220218,20220218,133440000,13:34:40,18640,65609,43937,6127303650,0,0,0
ss2204,20220218,20220218,133440500,13:34:41,18640,65609,43937,6127303650,0,0,0
ss2204,20220218,20220218,133441000,13:34:41,18640,65613,43937,6127676450,4,0,372800
ss2204,20220218,20220218,133441500,13:34:42,18640,65613,43937,6127676450,0,0,0
ss2204,20220218,20220218,133442000,13:34:44,18640,65613,43937,6127676450,0,0,0
ss2204,20220218,20220218,133442500,13:34:44,18640,65615,43938,6127862850,2,1,186400
ss2204,20220218,20220218,133443500,13:34:45,18635,65630,43945,6129260475,15,7,1397625
ss2204,20220218,20220218,133444000,13:34:45,18635,65630,43945,6129260475,0,0,0
ss2204,20220218,20220218,133444500,13:34:46,18635,65630,43945,6129260475,0,0,0
ss2204,20220218,20220218,133445000,13:34:46,18635,65630,43945,6129260475,0,0,0
ss2204,20220218,20220218,133445500,13:34:46,18635,65630,43945,6129260475,0,0,0
ss2204,20220218,20220218,133446000,13:34:46,18635,65633,43946,6129540000,3,1,279525
ss2204,20220218,20220218,133446500,13:34:47,18630,65636,43946,6129819450,3,0,279450
ss2204,20220218,20220218,133447000,13:34:47,18630,65636,43946,6129819450,0,0,0
ss2204,20220218,20220218,133447500,13:34:47,18630,65656,43953,6131682450,20,7,1863000
ss2204,20220218,20220218,133448000,13:34:48,18625,65659,43956,6131961825,3,3,279375
ss2204,20220218,20220218,133448500,13:34:49,18630,65660,43957,6132054975,1,1,93150
ss2204,20220218,20220218,133449000,13:34:49,18625,65662,43958,6132241225,2,1,186250
ss2204,20220218,20220218,133449500,13:34:49,18625,65662,43958,6132241225,0,0,0
ss2204,20220218,20220218,133450000,13:34:51,18625,65663,43958,6132334350,1,0,93125
ss2204,20220218,20220218,133450500,13:34:51,18625,65663,43958,6132334350,0,0,0
ss2204,20220218,20220218,133451000,13:34:51,18630,65664,43959,6132427500,1,1,93150
ss2204,20220218,20220218,133451500,13:34:52,18630,65671,43965,6133079550,7,6,652050
ss2204,20220218,20220218,133452000,13:34:52,18630,65671,43965,6133079550,0,0,0
ss2204,20220218,20220218,133452500,13:34:53,18630,65671,43965,6133079550,0,0,0
ss2204,20220218,20220218,133453000,13:34:53,18630,65671,43965,6133079550,0,0,0
ss2204,20220218,20220218,133453500,13:34:55,18630,65671,43965,6133079550,0,0,0
ss2204,20220218,20220218,133454000,13:34:56,18630,65671,43965,6133079550,0,0,0
ss2204,20220218,20220218,133454500,13:34:56,18635,65679,43965,6133824950,8,0,745400
ss2204,20220218,20220218,133455000,13:34:56,18635,65679,43965,6133824950,0,0,0
ss2204,20220218,20220218,133455500,13:34:56,18635,65679,43965,6133824950,0,0,0
ss2204,20220218,20220218,133456000,13:34:57,18635,65681,43963,6134011300,2,-2,186350
ss2204,20220218,20220218,133456500,13:34:57,18635,65681,43963,6134011300,0,0,0
