ss2203,20220218,20220218,112003000,11:20:04,18825,36367,40869,3422031125,36367,-4698,3422031125
ss2203,20220218,20220218,112004500,11:20:10,18825,36367,40869,3422031125,0,0,0
ss2203,20220218,20220218,112005000,11:20:10,18825,36367,40869,3422031125,0,0,0
ss2203,20220218,20220218,112006000,11:20:10,18825,36367,40869,3422031125,0,0,0
ss2203,20220218,20220218,112006500,11:20:10,18825,36367,40869,3422031125,0,0,0
ss2203,20220218,20220218,112007000,11:20:10,18825,36367,40869,3422031125,0,0,0
ss2203,20220218,20220218,112007500,11:20:10,18825,36367,40869,3422031125,0,0,0
ss2203,20220218,20220218,112008000,11:20:10,18825,36367,40869,3422031125,0,0,0
ss2203,20220218,20220218,112008500,11:20:10,18825,36369,40870,3422219375,2,1,188250
ss2203,20220218,20220218,112009000,11:20:10,18825,36369,40870,3422219375,0,0,0
ss2203,20220218,20220218,112009500,11:20:10,18825,36370,40870,3422313500,1,0,94125
ss2203,20220218,20220218,112010000,11:20:10,18825,36370,40870,3422313500,0,0,0
ss2203,20220218,20220218,112010500,11:20:10,18820,36372,40869,3422501725,2,-1,188225
ss2203,20220218,20220218,112011000,11:20:11,18820,36372,40869,3422501725,0,0,0
ss2203,20220218,20220218,112011500,11:20:12,18820,36374,40868,3422689925,2,-1,188200
ss2203,20220218,20220218,112012000,11:20:12,18820,36374,40868,3422689925,0,0,0
ss2203,20220218,20220218,112012500,11:20:12,18820,36374,40868,3422689925,0,0,0
ss2203,20220218,20220218,112013000,11:20:13,18820,36374,40868,3422689925,0,0,0
ss2203,20220218,20220218,112013500,11:20:13,18820,36374,40868,3422689925,0,0,0
ss2203,20220218,20220218,112014000,11:20:14,18820,36374,40868,3422689925,0,0,0
ss2203,20220218,20220218,112014500,11:20:14,18825,36382,40871,3423442900,8,3,752975
ss2203,20220218,20220218,112015000,11:20:15,18820,36387,40872,3423913500,5,1,470600
ss2203,20220218,20220218,112015500,11:20:16,18820,36393,40871,3424478150,6,-1,564650
ss2203,20220218,20220218,112016000,11:20:16,18820,36393,40871,3424478150,0,0,0
ss2203,20220218,20220218,112016500,11:20:16,18820,36393,40871,3424478150,0,0,0
ss2203,20220218,20220218,112017000,11:20:17,18820,36393,40871,3424478150,0,0,0
ss2203,20220218,20220218,112017500,11:20:17,18820,36393,40871,3424478150,0,0,0
ss2203,20220218,20220218,112018000,11:20:18,18820,36393,40871,3424478150,0,0,0
ss2203,20220218,20220218,112018500,11:20:18,18820,36393,40871,3424478150,0,0,0
ss2203,20220218,20220218,112019000,11:20:19,18820,36393,40871,3424478150,0,0,0
ss2203,20220218,20220218,112019500,11:20:20,18820,36393,40871,3424478150,0,0,0
ss2203,20220218,20220218,112020000,11:20:20,18820,36393,40871,3424478150,0,0,0
ss2203,20220218,20220218,112020500,11:20:20,18820,36393,40871,3424478150,0,0,0
ss2203,20220218,20220218,112021000,11:20:21,18820,36393,40871,3424478150,0,0,0
ss2203,20220218,20220218,112021500,11:20:21,18820,36393,40871,3424478150,0,0,0
ss2203,20220218,20220218,112022000,11:20:22,18820,36393,40871,3424478150,0,0,0
ss2203,20220218,20220218,112022500,11:20:23,18820,36393,40871,3424478150,0,0,0
ss2203,20220218,20220218,112023000,11:20:23,18820,36393,40871,3424478150,0,0,0
ss2203,20220218,20220218,112023500,11:20:23,18820,36393,40871,3424478150,0,0,0
ss2203,20220218,20220218,112024000,11:20:24,18820,36393,40871,3424478150,0,0,0
ss2203,20220218,20220218,112024500,11:20:24,18820,36400,40870,3425136850,7,-1,658700
ss2203,20220218,20220218,112025000,11:20:25,18820,36411,40863,3426171950,11,-7,1035100
ss2203,20220218,20220218,112025500,11:20:25,18820,36411,40863,3426171950,0,0,0
ss2203,20220218,20220218,112026000,11:20:26,18820,36411,40863,3426171950,0,0,0
ss2203,20220218,20220218,112026500,11:20:26,18815,36415,40863,3426548250,4,0,376300
ss2203,20220218,20220218,112027000,11:20:27,18810,36422,40856,3427206600,7,-7,658350
ss2203,20220218,20220218,112027500,11:20:28,18810,36427,40854,3427676850,5,-2,470250
ss2203,20220218,20220218,112028000,11:20:28,18805,36428,40854,3427770875,1,0,94025
ss2203,20220218,20220218,112028500,11:20:28,18810,36431,40853,3428053025,3,-1,282150
ss2203,20220218,20220218,112029000,11:20:29,18810,36431,40853,3428053025,0,0,0
ss2203,20220218,20220218,112029500,11:20:30,18810,36431,40853,3428053025,0,0,0
ss2203,20220218,20220218,112030000,11:20:31,18805,36433,40854,3428241075,2,1,188050
ss2203,20220218,20220218,112030500,11:20:31,18805,36437,40856,3428617175,4,2,376100
ss2203,20220218,20220218,112031000,11:20:31,18800,36440,40859,3428899175,3,3,282000
ss2203,20220218,20220218,112031500,11:20:32,18780,36546,40859,3438858500,106,0,9959325
ss2203,20220218,20220218,112032000,11:20:32,18755,36582,40854,3442237850,36,-5,3379350
ss2203,20220218,20220218,112032500,11:20:32,18770,36597,40851,3443645825,15,-3,1407975
ss2203,20220218,20220218,112033000,11:20:33,18770,36609,40839,3444772025,12,-12,1126200
ss2203,20220218,20220218,112033500,11:20:33,18780,36610,40839,3444865925,1,0,93900
ss2203,20220218,20220218,112034000,11:20:34,18780,36613,40840,3445147625,3,1,281700
ss2203,20220218,20220218,112034500,11:20:34,18780,36613,40840,3445147625,0,0,0
ss2203,20220218,20220218,112035000,11:20:35,18780,36616,40839,3445429325,3,-1,281700
ss2203,20220218,20220218,112035500,11:20:35,18780,36616,40839,3445429325,0,0,0
ss2203,20220218,20220218,112036000,11:20:36,18780,36616,40839,3445429325,0,0,0
ss2203,20220218,20220218,112036500,11:20:37,18780,36617,40839,3445523225,1,0,93900
ss2203,20220218,20220218,112037000,11:20:37,18780,36617,40839,3445523225,0,0,0
ss2203,20220218,20220218,112037500,11:20:38,18780,36617,40839,3445523225,0,0,0
ss2203,20220218,20220218,112038000,11:20:38,18780,36618,40839,3445617125,1,0,93900
ss2203,20220218,20220218,112038500,11:20:38,18780,36618,40839,3445617125,0,0,0
ss2203,20220218,20220218,112039000,11:20:39,18780,36618,40839,3445617125,0,0,0
ss2203,20220218,20220218,112040500,11:20:41,18780,36618,40839,3445617125,0,0,0
ss2203,20220218,20220218,112041500,11:20:41,18780,36619,40838,3445711025,1,-1,93900
ss2203,20220218,20220218,112042000,11:20:42,18780,36619,40838,3445711025,0,0,0
ss2203,20220218,20220218,112042500,11:20:42,18780,36619,40838,3445711025,0,0,0
ss2203,20220218,20220218,112043000,11:20:43,18785,36621,40838,3445898875,2,0,187850
ss2203,20220218,20220218,112043500,11:20:44,18785,36622,40839,3445992800,1,1,93925
ss2203,20220218,20220218,112044000,11:20:44,18780,36626,40842,3446368450,4,3,375650
ss2203,20220218,20220218,112044500,11:20:44,18780,36626,40842,3446368450,0,0,0
ss2203,20220218,20220218,112045000,11:20:45,18780,36626,40842,3446368450,0,0,0
ss2203,20220218,20220218,112045500,11:20:46,18785,36627,40841,3446462375,1,-1,93925
ss2203,20220218,20220218,112046000,11:20:46,18785,36627,40841,3446462375,0,0,0
ss2203,20220218,20220218,112046500,11:20:46,18785,36627,40841,3446462375,0,0,0
ss2203,20220218,20220218,112047000,11:20:47,18780,36633,40840,3447025775,6,-1,563400
ss2203,20220218,20220218,112047500,11:20:48,18780,36636,40840,3447307475,3,0,281700
ss2203,20220218,20220218,112048000,11:20:48,18790,36639,40840,3447589275,3,0,281800
ss2203,20220218,20220218,112048500,11:20:49,18780,36641,40840,3447777075,2,0,187800
ss2203,20220218,20220218,112049000,11:20:50,18780,36641,40840,3447777075,0,0,0
ss2203,20220218,20220218,112049500,11:20:50,18780,36641,40840,3447777075,0,0,0
ss2203,20220218,20220218,112050500,11:20:51,18780,36651,40831,3448716075,10,-9,939000
ss2203,20220218,20220218,112051000,11:20:51,18780,36651,40831,3448716075,0,0,0
ss2203,20220218,20220218,112051500,11:20:51,18780,36653,40831,3448903875,2,0,187800
ss2203,20220218,20220218,112052000,11:20:52,18780,36653,40831,3448903875,0,0,0
ss2203,20220218,20220218,112052500,11:20:53,18780,36653,40831,3448903875,0,0,0
ss2203,20220218,20220218,112053000,11:20:53,18780,36653,40831,3448903875,0,0,0
ss2203,20220218,20220218,112053500,11:20:53,18780,36653,40831,3448903875,0,0,0
ss2203,20220218,20220218,112054000,11:20:54,18780,36653,40831,3448903875,0,0,0
ss2203,20220218,20220218,112054500,11:20:55,18780,36655,40831,3449091700,2,0,187825
ss2203,20220218,20220218,112055000,11:20:55,18780,36655,40831,3449091700,0,0,0
ss2203,20220218,20220218,112055500,11:20:56,18780,36655,40831,3449091700,0,0,0
ss2203,20220218,20220218,112056000,11:20:56,18780,36655,40831,3449091700,0,0,0
ss2203,20220218,20220218,112056500,11:20:56,18780,36655,40831,3449091700,0,0,0
ss2203,20220218,20220218,112057000,11:20:57,18780,36655,40831,3449091700,0,0,0
ss2203,20220218,20220218,112057500,11:20:58,18790,36656,40830,3449185650,1,-1,93950
ss2203,20220218,20220218,112058000,11:20:58,18790,36656,40830,3449185650,0,0,0
ss2203,20220218,20220218,112058500,11:20:59,18790,36656,40830,3449185650,0,0,0
ss2203,20220218,20220218,112059000,11:20:59,18790,36658,40828,3449373550,2,-2,187900
ss2203,20220218,20220218,112059500,11:21:00,18790,36658,40828,3449373550,0,0,0
ss2203,20220218,20220218,112100000,11:21:00,18790,36658,40828,3449373550,0,0,0
ss2203,20220218,20220218,112100500,11:21:00,18790,36658,40828,3449373550,0,0,0
ss2203,20220218,20220218,112101000,11:21:01,18795,36659,40828,3449467525,1,0,93975
ss2203,20220218,20220218,112101500,11:21:02,18795,36659,40828,3449467525,0,0,0
ss2203,20220218,20220218,112102000,11:21:02,18795,36659,40828,3449467525,0,0,0
ss2203,20220218,20220218,112102500,11:21:03,18795,36659,40828,3449467525,0,0,0
ss2203,20220218,20220218,112103000,11:21:03,18795,36659,40828,3449467525,0,0,0
ss2203,20220218,20220218,112103500,11:21:03,18790,36662,40826,3449749425,3,-2,281900
ss2203,20220218,20220218,112104000,11:21:04,18790,36662,40826,3449749425,0,0,0
ss2203,20220218,20220218,112104500,11:21:05,18795,36663,40826,3449843400,1,0,93975
ss2203,20220218,20220218,112105000,11:21:05,18795,36665,40824,3450031350,2,-2,187950
ss2203,20220218,20220218,112105500,11:21:06,18795,36669,40825,3450407250,4,1,375900
ss2203,20220218,20220218,112106000,11:21:07,18795,36669,40825,3450407250,0,0,0
ss2203,20220218,20220218,112106500,11:21:07,18795,36669,40825,3450407250,0,0,0
ss2203,20220218,20220218,112107000,11:21:09,18800,36671,40823,3450595250,2,-2,188000
ss2203,20220218,20220218,112107500,11:21:10,18795,36672,40823,3450689225,1,0,93975
ss2203,20220218,20220218,112108000,11:21:10,18795,36672,40823,3450689225,0,0,0
ss2203,20220218,20220218,112108500,11:21:10,18795,36672,40823,3450689225,0,0,0
ss2203,20220218,20220218,112110000,11:21:11,18800,36674,40821,3450877225,2,-2,188000
ss2203,20220218,20220218,112110500,11:21:11,18795,36675,40821,3450971200,1,0,93975
ss2203,20220218,20220218,112111000,11:21:11,18795,36675,40821,3450971200,0,0,0
ss2203,20220218,20220218,112111500,11:21:11,18800,36676,40821,3451065200,1,0,94000
ss2203,20220218,20220218,112112000,11:21:12,18800,36681,40819,3451535200,5,-2,470000
ss2203,20220218,20220218,112112500,11:21:12,18800,36681,40819,3451535200,0,0,0
ss2203,20220218,20220218,112113000,11:21:13,18800,36681,40819,3451535200,0,0,0
ss2203,20220218,20220218,112113500,11:21:13,18800,36681,40819,3451535200,0,0,0
ss2203,20220218,20220218,112114000,11:21:14,18800,36681,40819,3451535200,0,0,0
ss2203,20220218,20220218,112114500,11:21:14,18800,36681,40819,3451535200,0,0,0
ss2203,20220218,20220218,112115000,11:21:15,18800,36681,40819,3451535200,0,0,0
ss2203,20220218,20220218,112115500,11:21:15,18805,36682,40820,3451629225,1,1,94025
ss2203,20220218,20220218,112116000,11:21:16,18805,36682,40820,3451629225,0,0,0
ss2203,20220218,20220218,112116500,11:21:16,18805,36682,40820,3451629225,0,0,0
ss2203,20220218,20220218,112117000,11:21:17,18805,36682,40820,3451629225,0,0,0
ss2203,20220218,20220218,112117500,11:21:18,18805,36682,40820,3451629225,0,0,0
ss2203,20220218,20220218,112118000,11:21:18,18800,36683,40820,3451723225,1,0,94000
ss2203,20220218,20220218,112118500,11:21:18,18800,36683,40820,3451723225,0,0,0
ss2203,20220218,20220218,112119000,11:21:19,18800,36684,40820,3451817225,1,0,94000
ss2203,20220218,20220218,112119500,11:21:19,18800,36687,40823,3452099225,3,3,282000
ss2203,20220218,20220218,112120000,11:21:20,18800,36687,40823,3452099225,0,0,0
ss2203,20220218,20220218,112120500,11:21:21,18805,36692,40818,3452569350,5,-5,470125
ss2203,20220218,20220218,112121000,11:21:22,18805,36692,40818,3452569350,0,0,0
ss2203,20220218,20220218,112121500,11:21:22,18810,36694,40817,3452757425,2,-1,188075
ss2203,20220218,20220218,112122000,11:21:22,18810,36694,40817,3452757425,0,0,0
ss2203,20220218,20220218,112122500,11:21:22,18810,36697,40817,3453039575,3,0,282150
ss2203,20220218,20220218,112123000,11:21:23,18810,36708,40817,3454074125,11,0,1034550
ss2203,20220218,20220218,112123500,11:21:23,18810,36716,40821,3454826525,8,4,752400
ss2203,20220218,20220218,112124000,11:21:24,18815,36718,40821,3455014650,2,0,188125
ss2203,20220218,20220218,112124500,11:21:25,18815,36718,40821,3455014650,0,0,0
ss2203,20220218,20220218,112125000,11:21:29,18815,36718,40821,3455014650,0,0,0
ss2203,20220218,20220218,112125500,11:23:32,18815,36718,40821,3455014650,0,0,0
ss2203,20220218,20220218,112126000,11:23:32,18815,36718,40821,3455014650,0,0,0
ss2203,20220218,20220218,112126500,11:23:33,18815,36718,40821,3455014650,0,0,0
ss2203,20220218,20220218,112332500,11:23:33,18815,36718,40821,3455014650,0,0,0
ss2203,20220218,20220218,112333000,11:23:33,18815,36718,40821,3455014650,0,0,0
ss2203,20220218,20220218,112333500,11:23:33,18815,36718,40821,3455014650,0,0,0
ss2203,20220218,20220218,112334000,11:23:34,18815,36718,40821,3455014650,0,0,0
ss2203,20220218,20220218,112334500,11:23:34,18815,36718,40821,3455014650,0,0,0
ss2203,20220218,20220218,112335000,11:23:35,18815,36718,40821,3455014650,0,0,0
ss2203,20220218,20220218,112335500,11:23:35,18815,36718,40821,3455014650,0,0,0
ss2203,20220218,20220218,112336000,11:23:36,18800,36845,40822,3466955525,127,1,11940875
ss2203,20220218,20220218,112336500,11:23:38,18800,36847,40822,3467143525,2,0,188000
ss2203,20220218,20220218,112337000,11:23:38,18800,36847,40822,3467143525,0,0,0
ss2203,20220218,20220218,112337500,11:23:38,18800,36847,40822,3467143525,0,0,0
ss2203,20220218,20220218,112338000,11:23:38,18795,36848,40821,3467237500,1,-1,93975
ss2203,20220218,20220218,112338500,11:23:38,18795,36848,40821,3467237500,0,0,0
ss2203,20220218,20220218,112339000,11:23:39,18795,36848,40821,3467237500,0,0,0
ss2203,20220218,20220218,112339500,11:23:39,18795,36848,40821,3467237500,0,0,0
ss2203,20220218,20220218,112340000,11:23:40,18795,36848,40821,3467237500,0,0,0
ss2203,20220218,20220218,112340500,11:23:40,18795,36848,40821,3467237500,0,0,0
ss2203,20220218,20220218,112341000,11:23:41,18795,36848,40821,3467237500,0,0,0
ss2203,20220218,20220218,112341500,11:23:42,18795,36848,40821,3467237500,0,0,0
ss2203,20220218,20220218,112342000,11:23:42,18795,36848,40821,3467237500,0,0,0
ss2203,20220218,20220218,112342500,11:23:42,18795,36848,40821,3467237500,0,0,0
ss2203,20220218,20220218,112343000,11:23:43,18795,36848,40821,3467237500,0,0,0
ss2203,20220218,20220218,112343500,11:23:43,18795,36848,40821,3467237500,0,0,0
ss2203,20220218,20220218,112344000,11:23:45,18795,36848,40821,3467237500,0,0,0
ss2203,20220218,20220218,112344500,11:23:48,18795,36848,40821,3467237500,0,0,0
ss2203,20220218,20220218,112345000,11:23:48,18795,36848,40821,3467237500,0,0,0
ss2203,20220218,20220218,112345500,11:23:48,18795,36848,40821,3467237500,0,0,0
ss2203,20220218,20220218,112346000,11:23:48,18805,36851,40822,3467519575,3,1,282075
ss2203,20220218,20220218,112348000,11:23:48,18805,36851,40822,3467519575,0,0,0
ss2203,20220218,20220218,112348500,11:23:48,18805,36851,40822,3467519575,0,0,0
ss2203,20220218,20220218,112349000,11:23:49,18805,36851,40822,3467519575,0,0,0
ss2203,20220218,20220218,112349500,11:23:50,18805,36851,40822,3467519575,0,0,0
ss2203,20220218,20220218,112350000,11:23:50,18805,36851,40822,3467519575,0,0,0
ss2203,20220218,20220218,112350500,11:23:50,18805,36851,40822,3467519575,0,0,0
ss2203,20220218,20220218,112351000,11:23:51,18805,36851,40822,3467519575,0,0,0
ss2203,20220218,20220218,112351500,11:23:51,18805,36851,40822,3467519575,0,0,0
ss2203,20220218,20220218,112352000,11:23:52,18805,36851,40822,3467519575,0,0,0
ss2203,20220218,20220218,112352500,11:23:52,18805,36851,40822,3467519575,0,0,0
ss2203,20220218,20220218,112353000,11:23:53,18805,36851,40822,3467519575,0,0,0
ss2203,20220218,20220218,112353500,11:23:53,18805,36851,40822,3467519575,0,0,0
ss2203,20220218,20220218,112354000,11:23:54,18805,36851,40822,3467519575,0,0,0
ss2203,20220218,20220218,112354500,11:23:54,18805,36851,40822,3467519575,0,0,0
ss2203,20220218,20220218,112355000,11:23:55,18805,36851,40822,3467519575,0,0,0
ss2203,20220218,20220218,112355500,11:23:55,18805,36851,40822,3467519575,0,0,0
ss2203,20220218,20220218,112356000,11:23:56,18805,36851,40822,3467519575,0,0,0
ss2203,20220218,20220218,112356500,11:23:56,18805,36851,40822,3467519575,0,0,0
ss2203,20220218,20220218,112357000,11:23:57,18805,36851,40822,3467519575,0,0,0
ss2203,20220218,20220218,112357500,11:23:57,18805,36851,40822,3467519575,0,0,0
ss2203,20220218,20220218,112358000,11:23:58,18805,36851,40822,3467519575,0,0,0
ss2203,20220218,20220218,112358500,11:23:58,18805,36851,40822,3467519575,0,0,0
ss2203,20220218,20220218,112359000,11:23:59,18805,36851,40822,3467519575,0,0,0
ss2203,20220218,20220218,112359500,11:23:59,18805,36851,40822,3467519575,0,0,0
ss2203,20220218,20220218,112400000,11:24:00,18805,36851,40822,3467519575,0,0,0
ss2203,20220218,20220218,112400500,11:24:00,18805,36851,40822,3467519575,0,0,0
ss2203,20220218,20220218,112401000,11:24:01,18805,36851,40822,3467519575,0,0,0
ss2203,20220218,20220218,112401500,11:24:01,18805,36851,40822,3467519575,0,0,0
ss2203,20220218,20220218,112402000,11:24:02,18800,36853,40822,3467707575,2,0,188000
ss2203,20220218,20220218,112402500,11:24:02,18810,36856,40819,3467989725,3,-3,282150
ss2203,20220218,20220218,112403000,11:24:03,18810,36856,40819,3467989725,0,0,0
ss2203,20220218,20220218,112403500,11:24:03,18810,36860,40822,3468365925,4,3,376200
ss2203,20220218,20220218,112404000,11:24:04,18810,36860,40822,3468365925,0,0,0
ss2203,20220218,20220218,112404500,11:24:04,18810,36860,40822,3468365925,0,0,0
ss2203,20220218,20220218,112405000,11:24:05,18810,36860,40822,3468365925,0,0,0
ss2203,20220218,20220218,112405500,11:24:05,18810,36862,40820,3468554025,2,-2,188100
ss2203,20220218,20220218,112406000,11:24:06,18810,36862,40820,3468554025,0,0,0
ss2203,20220218,20220218,112406500,11:24:06,18810,36862,40820,3468554025,0,0,0
ss2203,20220218,20220218,112407000,11:24:07,18810,36863,40819,3468648075,1,-1,94050
ss2203,20220218,20220218,112407500,11:24:08,18810,36863,40819,3468648075,0,0,0
ss2203,20220218,20220218,112408000,11:24:08,18810,36863,40819,3468648075,0,0,0
ss2203,20220218,20220218,112408500,11:24:08,18810,36863,40819,3468648075,0,0,0
ss2203,20220218,20220218,112409000,11:24:09,18810,36863,40819,3468648075,0,0,0
ss2203,20220218,20220218,112409500,11:24:11,18810,36863,40819,3468648075,0,0,0
ss2203,20220218,20220218,112410000,11:24:12,18810,36864,40818,3468742125,1,-1,94050
ss2203,20220218,20220218,112410500,11:24:12,18810,36864,40818,3468742125,0,0,0
ss2203,20220218,20220218,112411000,11:24:12,18810,36864,40818,3468742125,0,0,0
ss2203,20220218,20220218,112411500,11:24:12,18810,36864,40818,3468742125,0,0,0
ss2203,20220218,20220218,112412000,11:24:12,18810,36864,40818,3468742125,0,0,0
ss2203,20220218,20220218,112412500,11:24:12,18810,36864,40818,3468742125,0,0,0
ss2203,20220218,20220218,112413000,11:24:13,18810,36864,40818,3468742125,0,0,0
ss2203,20220218,20220218,112413500,11:24:14,18810,36864,40818,3468742125,0,0,0
ss2203,20220218,20220218,112414000,11:24:14,18810,36864,40818,3468742125,0,0,0
ss2203,20220218,20220218,112414500,11:24:14,18810,36864,40818,3468742125,0,0,0
ss2203,20220218,20220218,112415000,11:24:15,18810,36864,40818,3468742125,0,0,0
ss2203,20220218,20220218,112415500,11:24:15,18800,36865,40818,3468836125,1,0,94000
ss2203,20220218,20220218,112416000,11:24:16,18810,36866,40818,3468930175,1,0,94050
ss2203,20220218,20220218,112416500,11:24:16,18810,36866,40818,3468930175,0,0,0
ss2203,20220218,20220218,112417000,11:24:17,18810,36866,40818,3468930175,0,0,0
ss2203,20220218,20220218,112417500,11:24:17,18810,36866,40818,3468930175,0,0,0
ss2203,20220218,20220218,112418000,11:24:18,18810,36866,40818,3468930175,0,0,0
ss2203,20220218,20220218,112418500,11:24:19,18810,36866,40818,3468930175,0,0,0
ss2203,20220218,20220218,112419000,11:24:19,18810,36866,40818,3468930175,0,0,0
ss2203,20220218,20220218,112419500,11:24:19,18810,36867,40818,3469024225,1,0,94050
ss2203,20220218,20220218,112420000,11:24:20,18810,36868,40818,3469118275,1,0,94050
ss2203,20220218,20220218,112420500,11:24:20,18810,36868,40818,3469118275,0,0,0
ss2203,20220218,20220218,112421000,11:24:21,18810,36868,40818,3469118275,0,0,0
ss2203,20220218,20220218,112421500,11:24:22,18810,36868,40818,3469118275,0,0,0
ss2203,20220218,20220218,112422000,11:24:22,18810,36868,40818,3469118275,0,0,0
ss2203,20220218,20220218,112422500,11:24:22,18810,36868,40818,3469118275,0,0,0
ss2203,20220218,20220218,112423000,11:24:23,18810,36868,40818,3469118275,0,0,0
ss2203,20220218,20220218,112423500,11:24:23,18810,36869,40818,3469212325,1,0,94050
ss2203,20220218,20220218,112424000,11:24:24,18810,36869,40818,3469212325,0,0,0
ss2203,20220218,20220218,112424500,11:24:24,18810,36869,40818,3469212325,0,0,0
ss2203,20220218,20220218,112425000,11:24:25,18810,36869,40818,3469212325,0,0,0
ss2203,20220218,20220218,112425500,11:24:25,18810,36869,40818,3469212325,0,0,0
ss2203,20220218,20220218,112426000,11:24:26,18810,36869,40818,3469212325,0,0,0
ss2203,20220218,20220218,112426500,11:24:26,18810,36869,40818,3469212325,0,0,0
ss2203,20220218,20220218,112427000,11:24:27,18810,36869,40818,3469212325,0,0,0
ss2203,20220218,20220218,112427500,11:24:28,18810,36869,40818,3469212325,0,0,0
ss2203,20220218,20220218,112428000,11:24:28,18810,36869,40818,3469212325,0,0,0
ss2203,20220218,20220218,112428500,11:24:28,18810,36869,40818,3469212325,0,0,0
ss2203,20220218,20220218,112429000,11:24:29,18810,36869,40818,3469212325,0,0,0
ss2203,20220218,20220218,112429500,11:24:29,18805,36870,40817,3469306350,1,-1,94025
ss2203,20220218,20220218,112430000,11:24:30,18815,36872,40817,3469494500,2,0,188150
ss2203,20220218,20220218,112430500,11:24:30,18815,36872,40817,3469494500,0,0,0
ss2203,20220218,20220218,112431000,11:24:31,18815,36872,40817,3469494500,0,0,0
ss2203,20220218,20220218,112431500,11:24:31,18815,36872,40817,3469494500,0,0,0
ss2203,20220218,20220218,112432000,11:24:32,18815,36872,40817,3469494500,0,0,0
ss2203,20220218,20220218,112432500,11:24:32,18815,36872,40817,3469494500,0,0,0
ss2203,20220218,20220218,112433000,11:24:33,18815,36872,40817,3469494500,0,0,0
ss2203,20220218,20220218,112433500,11:24:33,18815,36872,40817,3469494500,0,0,0
ss2203,20220218,20220218,112434000,11:24:34,18810,36873,40818,3469588550,1,1,94050
ss2203,20220218,20220218,112434500,11:24:34,18810,36874,40818,3469682600,1,0,94050
ss2203,20220218,20220218,112435000,11:24:35,18810,36874,40818,3469682600,0,0,0
ss2203,20220218,20220218,112435500,11:24:35,18810,36874,40818,3469682600,0,0,0
ss2203,20220218,20220218,112436000,11:24:36,18810,36874,40818,3469682600,0,0,0
ss2203,20220218,20220218,112436500,11:24:36,18810,36874,40818,3469682600,0,0,0
ss2203,20220218,20220218,112437000,11:24:37,18810,36874,40818,3469682600,0,0,0
ss2203,20220218,20220218,112437500,11:24:37,18810,36874,40818,3469682600,0,0,0
ss2203,20220218,20220218,112438000,11:24:39,18810,36874,40818,3469682600,0,0,0
ss2203,20220218,20220218,112438500,11:24:39,18810,36874,40818,3469682600,0,0,0
ss2203,20220218,20220218,112439000,11:24:40,18810,36874,40818,3469682600,0,0,0
ss2203,20220218,20220218,112439500,11:24:40,18810,36877,40818,3469964750,3,0,282150
ss2203,20220218,20220218,112440000,11:24:40,18810,36877,40818,3469964750,0,0,0
ss2203,20220218,20220218,112440500,11:24:40,18810,36877,40818,3469964750,0,0,0
ss2203,20220218,20220218,112441000,11:24:41,18810,36877,40818,3469964750,0,0,0
ss2203,20220218,20220218,112441500,11:24:41,18810,36878,40818,3470058800,1,0,94050
ss2203,20220218,20220218,112442000,11:24:42,18810,36879,40818,3470152850,1,0,94050
ss2203,20220218,20220218,112442500,11:24:42,18810,36879,40818,3470152850,0,0,0
ss2203,20220218,20220218,112443000,11:24:43,18810,36879,40818,3470152850,0,0,0
ss2203,20220218,20220218,112443500,11:24:43,18810,36880,40818,3470246900,1,0,94050
ss2203,20220218,20220218,112444000,11:24:44,18810,36880,40818,3470246900,0,0,0
ss2203,20220218,20220218,112444500,11:24:44,18810,36880,40818,3470246900,0,0,0
ss2203,20220218,20220218,112445000,11:24:45,18810,36881,40817,3470340950,1,-1,94050
ss2203,20220218,20220218,112445500,11:24:45,18810,36881,40817,3470340950,0,0,0
ss2203,20220218,20220218,112446000,11:24:46,18810,36881,40817,3470340950,0,0,0
ss2203,20220218,20220218,112446500,11:24:46,18810,36881,40817,3470340950,0,0,0
ss2203,20220218,20220218,112447000,11:24:47,18810,36881,40817,3470340950,0,0,0
ss2203,20220218,20220218,112447500,11:24:47,18810,36884,40819,3470623100,3,2,282150
ss2203,20220218,20220218,112448000,11:24:48,18810,36884,40819,3470623100,0,0,0
ss2203,20220218,20220218,112448500,11:24:48,18810,36884,40819,3470623100,0,0,0
ss2203,20220218,20220218,112449000,11:24:49,18810,36884,40819,3470623100,0,0,0
ss2203,20220218,20220218,112449500,11:24:49,18810,36884,40819,3470623100,0,0,0
ss2203,20220218,20220218,112450000,11:24:50,18815,36885,40818,3470717175,1,-1,94075
ss2203,20220218,20220218,112450500,11:24:50,18815,36885,40818,3470717175,0,0,0
ss2203,20220218,20220218,112451000,11:24:51,18815,36885,40818,3470717175,0,0,0
ss2203,20220218,20220218,112451500,11:24:51,18815,36885,40818,3470717175,0,0,0
ss2203,20220218,20220218,112452000,11:24:52,18815,36885,40818,3470717175,0,0,0
ss2203,20220218,20220218,112452500,11:24:52,18815,36885,40818,3470717175,0,0,0
ss2203,20220218,20220218,112453000,11:24:53,18815,36885,40818,3470717175,0,0,0
ss2203,20220218,20220218,112453500,11:24:53,18815,36885,40818,3470717175,0,0,0
ss2203,20220218,20220218,112454000,11:24:54,18820,36886,40817,3470811275,1,-1,94100
ss2203,20220218,20220218,112454500,11:24:54,18820,36886,40817,3470811275,0,0,0
ss2203,20220218,20220218,112455000,11:24:55,18820,36886,40817,3470811275,0,0,0
ss2203,20220218,20220218,112455500,11:24:56,18820,36886,40817,3470811275,0,0,0
ss2203,20220218,20220218,112456000,11:24:56,18820,36886,40817,3470811275,0,0,0
ss2203,20220218,20220218,112456500,11:24:56,18820,36887,40818,3470905375,1,1,94100
ss2203,20220218,20220218,112457000,11:24:57,18820,36887,40818,3470905375,0,0,0
ss2203,20220218,20220218,112457500,11:24:57,18820,36887,40818,3470905375,0,0,0
ss2203,20220218,20220218,112458000,11:24:58,18820,36887,40818,3470905375,0,0,0
ss2203,20220218,20220218,112458500,11:24:58,18820,36887,40818,3470905375,0,0,0
ss2203,20220218,20220218,112459000,11:24:59,18820,36887,40818,3470905375,0,0,0
ss2203,20220218,20220218,112459500,11:24:59,18820,36887,40818,3470905375,0,0,0
ss2203,20220218,20220218,112500000,11:25:00,18820,36890,40819,3471187675,3,1,282300
ss2203,20220218,20220218,112500500,11:25:01,18820,36890,40819,3471187675,0,0,0
ss2203,20220218,20220218,112501000,11:25:01,18820,36890,40819,3471187675,0,0,0
ss2203,20220218,20220218,112501500,11:25:02,18820,36892,40817,3471375875,2,-2,188200
ss2203,20220218,20220218,112502000,11:25:05,18820,36892,40817,3471375875,0,0,0
ss2203,20220218,20220218,112502500,11:25:05,18820,36892,40817,3471375875,0,0,0
ss2203,20220218,20220218,112503000,11:25:06,18820,36892,40817,3471375875,0,0,0
ss2203,20220218,20220218,112505000,11:25:06,18820,36892,40817,3471375875,0,0,0
ss2203,20220218,20220218,112505500,11:25:06,18820,36892,40817,3471375875,0,0,0
ss2203,20220218,20220218,112506000,11:25:06,18820,36892,40817,3471375875,0,0,0
ss2203,20220218,20220218,112506500,11:25:07,18820,36892,40817,3471375875,0,0,0
ss2203,20220218,20220218,112507000,11:25:07,18820,36892,40817,3471375875,0,0,0
ss2203,20220218,20220218,112507500,11:25:07,18820,36892,40817,3471375875,0,0,0
ss2203,20220218,20220218,112508000,11:25:08,18820,36892,40817,3471375875,0,0,0
ss2203,20220218,20220218,112508500,11:25:08,18820,36892,40817,3471375875,0,0,0
ss2203,20220218,20220218,112509000,11:25:09,18820,36892,40817,3471375875,0,0,0
ss2203,20220218,20220218,112509500,11:25:09,18820,36892,40817,3471375875,0,0,0
ss2203,20220218,20220218,112510000,11:25:10,18820,36892,40817,3471375875,0,0,0
ss2203,20220218,20220218,112510500,11:25:10,18825,36897,40814,3471846475,5,-3,470600
ss2203,20220218,20220218,112511000,11:25:11,18825,36898,40814,3471940600,1,0,94125
ss2203,20220218,20220218,112511500,11:25:11,18825,36898,40814,3471940600,0,0,0
ss2203,20220218,20220218,112512000,11:25:12,18830,36900,40815,3472128900,2,1,188300
ss2203,20220218,20220218,112512500,11:25:12,18830,36900,40815,3472128900,0,0,0
ss2203,20220218,20220218,112513000,11:25:13,18830,36900,40815,3472128900,0,0,0
ss2203,20220218,20220218,112513500,11:25:15,18830,36900,40815,3472128900,0,0,0
ss2203,20220218,20220218,112514000,11:25:15,18830,36900,40815,3472128900,0,0,0
ss2203,20220218,20220218,112514500,11:25:15,18830,36900,40815,3472128900,0,0,0
ss2203,20220218,20220218,112515000,11:25:16,18830,36900,40815,3472128900,0,0,0
ss2203,20220218,20220218,112515500,11:25:16,18830,36902,40816,3472317200,2,1,188300
ss2203,20220218,20220218,112516000,11:25:16,18830,36902,40816,3472317200,0,0,0
ss2203,20220218,20220218,112516500,11:25:16,18830,36902,40816,3472317200,0,0,0
ss2203,20220218,20220218,112517000,11:25:17,18830,36903,40815,3472411350,1,-1,94150
ss2203,20220218,20220218,112517500,11:25:18,18830,36903,40815,3472411350,0,0,0
ss2203,20220218,20220218,112518000,11:25:18,18830,36903,40815,3472411350,0,0,0
ss2203,20220218,20220218,112518500,11:25:19,18830,36903,40815,3472411350,0,0,0
ss2203,20220218,20220218,112519000,11:25:19,18830,36903,40815,3472411350,0,0,0
ss2203,20220218,20220218,112519500,11:25:19,18830,36904,40815,3472505500,1,0,94150
ss2203,20220218,20220218,112520000,11:25:20,18830,36904,40815,3472505500,0,0,0
ss2203,20220218,20220218,112520500,11:25:21,18830,36904,40815,3472505500,0,0,0
ss2203,20220218,20220218,112521000,11:25:21,18830,36904,40815,3472505500,0,0,0
ss2203,20220218,20220218,112521500,11:25:22,18830,36904,40815,3472505500,0,0,0
ss2203,20220218,20220218,112522000,11:25:22,18830,36904,40815,3472505500,0,0,0
ss2203,20220218,20220218,112522500,11:25:22,18830,36904,40815,3472505500,0,0,0
ss2203,20220218,20220218,112523000,11:25:23,18825,36908,40815,3472882000,4,0,376500
ss2203,20220218,20220218,112523500,11:25:24,18825,36909,40814,3472976125,1,-1,94125
ss2203,20220218,20220218,112524000,11:25:24,18825,36909,40814,3472976125,0,0,0
ss2203,20220218,20220218,112524500,11:25:25,18825,36910,40813,3473070250,1,-1,94125
ss2203,20220218,20220218,112525000,11:25:25,18820,36911,40813,3473164350,1,0,94100
ss2203,20220218,20220218,112525500,11:25:26,18820,36913,40815,3473352550,2,2,188200
ss2203,20220218,20220218,112526000,11:25:26,18820,36914,40814,3473446650,1,-1,94100
ss2203,20220218,20220218,112526500,11:25:27,18820,36914,40814,3473446650,0,0,0
ss2203,20220218,20220218,112527000,11:25:27,18820,36914,40814,3473446650,0,0,0
ss2203,20220218,20220218,112527500,11:25:28,18820,36915,40814,3473540750,1,0,94100
ss2203,20220218,20220218,112528000,11:25:28,18820,36915,40814,3473540750,0,0,0
ss2203,20220218,20220218,112528500,11:25:28,18820,36916,40814,3473634850,1,0,94100
ss2203,20220218,20220218,112529000,11:25:29,18820,36916,40814,3473634850,0,0,0
ss2203,20220218,20220218,112529500,11:25:30,18820,36916,40814,3473634850,0,0,0
ss2203,20220218,20220218,112530000,11:25:30,18815,36917,40814,3473728925,1,0,94075
ss2203,20220218,20220218,112530500,11:25:31,18815,36918,40815,3473823000,1,1,94075
ss2203,20220218,20220218,112531000,11:25:31,18810,36919,40814,3473917050,1,-1,94050
ss2203,20220218,20220218,112531500,11:25:31,18810,36919,40814,3473917050,0,0,0
ss2203,20220218,20220218,112532000,11:25:32,18810,36919,40814,3473917050,0,0,0
ss2203,20220218,20220218,112532500,11:25:32,18810,36921,40816,3474105150,2,2,188100
ss2203,20220218,20220218,112533000,11:25:33,18810,36921,40816,3474105150,0,0,0
ss2203,20220218,20220218,112533500,11:25:33,18810,36921,40816,3474105150,0,0,0
ss2203,20220218,20220218,112534000,11:25:34,18815,36922,40816,3474199225,1,0,94075
ss2203,20220218,20220218,112534500,11:25:34,18815,36925,40819,3474481450,3,3,282225
ss2203,20220218,20220218,112535000,11:25:36,18815,36925,40819,3474481450,0,0,0
ss2203,20220218,20220218,112535500,11:25:37,18815,36925,40819,3474481450,0,0,0
ss2203,20220218,20220218,112536000,11:25:37,18815,36925,40819,3474481450,0,0,0
ss2203,20220218,20220218,112536500,11:25:37,18815,36925,40819,3474481450,0,0,0
ss2203,20220218,20220218,112537000,11:25:37,18815,36925,40819,3474481450,0,0,0
ss2203,20220218,20220218,112537500,11:25:38,18815,36925,40819,3474481450,0,0,0
ss2203,20220218,20220218,112538000,11:25:38,18815,36925,40819,3474481450,0,0,0
ss2203,20220218,20220218,112538500,11:25:39,18815,36925,40819,3474481450,0,0,0
ss2203,20220218,20220218,112539000,11:25:39,18815,36925,40819,3474481450,0,0,0
ss2203,20220218,20220218,112539500,11:25:40,18815,36925,40819,3474481450,0,0,0
ss2203,20220218,20220218,112540000,11:25:40,18815,36925,40819,3474481450,0,0,0
ss2203,20220218,20220218,112540500,11:25:40,18815,36925,40819,3474481450,0,0,0
ss2203,20220218,20220218,112541000,11:25:41,18815,36925,40819,3474481450,0,0,0
ss2203,20220218,20220218,112541500,11:25:41,18815,36925,40819,3474481450,0,0,0
ss2203,20220218,20220218,112542000,11:25:42,18815,36925,40819,3474481450,0,0,0
ss2203,20220218,20220218,112542500,11:25:42,18815,36925,40819,3474481450,0,0,0
ss2203,20220218,20220218,112543000,11:25:43,18815,36925,40819,3474481450,0,0,0
ss2203,20220218,20220218,112543500,11:25:43,18815,36925,40819,3474481450,0,0,0
ss2203,20220218,20220218,112544000,11:25:44,18815,36925,40819,3474481450,0,0,0
ss2203,20220218,20220218,112544500,11:25:44,18815,36925,40819,3474481450,0,0,0
ss2203,20220218,20220218,112545000,11:25:45,18815,36925,40819,3474481450,0,0,0
ss2203,20220218,20220218,112545500,11:25:46,18810,36926,40819,3474575500,1,0,94050
ss2203,20220218,20220218,112546000,11:25:46,18810,36927,40820,3474669550,1,1,94050
ss2203,20220218,20220218,112546500,11:25:47,18810,36927,40820,3474669550,0,0,0
ss2203,20220218,20220218,112547000,11:25:48,18815,36928,40820,3474763625,1,0,94075
ss2203,20220218,20220218,112547500,11:25:48,18815,36928,40820,3474763625,0,0,0
ss2203,20220218,20220218,112548000,11:25:48,18815,36928,40820,3474763625,0,0,0
ss2203,20220218,20220218,112548500,11:25:48,18815,36928,40820,3474763625,0,0,0
ss2203,20220218,20220218,112549000,11:25:49,18815,36928,40820,3474763625,0,0,0
ss2203,20220218,20220218,112549500,11:25:49,18815,36928,40820,3474763625,0,0,0
ss2203,20220218,20220218,112550000,11:25:50,18815,36928,40820,3474763625,0,0,0
ss2203,20220218,20220218,112550500,11:25:50,18815,36929,40820,3474857700,1,0,94075
ss2203,20220218,20220218,112551000,11:25:51,18815,36929,40820,3474857700,0,0,0
ss2203,20220218,20220218,112551500,11:25:51,18815,36930,40821,3474951775,1,1,94075
ss2203,20220218,20220218,112552000,11:25:52,18815,36930,40821,3474951775,0,0,0
ss2203,20220218,20220218,112552500,11:25:52,18815,36930,40821,3474951775,0,0,0
ss2203,20220218,20220218,112553000,11:25:53,18815,36930,40821,3474951775,0,0,0
ss2203,20220218,20220218,112553500,11:25:54,18815,36930,40821,3474951775,0,0,0
ss2203,20220218,20220218,112554000,11:25:54,18815,36930,40821,3474951775,0,0,0
ss2203,20220218,20220218,112554500,11:25:54,18820,36931,40822,3475045875,1,1,94100
ss2203,20220218,20220218,112555000,11:25:55,18820,36931,40822,3475045875,0,0,0
ss2203,20220218,20220218,112555500,11:25:56,18820,36931,40822,3475045875,0,0,0
ss2203,20220218,20220218,112556000,11:25:57,18820,36931,40822,3475045875,0,0,0
ss2203,20220218,20220218,112556500,11:25:57,18820,36931,40822,3475045875,0,0,0
ss2203,20220218,20220218,112557000,11:25:57,18820,36931,40822,3475045875,0,0,0
ss2203,20220218,20220218,112557500,11:25:57,18820,36931,40822,3475045875,0,0,0
ss2203,20220218,20220218,112558000,11:25:59,18820,36931,40822,3475045875,0,0,0
ss2203,20220218,20220218,112558500,11:25:59,18820,36931,40822,3475045875,0,0,0
ss2203,20220218,20220218,112559000,11:25:59,18815,36933,40824,3475234025,2,2,188150
ss2203,20220218,20220218,112559500,11:26:00,18820,36936,40826,3475516325,3,2,282300
ss2203,20220218,20220218,112600000,11:26:00,18820,36937,40827,3475610425,1,1,94100
ss2203,20220218,20220218,112600500,11:26:00,18820,36937,40827,3475610425,0,0,0
ss2203,20220218,20220218,112601000,11:26:01,18820,36938,40827,3475704525,1,0,94100
ss2203,20220218,20220218,112601500,11:26:01,18820,36938,40827,3475704525,0,0,0
ss2203,20220218,20220218,112602000,11:26:03,18820,36938,40827,3475704525,0,0,0
ss2203,20220218,20220218,112602500,11:26:03,18815,36943,40826,3476174900,5,-1,470375
ss2203,20220218,20220218,112603000,11:26:03,18815,36944,40826,3476268975,1,0,94075
ss2203,20220218,20220218,112603500,11:26:03,18815,36944,40826,3476268975,0,0,0
ss2203,20220218,20220218,112604000,11:26:04,18815,36944,40826,3476268975,0,0,0
ss2203,20220218,20220218,112604500,11:26:05,18815,36944,40826,3476268975,0,0,0
ss2203,20220218,20220218,112605000,11:26:05,18815,36944,40826,3476268975,0,0,0
ss2203,20220218,20220218,112605500,11:26:05,18815,36944,40826,3476268975,0,0,0
ss2203,20220218,20220218,112606000,11:26:06,18815,36944,40826,3476268975,0,0,0
ss2203,20220218,20220218,112606500,11:26:06,18815,36944,40826,3476268975,0,0,0
ss2203,20220218,20220218,112607000,11:26:09,18815,36944,40826,3476268975,0,0,0
ss2203,20220218,20220218,112607500,11:26:09,18815,36944,40826,3476268975,0,0,0
ss2203,20220218,20220218,112608000,11:26:09,18815,36944,40826,3476268975,0,0,0
ss2203,20220218,20220218,112609000,11:26:10,18815,36944,40826,3476268975,0,0,0
ss2203,20220218,20220218,112609500,11:26:10,18815,36944,40826,3476268975,0,0,0
ss2203,20220218,20220218,112610000,11:26:10,18815,36944,40826,3476268975,0,0,0
ss2203,20220218,20220218,112610500,11:26:10,18815,36944,40826,3476268975,0,0,0
ss2203,20220218,20220218,112611000,11:26:11,18815,36944,40826,3476268975,0,0,0
ss2203,20220218,20220218,112611500,11:26:11,18815,36944,40826,3476268975,0,0,0
ss2203,20220218,20220218,112612000,11:26:14,18815,36944,40826,3476268975,0,0,0
ss2203,20220218,20220218,112612500,11:26:14,18815,36944,40826,3476268975,0,0,0
ss2203,20220218,20220218,112613000,11:26:15,18815,36944,40826,3476268975,0,0,0
ss2203,20220218,20220218,112614000,11:26:15,18815,36944,40826,3476268975,0,0,0
ss2203,20220218,20220218,112614500,11:26:15,18815,36944,40826,3476268975,0,0,0
ss2203,20220218,20220218,112615000,11:26:16,18815,36944,40826,3476268975,0,0,0
ss2203,20220218,20220218,112615500,11:26:16,18815,36944,40826,3476268975,0,0,0
ss2203,20220218,20220218,112616000,11:26:16,18815,36944,40826,3476268975,0,0,0
ss2203,20220218,20220218,112616500,11:26:16,18815,36944,40826,3476268975,0,0,0
ss2203,20220218,20220218,112617000,11:26:17,18815,36944,40826,3476268975,0,0,0
ss2203,20220218,20220218,112617500,11:26:17,18815,36944,40826,3476268975,0,0,0
ss2203,20220218,20220218,112618000,11:26:18,18815,36944,40826,3476268975,0,0,0
ss2203,20220218,20220218,112618500,11:26:18,18815,36944,40826,3476268975,0,0,0
ss2203,20220218,20220218,112619000,11:26:19,18815,36944,40826,3476268975,0,0,0
ss2203,20220218,20220218,112619500,11:26:20,18815,36944,40826,3476268975,0,0,0
ss2203,20220218,20220218,112620000,11:26:20,18815,36944,40826,3476268975,0,0,0
ss2203,20220218,20220218,112620500,11:26:20,18815,36944,40826,3476268975,0,0,0
ss2203,20220218,20220218,112621000,11:26:21,18815,36945,40827,3476363050,1,1,94075
ss2203,20220218,20220218,112621500,11:26:21,18815,36945,40827,3476363050,0,0,0
ss2203,20220218,20220218,112622000,11:26:22,18815,36945,40827,3476363050,0,0,0
ss2203,20220218,20220218,112622500,11:26:22,18815,36945,40827,3476363050,0,0,0
ss2203,20220218,20220218,112623000,11:26:23,18815,36945,40827,3476363050,0,0,0
ss2203,20220218,20220218,112623500,11:26:23,18815,36945,40827,3476363050,0,0,0
ss2203,20220218,20220218,112624000,11:26:24,18815,36945,40827,3476363050,0,0,0
ss2203,20220218,20220218,112624500,11:26:24,18820,36947,40827,3476551225,2,0,188175
ss2203,20220218,20220218,112625000,11:26:25,18820,36947,40827,3476551225,0,0,0
ss2203,20220218,20220218,112625500,11:26:25,18820,36947,40827,3476551225,0,0,0
ss2203,20220218,20220218,112626000,11:26:26,18820,36947,40827,3476551225,0,0,0
ss2203,20220218,20220218,112626500,11:26:26,18820,36947,40827,3476551225,0,0,0
ss2203,20220218,20220218,112627000,11:26:27,18820,36947,40827,3476551225,0,0,0
ss2203,20220218,20220218,112627500,11:26:27,18820,36947,40827,3476551225,0,0,0
ss2203,20220218,20220218,112628000,11:26:28,18820,36947,40827,3476551225,0,0,0
ss2203,20220218,20220218,112628500,11:26:28,18820,36947,40827,3476551225,0,0,0
ss2203,20220218,20220218,112629000,11:26:29,18820,36947,40827,3476551225,0,0,0
ss2203,20220218,20220218,112629500,11:26:30,18820,36947,40827,3476551225,0,0,0
ss2203,20220218,20220218,112630000,11:26:31,18820,36947,40827,3476551225,0,0,0
ss2203,20220218,20220218,112630500,11:26:31,18820,36947,40827,3476551225,0,0,0
ss2203,20220218,20220218,112631000,11:26:31,18820,36947,40827,3476551225,0,0,0
ss2203,20220218,20220218,112631500,11:26:32,18820,36947,40827,3476551225,0,0,0
ss2203,20220218,20220218,112632000,11:26:32,18820,36947,40827,3476551225,0,0,0
ss2203,20220218,20220218,112632500,11:26:32,18820,36947,40827,3476551225,0,0,0
ss2203,20220218,20220218,112633000,11:26:33,18820,36947,40827,3476551225,0,0,0
ss2203,20220218,20220218,112633500,11:26:34,18820,36947,40827,3476551225,0,0,0
ss2203,20220218,20220218,112634000,11:26:34,18820,36947,40827,3476551225,0,0,0
ss2203,20220218,20220218,112634500,11:26:37,18820,36947,40827,3476551225,0,0,0
ss2203,20220218,20220218,112635000,11:26:37,18820,36947,40827,3476551225,0,0,0
ss2203,20220218,20220218,112635500,11:26:37,18820,36947,40827,3476551225,0,0,0
ss2203,20220218,20220218,112636000,11:26:38,18820,36947,40827,3476551225,0,0,0
ss2203,20220218,20220218,112637000,11:26:54,18820,36947,40827,3476551225,0,0,0
ss2203,20220218,20220218,112637500,11:26:54,18820,36947,40827,3476551225,0,0,0
ss2203,20220218,20220218,112638000,11:27:10,18820,36948,40827,3476645325,1,0,94100
ss2203,20220218,20220218,112638500,11:27:10,18820,36948,40827,3476645325,0,0,0
ss2203,20220218,20220218,112653500,11:27:12,18820,36948,40827,3476645325,0,0,0
ss2203,20220218,20220218,112654000,11:27:12,18820,36948,40827,3476645325,0,0,0
ss2203,20220218,20220218,112710000,11:27:12,18820,36948,40827,3476645325,0,0,0
ss2203,20220218,20220218,112710500,11:27:12,18820,36948,40827,3476645325,0,0,0
ss2203,20220218,20220218,112712000,11:27:13,18820,36948,40827,3476645325,0,0,0
ss2203,20220218,20220218,112712500,11:27:13,18820,36948,40827,3476645325,0,0,0
ss2203,20220218,20220218,112713000,11:27:13,18820,36948,40827,3476645325,0,0,0
ss2203,20220218,20220218,112713500,11:27:14,18820,36948,40827,3476645325,0,0,0
ss2203,20220218,20220218,112714000,11:27:14,18820,36948,40827,3476645325,0,0,0
ss2203,20220218,20220218,112714500,11:27:15,18820,36948,40827,3476645325,0,0,0
ss2203,20220218,20220218,112715000,11:27:15,18820,36948,40827,3476645325,0,0,0
ss2203,20220218,20220218,112715500,11:27:16,18820,36948,40827,3476645325,0,0,0
ss2203,20220218,20220218,112716000,11:27:16,18820,36948,40827,3476645325,0,0,0
ss2203,20220218,20220218,112716500,11:27:17,18820,36948,40827,3476645325,0,0,0
ss2203,20220218,20220218,112717000,11:27:17,18820,36948,40827,3476645325,0,0,0
ss2203,20220218,20220218,112717500,11:27:17,18820,36948,40827,3476645325,0,0,0
ss2203,20220218,20220218,112718000,11:27:18,18820,36948,40827,3476645325,0,0,0
ss2203,20220218,20220218,112718500,11:27:19,18820,36948,40827,3476645325,0,0,0
ss2203,20220218,20220218,112719000,11:27:19,18820,36948,40827,3476645325,0,0,0
ss2203,20220218,20220218,112719500,11:27:20,18820,36948,40827,3476645325,0,0,0
ss2203,20220218,20220218,112720000,11:27:20,18820,36948,40827,3476645325,0,0,0
ss2203,20220218,20220218,112720500,11:27:21,18820,36948,40827,3476645325,0,0,0
ss2203,20220218,20220218,112721000,11:27:21,18820,36948,40827,3476645325,0,0,0
ss2203,20220218,20220218,112721500,11:27:22,18825,36959,40825,3477680575,11,-2,1035250
ss2203,20220218,20220218,112722000,11:27:22,18825,36959,40825,3477680575,0,0,0
ss2203,20220218,20220218,112722500,11:27:22,18825,36959,40825,3477680575,0,0,0
ss2203,20220218,20220218,112723000,11:27:26,18825,36959,40825,3477680575,0,0,0
ss2203,20220218,20220218,112723500,11:27:27,18825,36959,40825,3477680575,0,0,0
ss2203,20220218,20220218,112724000,11:27:27,18825,36959,40825,3477680575,0,0,0
ss2203,20220218,20220218,112724500,11:27:27,18825,36961,40824,3477868825,2,-1,188250
ss2203,20220218,20220218,112726500,11:27:27,18825,36961,40824,3477868825,0,0,0
ss2203,20220218,20220218,112727000,11:27:27,18825,36961,40824,3477868825,0,0,0
ss2203,20220218,20220218,112727500,11:27:27,18825,36961,40824,3477868825,0,0,0
ss2203,20220218,20220218,112728000,11:27:28,18825,36963,40823,3478057075,2,-1,188250
ss2203,20220218,20220218,112728500,11:27:28,18825,36963,40823,3478057075,0,0,0
ss2203,20220218,20220218,112729000,11:27:29,18825,36963,40823,3478057075,0,0,0
ss2203,20220218,20220218,112729500,11:27:29,18825,36963,40823,3478057075,0,0,0
ss2203,20220218,20220218,112730000,11:27:30,18825,36963,40823,3478057075,0,0,0
ss2203,20220218,20220218,112730500,11:27:31,18825,36963,40823,3478057075,0,0,0
ss2203,20220218,20220218,112731000,11:27:32,18825,36963,40823,3478057075,0,0,0
ss2203,20220218,20220218,112731500,11:27:35,18825,36964,40823,3478151200,1,0,94125
ss2203,20220218,20220218,112732000,11:27:35,18825,36964,40823,3478151200,0,0,0
ss2203,20220218,20220218,112732500,11:27:36,18825,36964,40823,3478151200,0,0,0
ss2203,20220218,20220218,112735500,11:27:36,18825,36964,40823,3478151200,0,0,0
ss2203,20220218,20220218,112736000,11:27:36,18825,36964,40823,3478151200,0,0,0
ss2203,20220218,20220218,112736500,11:27:37,18825,36964,40823,3478151200,0,0,0
ss2203,20220218,20220218,112737000,11:27:38,18825,36964,40823,3478151200,0,0,0
ss2203,20220218,20220218,112737500,11:27:38,18825,36965,40822,3478245325,1,-1,94125
ss2203,20220218,20220218,112738000,11:27:38,18825,36965,40822,3478245325,0,0,0
ss2203,20220218,20220218,112738500,11:27:39,18825,36965,40822,3478245325,0,0,0
ss2203,20220218,20220218,112739000,11:27:39,18820,36966,40822,3478339425,1,0,94100
ss2203,20220218,20220218,112739500,11:27:39,18820,36967,40822,3478433525,1,0,94100
ss2203,20220218,20220218,112740000,11:27:40,18820,36967,40822,3478433525,0,0,0
ss2203,20220218,20220218,112740500,11:27:40,18820,36967,40822,3478433525,0,0,0
ss2203,20220218,20220218,112741000,11:27:41,18820,36969,40821,3478621725,2,-1,188200
ss2203,20220218,20220218,112741500,11:27:41,18820,36970,40821,3478715825,1,0,94100
ss2203,20220218,20220218,112742000,11:27:42,18820,36975,40821,3479186325,5,0,470500
ss2203,20220218,20220218,112742500,11:27:43,18820,36977,40820,3479374525,2,-1,188200
ss2203,20220218,20220218,112743000,11:27:43,18820,36977,40820,3479374525,0,0,0
ss2203,20220218,20220218,112743500,11:27:43,18820,36977,40820,3479374525,0,0,0
ss2203,20220218,20220218,112744000,11:27:44,18815,36980,40823,3479656750,3,3,282225
ss2203,20220218,20220218,112744500,11:27:45,18815,36980,40823,3479656750,0,0,0
ss2203,20220218,20220218,112745000,11:27:45,18820,36984,40823,3480033100,4,0,376350
ss2203,20220218,20220218,112745500,11:27:46,18820,36984,40823,3480033100,0,0,0
ss2203,20220218,20220218,112746000,11:27:46,18820,36984,40823,3480033100,0,0,0
ss2203,20220218,20220218,112746500,11:27:47,18820,36984,40823,3480033100,0,0,0
ss2203,20220218,20220218,112747000,11:27:47,18820,36984,40823,3480033100,0,0,0
ss2203,20220218,20220218,112747500,11:27:47,18820,36984,40823,3480033100,0,0,0
ss2203,20220218,20220218,112748000,11:27:48,18820,36984,40823,3480033100,0,0,0
ss2203,20220218,20220218,112748500,11:27:54,18820,36984,40823,3480033100,0,0,0
ss2203,20220218,20220218,112749000,11:27:54,18815,36985,40823,3480127175,1,0,94075
ss2203,20220218,20220218,112749500,11:27:54,18815,36985,40823,3480127175,0,0,0
ss2203,20220218,20220218,112754000,11:27:54,18810,37023,40812,3483700225,38,-11,3573050
ss2203,20220218,20220218,112754500,11:27:54,18810,37023,40812,3483700225,0,0,0
ss2203,20220218,20220218,112755000,11:27:55,18810,37024,40811,3483794275,1,-1,94050
ss2203,20220218,20220218,112755500,11:27:55,18810,37024,40811,3483794275,0,0,0
ss2203,20220218,20220218,112756000,11:27:56,18810,37025,40811,3483888325,1,0,94050
ss2203,20220218,20220218,112756500,11:27:56,18810,37025,40811,3483888325,0,0,0
ss2203,20220218,20220218,112757000,11:27:57,18810,37025,40811,3483888325,0,0,0
ss2203,20220218,20220218,112757500,11:27:57,18810,37025,40811,3483888325,0,0,0
ss2203,20220218,20220218,112758000,11:27:58,18810,37025,40811,3483888325,0,0,0
ss2203,20220218,20220218,112758500,11:27:58,18810,37025,40811,3483888325,0,0,0
ss2203,20220218,20220218,112759000,11:27:59,18810,37025,40811,3483888325,0,0,0
ss2203,20220218,20220218,112759500,11:27:59,18810,37025,40811,3483888325,0,0,0
ss2203,20220218,20220218,112800000,11:28:00,18810,37025,40811,3483888325,0,0,0
ss2203,20220218,20220218,112800500,11:28:01,18810,37025,40811,3483888325,0,0,0
ss2203,20220218,20220218,112801000,11:28:01,18810,37025,40811,3483888325,0,0,0
ss2203,20220218,20220218,112801500,11:28:02,18810,37025,40811,3483888325,0,0,0
ss2203,20220218,20220218,112802000,11:28:03,18805,37026,40810,3483982350,1,-1,94025
ss2203,20220218,20220218,112802500,11:28:03,18805,37026,40810,3483982350,0,0,0
ss2203,20220218,20220218,112803000,11:28:04,18810,37028,40812,3484170450,2,2,188100
ss2203,20220218,20220218,112803500,11:28:04,18810,37028,40812,3484170450,0,0,0
ss2203,20220218,20220218,112804000,11:28:04,18810,37028,40812,3484170450,0,0,0
ss2203,20220218,20220218,112804500,11:28:05,18810,37028,40812,3484170450,0,0,0
ss2203,20220218,20220218,112805000,11:28:06,18815,37029,40811,3484264525,1,-1,94075
ss2203,20220218,20220218,112805500,11:28:06,18815,37029,40811,3484264525,0,0,0
ss2203,20220218,20220218,112806000,11:28:08,18815,37029,40811,3484264525,0,0,0
ss2203,20220218,20220218,112806500,11:28:10,18815,37029,40811,3484264525,0,0,0
ss2203,20220218,20220218,112807000,11:28:10,18815,37029,40811,3484264525,0,0,0
ss2203,20220218,20220218,112807500,11:28:10,18815,37029,40811,3484264525,0,0,0
ss2203,20220218,20220218,112810000,11:28:11,18815,37029,40811,3484264525,0,0,0
ss2203,20220218,20220218,112810500,11:28:11,18815,37029,40811,3484264525,0,0,0
ss2203,20220218,20220218,112811000,11:28:12,18815,37029,40811,3484264525,0,0,0
ss2203,20220218,20220218,112811500,11:28:12,18815,37029,40811,3484264525,0,0,0
ss2203,20220218,20220218,112812000,11:28:12,18815,37029,40811,3484264525,0,0,0
ss2203,20220218,20220218,112812500,11:28:13,18815,37029,40811,3484264525,0,0,0
ss2203,20220218,20220218,112813000,11:28:13,18815,37029,40811,3484264525,0,0,0
ss2203,20220218,20220218,112813500,11:28:13,18815,37029,40811,3484264525,0,0,0
ss2203,20220218,20220218,112814000,11:28:14,18815,37029,40811,3484264525,0,0,0
ss2203,20220218,20220218,112814500,11:28:14,18815,37029,40811,3484264525,0,0,0
ss2203,20220218,20220218,112815000,11:28:15,18815,37029,40811,3484264525,0,0,0
ss2203,20220218,20220218,112815500,11:28:15,18815,37029,40811,3484264525,0,0,0
ss2203,20220218,20220218,112816000,11:28:16,18815,37029,40811,3484264525,0,0,0
ss2203,20220218,20220218,112816500,11:28:16,18815,37029,40811,3484264525,0,0,0
ss2203,20220218,20220218,112817000,11:28:17,18815,37029,40811,3484264525,0,0,0
ss2203,20220218,20220218,112817500,11:28:17,18815,37029,40811,3484264525,0,0,0
ss2203,20220218,20220218,112818000,11:28:18,18815,37029,40811,3484264525,0,0,0
ss2203,20220218,20220218,112818500,11:28:18,18815,37029,40811,3484264525,0,0,0
ss2203,20220218,20220218,112819000,11:28:19,18820,37031,40809,3484452725,2,-2,188200
ss2203,20220218,20220218,112819500,11:28:19,18820,37031,40809,3484452725,0,0,0
ss2203,20220218,20220218,112820000,11:28:20,18820,37031,40809,3484452725,0,0,0
ss2203,20220218,20220218,112820500,11:28:20,18820,37031,40809,3484452725,0,0,0
ss2203,20220218,20220218,112821000,11:28:21,18820,37031,40809,3484452725,0,0,0
ss2203,20220218,20220218,112821500,11:28:21,18820,37031,40809,3484452725,0,0,0
ss2203,20220218,20220218,112822000,11:28:22,18820,37031,40809,3484452725,0,0,0
ss2203,20220218,20220218,112822500,11:28:22,18820,37031,40809,3484452725,0,0,0
ss2203,20220218,20220218,112823000,11:28:23,18820,37031,40809,3484452725,0,0,0
ss2203,20220218,20220218,112823500,11:28:23,18820,37031,40809,3484452725,0,0,0
ss2203,20220218,20220218,112824000,11:28:24,18820,37031,40809,3484452725,0,0,0
ss2203,20220218,20220218,112824500,11:28:24,18820,37031,40809,3484452725,0,0,0
ss2203,20220218,20220218,112825000,11:28:25,18820,37031,40809,3484452725,0,0,0
ss2203,20220218,20220218,112825500,11:28:25,18820,37031,40809,3484452725,0,0,0
ss2203,20220218,20220218,112826000,11:28:26,18820,37031,40809,3484452725,0,0,0
ss2203,20220218,20220218,112826500,11:28:26,18820,37031,40809,3484452725,0,0,0
ss2203,20220218,20220218,112827000,11:28:27,18820,37031,40809,3484452725,0,0,0
ss2203,20220218,20220218,112827500,11:28:27,18820,37031,40809,3484452725,0,0,0
ss2203,20220218,20220218,112828000,11:28:28,18820,37031,40809,3484452725,0,0,0
ss2203,20220218,20220218,112828500,11:28:28,18820,37031,40809,3484452725,0,0,0
ss2203,20220218,20220218,112829000,11:28:29,18820,37031,40809,3484452725,0,0,0
ss2203,20220218,20220218,112829500,11:28:29,18820,37031,40809,3484452725,0,0,0
ss2203,20220218,20220218,112830000,11:28:30,18820,37031,40809,3484452725,0,0,0
ss2203,20220218,20220218,112830500,11:28:31,18820,37031,40809,3484452725,0,0,0
ss2203,20220218,20220218,112831000,11:28:31,18820,37032,40808,3484546825,1,-1,94100
ss2203,20220218,20220218,112831500,11:28:31,18820,37032,40808,3484546825,0,0,0
ss2203,20220218,20220218,112832000,11:28:32,18820,37032,40808,3484546825,0,0,0
ss2203,20220218,20220218,112834000,11:28:34,18820,37032,40808,3484546825,0,0,0
ss2203,20220218,20220218,112834500,11:28:34,18820,37033,40808,3484640925,1,0,94100
ss2203,20220218,20220218,112835500,11:28:35,18820,37033,40808,3484640925,0,0,0
ss2203,20220218,20220218,112836000,11:28:37,18820,37035,40808,3484829125,2,0,188200
ss2203,20220218,20220218,112836500,11:28:37,18820,37035,40808,3484829125,0,0,0
ss2203,20220218,20220218,112838000,11:28:38,18820,37035,40808,3484829125,0,0,0
ss2203,20220218,20220218,112838500,11:28:38,18825,37045,40806,3485770375,10,-2,941250
ss2203,20220218,20220218,112839000,11:28:39,18825,37046,40806,3485864500,1,0,94125
ss2203,20220218,20220218,112841000,11:28:41,18825,37046,40806,3485864500,0,0,0
ss2203,20220218,20220218,112841500,11:28:41,18825,37046,40806,3485864500,0,0,0
ss2203,20220218,20220218,112843500,11:28:44,18825,37046,40806,3485864500,0,0,0
ss2203,20220218,20220218,112847500,11:28:48,18820,37047,40805,3485958600,1,-1,94100
ss2203,20220218,20220218,112848000,11:28:48,18820,37047,40805,3485958600,0,0,0
ss2203,20220218,20220218,112849000,11:28:49,18820,37047,40805,3485958600,0,0,0
ss2203,20220218,20220218,112850000,11:28:50,18820,37047,40805,3485958600,0,0,0
ss2203,20220218,20220218,112852000,11:28:52,18820,37047,40805,3485958600,0,0,0
ss2203,20220218,20220218,112853500,11:28:54,18825,37048,40806,3486052725,1,1,94125
ss2203,20220218,20220218,112856000,11:28:56,18825,37048,40806,3486052725,0,0,0
ss2203,20220218,20220218,112857000,11:28:57,18825,37048,40806,3486052725,0,0,0
ss2203,20220218,20220218,112857500,11:28:58,18825,37048,40806,3486052725,0,0,0
ss2203,20220218,20220218,112858000,11:28:58,18825,37048,40806,3486052725,0,0,0
ss2203,20220218,20220218,112859000,11:28:59,18825,37048,40806,3486052725,0,0,0
ss2203,20220218,20220218,112859500,11:28:59,18825,37048,40806,3486052725,0,0,0
ss2203,20220218,20220218,112901500,11:29:01,18825,37048,40806,3486052725,0,0,0
ss2203,20220218,20220218,112902500,11:29:03,18825,37054,40812,3486617475,6,6,564750
ss2203,20220218,20220218,112903000,11:29:03,18830,37061,40818,3487276375,7,6,658900
ss2203,20220218,20220218,112903500,11:29:03,18830,37063,40818,3487464675,2,0,188300
ss2203,20220218,20220218,112904000,11:29:04,18830,37063,40818,3487464675,0,0,0
ss2203,20220218,20220218,112904500,11:29:04,18830,37063,40818,3487464675,0,0,0
ss2203,20220218,20220218,112905000,11:29:05,18830,37063,40818,3487464675,0,0,0
ss2203,20220218,20220218,112907500,11:29:08,18830,37064,40818,3487558825,1,0,94150
ss2203,20220218,20220218,112908000,11:29:08,18830,37065,40819,3487652975,1,1,94150
ss2203,20220218,20220218,112908500,11:29:08,18830,37065,40819,3487652975,0,0,0
ss2203,20220218,20220218,112909000,11:29:09,18830,37065,40819,3487652975,0,0,0
ss2203,20220218,20220218,112910500,11:29:10,18835,37066,40818,3487747150,1,-1,94175
ss2203,20220218,20220218,112911000,11:29:11,18840,37067,40818,3487841350,1,0,94200
ss2203,20220218,20220218,112911500,11:29:12,18840,37067,40818,3487841350,0,0,0
ss2203,20220218,20220218,112912000,11:29:12,18840,37067,40818,3487841350,0,0,0
ss2203,20220218,20220218,112912500,11:29:12,18840,37068,40817,3487935550,1,-1,94200
ss2203,20220218,20220218,112913000,11:29:13,18840,37070,40815,3488123950,2,-2,188400
ss2203,20220218,20220218,112913500,11:29:14,18835,37072,40813,3488312300,2,-2,188350
ss2203,20220218,20220218,112914500,11:29:14,18835,37074,40813,3488500650,2,0,188350
ss2203,20220218,20220218,112915000,11:29:15,18835,37074,40813,3488500650,0,0,0
ss2203,20220218,20220218,112915500,11:29:16,18835,37074,40813,3488500650,0,0,0
ss2203,20220218,20220218,112916000,11:29:16,18835,37074,40813,3488500650,0,0,0
ss2203,20220218,20220218,112916500,11:29:16,18835,37074,40813,3488500650,0,0,0
ss2203,20220218,20220218,112917000,11:29:20,18835,37074,40813,3488500650,0,0,0
ss2203,20220218,20220218,112917500,11:29:20,18835,37074,40813,3488500650,0,0,0
ss2203,20220218,20220218,112918000,11:29:21,18825,37076,40811,3488688900,2,-2,188250
ss2203,20220218,20220218,112919500,11:29:22,18825,37076,40811,3488688900,0,0,0
ss2203,20220218,20220218,112925000,11:29:25,18825,37076,40811,3488688900,0,0,0
ss2203,20220218,20220218,112925500,11:29:25,18825,37076,40811,3488688900,0,0,0
ss2203,20220218,20220218,112926000,11:29:26,18825,37076,40811,3488688900,0,0,0
ss2203,20220218,20220218,112927500,11:29:27,18825,37076,40811,3488688900,0,0,0
ss2203,20220218,20220218,112928500,11:29:28,18825,37076,40811,3488688900,0,0,0
ss2203,20220218,20220218,112929000,11:29:29,18830,37080,40811,3489065500,4,0,376600
ss2203,20220218,20220218,112929500,11:29:29,18830,37081,40810,3489159650,1,-1,94150
ss2203,20220218,20220218,112930000,11:29:30,18830,37081,40810,3489159650,0,0,0
ss2203,20220218,20220218,112930500,11:29:30,18830,37082,40809,3489253800,1,-1,94150
ss2203,20220218,20220218,112931000,11:29:32,18830,37086,40809,3489630400,4,0,376600
ss2203,20220218,20220218,112931500,11:29:32,18825,37091,40806,3490101050,5,-3,470650
ss2203,20220218,20220218,112932000,11:29:32,18825,37095,40806,3490477550,4,0,376500
ss2203,20220218,20220218,112932500,11:29:36,18825,37095,40806,3490477550,0,0,0
ss2203,20220218,20220218,112933000,11:29:37,18825,37095,40806,3490477550,0,0,0
ss2203,20220218,20220218,112936500,11:29:38,18815,37102,40800,3491136125,7,-6,658575
ss2203,20220218,20220218,112937000,11:29:38,18815,37116,40800,3492453175,14,0,1317050
ss2203,20220218,20220218,112937500,11:29:38,18815,37116,40800,3492453175,0,0,0
ss2203,20220218,20220218,112938000,11:29:38,18815,37116,40800,3492453175,0,0,0
ss2203,20220218,20220218,112938500,11:29:38,18815,37116,40800,3492453175,0,0,0
ss2203,20220218,20220218,112942500,11:29:44,18825,37117,40799,3492547300,1,-1,94125
ss2203,20220218,20220218,112943000,11:29:45,18825,37118,40798,3492641425,1,-1,94125
ss2203,20220218,20220218,112943500,11:29:45,18825,37118,40798,3492641425,0,0,0
ss2203,20220218,20220218,112944000,11:29:45,18820,37119,40797,3492735525,1,-1,94100
ss2203,20220218,20220218,112944500,11:29:46,18820,37119,40797,3492735525,0,0,0
ss2203,20220218,20220218,112945000,11:29:46,18820,37119,40797,3492735525,0,0,0
ss2203,20220218,20220218,112946000,11:29:46,18825,37120,40796,3492829650,1,-1,94125
ss2203,20220218,20220218,112948000,11:29:48,18825,37121,40795,3492923775,1,-1,94125
ss2203,20220218,20220218,112948500,11:29:49,18825,37121,40795,3492923775,0,0,0
ss2203,20220218,20220218,112949000,11:29:50,18825,37121,40795,3492923775,0,0,0
ss2203,20220218,20220218,112950500,11:29:51,18825,37121,40795,3492923775,0,0,0
ss2203,20220218,20220218,112951500,11:29:52,18825,37123,40793,3493112025,2,-2,188250
ss2203,20220218,20220218,112952000,11:29:52,18820,37125,40793,3493300225,2,0,188200
ss2203,20220218,20220218,112952500,11:29:53,18820,37125,40793,3493300225,0,0,0
ss2203,20220218,20220218,112953000,11:29:53,18820,37125,40793,3493300225,0,0,0
ss2203,20220218,20220218,112953500,11:29:54,18820,37128,40792,3493582525,3,-1,282300
ss2203,20220218,20220218,112954000,11:29:54,18820,37128,40792,3493582525,0,0,0
ss2203,20220218,20220218,112954500,11:29:54,18815,37129,40791,3493676600,1,-1,94075
ss2203,20220218,20220218,112955500,11:29:55,18815,37129,40791,3493676600,0,0,0
ss2203,20220218,20220218,112957500,11:30:02,18810,37130,40790,3493770650,1,-1,94050
ss2203,20220218,20220218,112959500,11:30:03,18810,37130,40790,3493770650,0,0,0
ss2203,20220218,20220218,113000000,11:30:03,18810,37130,40790,3493770650,0,0,0
ss2203,20220218,20220218,113000500,11:30:03,18810,37130,40790,3493770650,0,0,0
ss2203,20220218,20220218,113001500,11:30:03,18810,37130,40790,3493770650,0,0,0
ss2203,20220218,20220218,133002000,13:30:08,18820,37131,40790,3493864750,1,0,94100
ss2203,20220218,20220218,133002500,13:30:08,18805,37136,40786,3494334875,5,-4,470125
ss2203,20220218,20220218,133008500,13:30:10,18805,37136,40786,3494334875,0,0,0
ss2203,20220218,20220218,133009500,13:30:11,18805,37136,40786,3494334875,0,0,0
ss2203,20220218,20220218,133010000,13:30:11,18805,37136,40786,3494334875,0,0,0
ss2203,20220218,20220218,133010500,13:30:11,18800,37164,40767,3496968650,28,-19,2633775
ss2203,20220218,20220218,133011000,13:30:12,18800,37165,40767,3497062650,1,0,94000
ss2203,20220218,20220218,133011500,13:30:13,18800,37197,40761,3500070650,32,-6,3008000
ss2203,20220218,20220218,133012500,13:30:13,18790,37205,40764,3500822500,8,3,751850
ss2203,20220218,20220218,133013000,13:30:13,18790,37205,40764,3500822500,0,0,0
ss2203,20220218,20220218,133013500,13:30:14,18795,37206,40764,3500916475,1,0,93975
ss2203,20220218,20220218,133014000,13:30:15,18795,37206,40764,3500916475,0,0,0
ss2203,20220218,20220218,133014500,13:30:16,18795,37206,40764,3500916475,0,0,0
ss2203,20220218,20220218,133015000,13:30:17,18800,37207,40763,3501010475,1,-1,94000
ss2203,20220218,20220218,133016500,13:30:18,18800,37207,40763,3501010475,0,0,0
ss2203,20220218,20220218,133017000,13:30:18,18800,37207,40763,3501010475,0,0,0
ss2203,20220218,20220218,133017500,13:30:19,18800,37207,40763,3501010475,0,0,0
ss2203,20220218,20220218,133018000,13:30:19,18795,37210,40761,3501292450,3,-2,281975
ss2203,20220218,20220218,133018500,13:30:20,18795,37210,40761,3501292450,0,0,0
ss2203,20220218,20220218,133019000,13:30:20,18795,37211,40761,3501386425,1,0,93975
ss2203,20220218,20220218,133019500,13:30:20,18795,37211,40761,3501386425,0,0,0
ss2203,20220218,20220218,133020000,13:30:21,18795,37212,40761,3501480400,1,0,93975
ss2203,20220218,20220218,133020500,13:30:21,18790,37214,40761,3501668325,2,0,187925
ss2203,20220218,20220218,133021000,13:30:21,18790,37215,40761,3501762275,1,0,93950
ss2203,20220218,20220218,133021500,13:30:22,18790,37215,40761,3501762275,0,0,0
ss2203,20220218,20220218,133022000,13:30:22,18790,37215,40761,3501762275,0,0,0
ss2203,20220218,20220218,133022500,13:30:38,18790,37215,40761,3501762275,0,0,0
ss2203,20220218,20220218,133023000,13:30:38,18795,37217,40761,3501950225,2,0,187950
ss2203,20220218,20220218,133037500,13:30:41,18795,37217,40761,3501950225,0,0,0
ss2203,20220218,20220218,133038500,13:30:41,18795,37217,40761,3501950225,0,0,0
ss2203,20220218,20220218,133039500,13:30:43,18795,37217,40761,3501950225,0,0,0
ss2203,20220218,20220218,133041000,13:30:43,18805,37257,40746,3505710400,40,-15,3760175
ss2203,20220218,20220218,133041500,13:30:43,18810,37262,40746,3506180650,5,0,470250
ss2203,20220218,20220218,133043000,13:30:44,18810,37262,40746,3506180650,0,0,0
ss2203,20220218,20220218,133043500,13:30:44,18810,37263,40746,3506274700,1,0,94050
ss2203,20220218,20220218,133044500,13:30:46,18810,37263,40746,3506274700,0,0,0
ss2203,20220218,20220218,133045000,13:30:46,18810,37263,40746,3506274700,0,0,0
ss2203,20220218,20220218,133045500,13:30:46,18810,37263,40746,3506274700,0,0,0
ss2203,20220218,20220218,133046500,13:30:47,18810,37268,40744,3506744900,5,-2,470200
ss2203,20220218,20220218,133047000,13:30:47,18810,37268,40744,3506744900,0,0,0
ss2203,20220218,20220218,133047500,13:30:48,18810,37271,40743,3507027100,3,-1,282200
ss2203,20220218,20220218,133048000,13:30:48,18810,37271,40743,3507027100,0,0,0
ss2203,20220218,20220218,133048500,13:30:49,18820,37272,40742,3507121200,1,-1,94100
ss2203,20220218,20220218,133049000,13:30:49,18820,37272,40742,3507121200,0,0,0
ss2203,20220218,20220218,133049500,13:30:50,18820,37272,40742,3507121200,0,0,0
ss2203,20220218,20220218,133050000,13:30:50,18810,37273,40741,3507215250,1,-1,94050
ss2203,20220218,20220218,133050500,13:30:51,18810,37273,40741,3507215250,0,0,0
ss2203,20220218,20220218,133051000,13:30:52,18810,37274,40741,3507309300,1,0,94050
ss2203,20220218,20220218,133052000,13:30:52,18815,37277,40739,3507591475,3,-2,282175
ss2203,20220218,20220218,133052500,13:30:53,18810,37281,40738,3507967675,4,-1,376200
ss2203,20220218,20220218,133053000,13:30:54,18810,37282,40737,3508061725,1,-1,94050
ss2203,20220218,20220218,133053500,13:30:54,18810,37289,40743,3508720075,7,6,658350
ss2203,20220218,20220218,133054000,13:30:54,18810,37289,40743,3508720075,0,0,0
ss2203,20220218,20220218,133054500,13:30:55,18810,37289,40743,3508720075,0,0,0
ss2203,20220218,20220218,133055000,13:30:55,18810,37289,40743,3508720075,0,0,0
ss2203,20220218,20220218,133055500,13:30:56,18810,37289,40743,3508720075,0,0,0
ss2203,20220218,20220218,133057500,13:30:58,18810,37289,40743,3508720075,0,0,0
ss2203,20220218,20220218,133058500,13:30:59,18810,37289,40743,3508720075,0,0,0
ss2203,20220218,20220218,133059500,13:30:59,18810,37289,40743,3508720075,0,0,0
ss2203,20220218,20220218,133100000,13:31:00,18815,37290,40743,3508814150,1,0,94075
ss2203,20220218,20220218,133100500,13:31:00,18815,37290,40743,3508814150,0,0,0
ss2203,20220218,20220218,133101000,13:31:01,18820,37292,40745,3509002350,2,2,188200
ss2203,20220218,20220218,133101500,13:31:01,18820,37292,40745,3509002350,0,0,0
ss2203,20220218,20220218,133102000,13:31:02,18825,37294,40745,3509190600,2,0,188250
ss2203,20220218,20220218,133102500,13:31:02,18825,37294,40745,3509190600,0,0,0
ss2203,20220218,20220218,133103000,13:31:03,18825,37295,40745,3509284725,1,0,94125
ss2203,20220218,20220218,133103500,13:31:04,18825,37295,40745,3509284725,0,0,0
ss2203,20220218,20220218,133104000,13:31:06,18830,37297,40743,3509473025,2,-2,188300
ss2203,20220218,20220218,133104500,13:31:06,18825,37299,40743,3509661275,2,0,188250
ss2203,20220218,20220218,133105500,13:31:08,18825,37299,40743,3509661275,0,0,0
ss2203,20220218,20220218,133106000,13:31:08,18825,37299,40743,3509661275,0,0,0
ss2203,20220218,20220218,133107500,13:31:09,18825,37299,40743,3509661275,0,0,0
ss2203,20220218,20220218,133108500,13:31:09,18825,37299,40743,3509661275,0,0,0
ss2203,20220218,20220218,133109000,13:31:09,18825,37299,40743,3509661275,0,0,0
ss2203,20220218,20220218,133109500,13:31:10,18835,37303,40741,3510037925,4,-2,376650
ss2203,20220218,20220218,133110000,13:31:11,18835,37304,40741,3510132100,1,0,94175
ss2203,20220218,20220218,133110500,13:31:11,18835,37304,40741,3510132100,0,0,0
ss2203,20220218,20220218,133111000,13:31:11,18835,37310,40744,3510697150,6,3,565050
ss2203,20220218,20220218,133111500,13:31:12,18830,37311,40744,3510791300,1,0,94150
ss2203,20220218,20220218,133112000,13:31:12,18830,37314,40746,3511073750,3,2,282450
ss2203,20220218,20220218,133112500,13:31:13,18830,37314,40746,3511073750,0,0,0
ss2203,20220218,20220218,133113000,13:31:13,18830,37314,40746,3511073750,0,0,0
ss2203,20220218,20220218,133113500,13:31:14,18825,37316,40746,3511262000,2,0,188250
ss2203,20220218,20220218,133114000,13:31:15,18825,37316,40746,3511262000,0,0,0
ss2203,20220218,20220218,133114500,13:31:15,18825,37316,40746,3511262000,0,0,0
ss2203,20220218,20220218,133115000,13:31:15,18825,37316,40746,3511262000,0,0,0
ss2203,20220218,20220218,133115500,13:31:15,18825,37316,40746,3511262000,0,0,0
ss2203,20220218,20220218,133116000,13:31:16,18820,37317,40745,3511356100,1,-1,94100
ss2203,20220218,20220218,133116500,13:31:17,18820,37317,40745,3511356100,0,0,0
ss2203,20220218,20220218,133117000,13:31:17,18825,37318,40745,3511450225,1,0,94125
ss2203,20220218,20220218,133119000,13:31:19,18825,37318,40745,3511450225,0,0,0
ss2203,20220218,20220218,133120000,13:31:20,18825,37318,40745,3511450225,0,0,0
ss2203,20220218,20220218,133121000,13:31:21,18825,37318,40745,3511450225,0,0,0
ss2203,20220218,20220218,133122000,13:31:22,18825,37318,40745,3511450225,0,0,0
ss2203,20220218,20220218,133122500,13:31:23,18825,37318,40745,3511450225,0,0,0
ss2203,20220218,20220218,133123000,13:31:25,18825,37318,40745,3511450225,0,0,0
ss2203,20220218,20220218,133123500,13:31:25,18825,37318,40745,3511450225,0,0,0
ss2203,20220218,20220218,133124000,13:31:25,18825,37318,40745,3511450225,0,0,0
ss2203,20220218,20220218,133124500,13:31:25,18825,37318,40745,3511450225,0,0,0
ss2203,20220218,20220218,133158000,13:31:58,18825,37318,40745,3511450225,0,0,0
ss2203,20220218,20220218,133158500,13:31:58,18825,37318,40745,3511450225,0,0,0
ss2203,20220218,20220218,133159500,13:32:00,18825,37318,40745,3511450225,0,0,0
ss2203,20220218,20220218,133201000,13:32:01,18825,37318,40745,3511450225,0,0,0
ss2203,20220218,20220218,133202500,13:32:03,18825,37318,40745,3511450225,0,0,0
ss2203,20220218,20220218,133203000,13:32:04,18810,37376,40735,3516908550,58,-10,5458325
ss2203,20220218,20220218,133203500,13:32:05,18810,37376,40735,3516908550,0,0,0
ss2203,20220218,20220218,133204000,13:32:05,18810,37376,40735,3516908550,0,0,0
ss2203,20220218,20220218,133205000,13:32:06,18805,37378,40735,3517096600,2,0,188050
ss2203,20220218,20220218,133205500,13:32:06,18810,37379,40734,3517190650,1,-1,94050
ss2203,20220218,20220218,133206000,13:32:06,18810,37379,40734,3517190650,0,0,0
ss2203,20220218,20220218,133206500,13:32:07,18810,37379,40734,3517190650,0,0,0
ss2203,20220218,20220218,133207000,13:32:07,18805,37380,40735,3517284675,1,1,94025
ss2203,20220218,20220218,133207500,13:32:07,18805,37384,40736,3517660775,4,1,376100
ss2203,20220218,20220218,133208000,13:32:09,18805,37384,40736,3517660775,0,0,0
ss2203,20220218,20220218,133208500,13:32:10,18805,37385,40736,3517754800,1,0,94025
ss2203,20220218,20220218,133209000,13:32:10,18805,37385,40736,3517754800,0,0,0
ss2203,20220218,20220218,133209500,13:32:10,18805,37385,40736,3517754800,0,0,0
ss2203,20220218,20220218,133210000,13:32:10,18805,37385,40736,3517754800,0,0,0
ss2203,20220218,20220218,133210500,13:32:13,18800,37391,40740,3518318800,6,4,564000
ss2203,20220218,20220218,133211000,13:32:14,18800,37391,40740,3518318800,0,0,0
ss2203,20220218,20220218,133213000,13:32:15,18795,37406,40751,3519728425,15,11,1409625
ss2203,20220218,20220218,133213500,13:32:15,18790,37409,40753,3520010275,3,2,281850
ss2203,20220218,20220218,133214000,13:32:15,18790,37409,40753,3520010275,0,0,0
ss2203,20220218,20220218,133214500,13:32:16,18795,37410,40753,3520104250,1,0,93975
ss2203,20220218,20220218,133215000,13:32:16,18790,37416,40750,3520668000,6,-3,563750
ss2203,20220218,20220218,133215500,13:32:16,18790,37424,40746,3521419775,8,-4,751775
ss2203,20220218,20220218,133216000,13:32:17,18795,37425,40746,3521513750,1,0,93975
ss2203,20220218,20220218,133216500,13:32:17,18795,37425,40746,3521513750,0,0,0
ss2203,20220218,20220218,133217000,13:32:17,18795,37425,40746,3521513750,0,0,0
ss2203,20220218,20220218,133217500,13:32:18,18795,37425,40746,3521513750,0,0,0
ss2203,20220218,20220218,133218000,13:32:18,18795,37425,40746,3521513750,0,0,0
ss2203,20220218,20220218,133218500,13:32:18,18795,37425,40746,3521513750,0,0,0
ss2203,20220218,20220218,133219000,13:32:19,18795,37425,40746,3521513750,0,0,0
ss2203,20220218,20220218,133219500,13:32:20,18795,37425,40746,3521513750,0,0,0
ss2203,20220218,20220218,133220000,13:32:20,18795,37426,40745,3521607725,1,-1,93975
ss2203,20220218,20220218,133220500,13:32:21,18795,37426,40745,3521607725,0,0,0
ss2203,20220218,20220218,133221000,13:32:21,18795,37426,40745,3521607725,0,0,0
ss2203,20220218,20220218,133221500,13:32:22,18795,37426,40745,3521607725,0,0,0
ss2203,20220218,20220218,133222000,13:32:22,18795,37426,40745,3521607725,0,0,0
ss2203,20220218,20220218,133222500,13:32:23,18795,37426,40745,3521607725,0,0,0
ss2203,20220218,20220218,133223000,13:32:24,18795,37426,40745,3521607725,0,0,0
ss2203,20220218,20220218,133223500,13:32:24,18795,37426,40745,3521607725,0,0,0
ss2203,20220218,20220218,133224000,13:32:24,18795,37426,40745,3521607725,0,0,0
ss2203,20220218,20220218,133224500,13:32:24,18795,37426,40745,3521607725,0,0,0
ss2203,20220218,20220218,133225000,13:32:25,18795,37426,40745,3521607725,0,0,0
ss2203,20220218,20220218,133225500,13:32:25,18795,37426,40745,3521607725,0,0,0
ss2203,20220218,20220218,133226000,13:32:27,18795,37426,40745,3521607725,0,0,0
ss2203,20220218,20220218,133226500,13:32:27,18795,37426,40745,3521607725,0,0,0
ss2203,20220218,20220218,133227000,13:32:27,18795,37426,40745,3521607725,0,0,0
ss2203,20220218,20220218,133227500,13:32:27,18795,37432,40743,3522171575,6,-2,563850
ss2203,20220218,20220218,133228000,13:32:32,18795,37432,40743,3522171575,0,0,0
ss2203,20220218,20220218,133228500,13:32:32,18795,37432,40743,3522171575,0,0,0
ss2203,20220218,20220218,133229000,13:32:33,18790,37439,40741,3522829225,7,-2,657650
ss2203,20220218,20220218,133229500,13:32:33,18790,37439,40741,3522829225,0,0,0
ss2203,20220218,20220218,133232000,13:32:35,18790,37439,40741,3522829225,0,0,0
ss2203,20220218,20220218,133232500,13:32:35,18790,37439,40741,3522829225,0,0,0
ss2203,20220218,20220218,133234500,13:32:36,18790,37443,40739,3523205100,4,-2,375875
ss2203,20220218,20220218,133235000,13:32:36,18790,37443,40739,3523205100,0,0,0
ss2203,20220218,20220218,133235500,13:32:36,18790,37443,40739,3523205100,0,0,0
ss2203,20220218,20220218,133236000,13:32:36,18790,37443,40739,3523205100,0,0,0
ss2203,20220218,20220218,133236500,13:32:37,18790,37444,40739,3523299050,1,0,93950
ss2203,20220218,20220218,133237000,13:32:37,18790,37445,40739,3523393000,1,0,93950
ss2203,20220218,20220218,133237500,13:32:37,18790,37445,40739,3523393000,0,0,0
ss2203,20220218,20220218,133238000,13:32:38,18790,37445,40739,3523393000,0,0,0
ss2203,20220218,20220218,133240000,13:32:40,18790,37445,40739,3523393000,0,0,0
ss2203,20220218,20220218,133240500,13:32:40,18785,37460,40737,3524801875,15,-2,1408875
ss2203,20220218,20220218,133241000,13:32:41,18785,37460,40737,3524801875,0,0,0
ss2203,20220218,20220218,133241500,13:32:42,18785,37460,40737,3524801875,0,0,0
ss2203,20220218,20220218,133242000,13:32:42,18780,37461,40737,3524895775,1,0,93900
ss2203,20220218,20220218,133242500,13:32:42,18790,37465,40737,3525271425,4,0,375650
ss2203,20220218,20220218,133243000,13:32:43,18790,37465,40737,3525271425,0,0,0
ss2203,20220218,20220218,133244000,13:32:44,18790,37465,40737,3525271425,0,0,0
ss2203,20220218,20220218,133244500,13:32:45,18790,37465,40737,3525271425,0,0,0
ss2203,20220218,20220218,133246500,13:32:47,18785,37468,40738,3525553200,3,1,281775
ss2203,20220218,20220218,133247000,13:32:47,18785,37468,40738,3525553200,0,0,0
ss2203,20220218,20220218,133247500,13:32:48,18785,37468,40738,3525553200,0,0,0
ss2203,20220218,20220218,133248000,13:32:48,18785,37468,40738,3525553200,0,0,0
ss2203,20220218,20220218,133248500,13:32:49,18775,37475,40737,3526210475,7,-1,657275
ss2203,20220218,20220218,133249000,13:32:49,18770,37494,40734,3527993700,19,-3,1783225
ss2203,20220218,20220218,133249500,13:32:50,18775,37496,40732,3528181450,2,-2,187750
ss2203,20220218,20220218,133250000,13:32:50,18770,37497,40732,3528275300,1,0,93850
ss2203,20220218,20220218,133250500,13:32:52,18775,37500,40732,3528556875,3,0,281575
ss2203,20220218,20220218,133251000,13:32:52,18775,37500,40732,3528556875,0,0,0
ss2203,20220218,20220218,133251500,13:32:53,18770,37523,40733,3530714550,23,1,2157675
ss2203,20220218,20220218,133252000,13:32:53,18770,37523,40733,3530714550,0,0,0
ss2203,20220218,20220218,133252500,13:32:53,18770,37523,40733,3530714550,0,0,0
ss2203,20220218,20220218,133255500,13:32:55,18765,37524,40733,3530808375,1,0,93825
ss2203,20220218,20220218,133256000,13:32:56,18765,37527,40736,3531089850,3,3,281475
ss2203,20220218,20220218,133256500,13:32:56,18760,37532,40736,3531558925,5,0,469075
ss2203,20220218,20220218,133257000,13:32:59,18760,37538,40735,3532121825,6,-1,562900
ss2203,20220218,20220218,133257500,13:33:00,18760,37538,40735,3532121825,0,0,0
ss2203,20220218,20220218,133258000,13:33:00,18765,37539,40736,3532215650,1,1,93825
ss2203,20220218,20220218,133258500,13:33:00,18770,37540,40736,3532309500,1,0,93850
ss2203,20220218,20220218,133259500,13:33:01,18770,37540,40736,3532309500,0,0,0
ss2203,20220218,20220218,133300000,13:33:01,18770,37540,40736,3532309500,0,0,0
ss2203,20220218,20220218,133302000,13:33:02,18770,37540,40736,3532309500,0,0,0
ss2203,20220218,20220218,133302500,13:33:03,18770,37540,40736,3532309500,0,0,0
ss2203,20220218,20220218,133303000,13:33:03,18770,37540,40736,3532309500,0,0,0
ss2203,20220218,20220218,133303500,13:33:04,18770,37543,40738,3532591050,3,2,281550
ss2203,20220218,20220218,133304000,13:33:04,18770,37543,40738,3532591050,0,0,0
ss2203,20220218,20220218,133304500,13:33:05,18770,37543,40738,3532591050,0,0,0
ss2203,20220218,20220218,133305000,13:33:05,18770,37544,40738,3532684900,1,0,93850
ss2203,20220218,20220218,133305500,13:33:05,18770,37544,40738,3532684900,0,0,0
ss2203,20220218,20220218,133306000,13:33:06,18770,37544,40738,3532684900,0,0,0
ss2203,20220218,20220218,133306500,13:33:06,18770,37545,40737,3532778750,1,-1,93850
ss2203,20220218,20220218,133307000,13:33:07,18770,37547,40736,3532966425,2,-1,187675
ss2203,20220218,20220218,133307500,13:33:08,18765,37550,40733,3533247900,3,-3,281475
ss2203,20220218,20220218,133308000,13:33:08,18765,37553,40733,3533529375,3,0,281475
ss2203,20220218,20220218,133308500,13:33:09,18765,37553,40733,3533529375,0,0,0
ss2203,20220218,20220218,133309000,13:33:09,18765,37560,40736,3534186150,7,3,656775
ss2203,20220218,20220218,133309500,13:33:10,18770,37561,40736,3534280000,1,0,93850
ss2203,20220218,20220218,133310000,13:33:11,18770,37578,40726,3535875450,17,-10,1595450
ss2203,20220218,20220218,133310500,13:33:12,18775,37581,40726,3536157075,3,0,281625
ss2203,20220218,20220218,133311000,13:33:14,18775,37586,40721,3536626450,5,-5,469375
ss2203,20220218,20220218,133311500,13:33:14,18770,37589,40719,3536908000,3,-2,281550
ss2203,20220218,20220218,133312000,13:33:14,18770,37589,40719,3536908000,0,0,0
ss2203,20220218,20220218,133312500,13:33:14,18770,37589,40719,3536908000,0,0,0
ss2203,20220218,20220218,133313000,13:33:15,18770,37589,40719,3536908000,0,0,0
ss2203,20220218,20220218,133314000,13:33:15,18775,37592,40718,3537189625,3,-1,281625
ss2203,20220218,20220218,133314500,13:33:17,18775,37592,40718,3537189625,0,0,0
ss2203,20220218,20220218,133315500,13:33:18,18775,37592,40718,3537189625,0,0,0
ss2203,20220218,20220218,133317500,13:33:19,18775,37592,40718,3537189625,0,0,0
ss2203,20220218,20220218,133318000,13:33:19,18775,37592,40718,3537189625,0,0,0
ss2203,20220218,20220218,133318500,13:33:19,18775,37592,40718,3537189625,0,0,0
ss2203,20220218,20220218,133319000,13:33:20,18775,37592,40718,3537189625,0,0,0
ss2203,20220218,20220218,133319500,13:33:20,18780,37596,40719,3537565225,4,1,375600
ss2203,20220218,20220218,133320000,13:33:21,18780,37596,40719,3537565225,0,0,0
ss2203,20220218,20220218,133320500,13:33:21,18780,37596,40719,3537565225,0,0,0
ss2203,20220218,20220218,133321000,13:33:22,18780,37598,40717,3537753025,2,-2,187800
ss2203,20220218,20220218,133321500,13:33:22,18780,37598,40717,3537753025,0,0,0
ss2203,20220218,20220218,133322000,13:33:22,18780,37598,40717,3537753025,0,0,0
ss2203,20220218,20220218,133322500,13:33:22,18780,37598,40717,3537753025,0,0,0
ss2203,20220218,20220218,133323000,13:33:23,18780,37598,40717,3537753025,0,0,0
ss2203,20220218,20220218,133323500,13:33:24,18780,37598,40717,3537753025,0,0,0
ss2203,20220218,20220218,133324500,13:33:25,18780,37598,40717,3537753025,0,0,0
ss2203,20220218,20220218,133325000,13:33:26,18780,37600,40717,3537940825,2,0,187800
ss2203,20220218,20220218,133325500,13:33:26,18780,37600,40717,3537940825,0,0,0
ss2203,20220218,20220218,133326000,13:33:27,18780,37600,40717,3537940825,0,0,0
ss2203,20220218,20220218,133327500,13:33:29,18775,37601,40716,3538034700,1,-1,93875
ss2203,20220218,20220218,133328500,13:33:30,18775,37601,40716,3538034700,0,0,0
ss2203,20220218,20220218,133330000,13:33:30,18775,37601,40716,3538034700,0,0,0
ss2203,20220218,20220218,133330500,13:33:31,18775,37601,40716,3538034700,0,0,0
ss2203,20220218,20220218,133331500,13:33:32,18770,37604,40717,3538316300,3,1,281600
ss2203,20220218,20220218,133332500,13:33:33,18775,37605,40718,3538410175,1,1,93875
ss2203,20220218,20220218,133333000,13:33:33,18775,37606,40718,3538504050,1,0,93875
ss2203,20220218,20220218,133333500,13:33:33,18775,37606,40718,3538504050,0,0,0
ss2203,20220218,20220218,133334000,13:33:34,18775,37606,40718,3538504050,0,0,0
ss2203,20220218,20220218,133334500,13:33:34,18775,37606,40718,3538504050,0,0,0
ss2203,20220218,20220218,133335000,13:33:35,18775,37606,40718,3538504050,0,0,0
ss2203,20220218,20220218,133336000,13:33:36,18780,37609,40715,3538785750,3,-3,281700
ss2203,20220218,20220218,133336500,13:33:36,18780,37611,40713,3538973525,2,-2,187775
ss2203,20220218,20220218,133337000,13:33:37,18780,37611,40713,3538973525,0,0,0
ss2203,20220218,20220218,133337500,13:33:37,18780,37611,40713,3538973525,0,0,0
ss2203,20220218,20220218,133338000,13:33:38,18780,37611,40713,3538973525,0,0,0
ss2203,20220218,20220218,133339500,13:33:40,18780,37612,40713,3539067425,1,0,93900
ss2203,20220218,20220218,133341000,13:33:41,18780,37612,40713,3539067425,0,0,0
ss2203,20220218,20220218,133341500,13:33:42,18785,37613,40713,3539161350,1,0,93925
ss2203,20220218,20220218,133342000,13:33:42,18785,37617,40709,3539537050,4,-4,375700
ss2203,20220218,20220218,133342500,13:33:42,18785,37622,40706,3540006675,5,-3,469625
ss2203,20220218,20220218,133343000,13:33:43,18780,37624,40704,3540194500,2,-2,187825
ss2203,20220218,20220218,133343500,13:33:44,18780,37624,40704,3540194500,0,0,0
ss2203,20220218,20220218,133344000,13:33:44,18780,37625,40704,3540288400,1,0,93900
ss2203,20220218,20220218,133344500,13:33:45,18780,37625,40704,3540288400,0,0,0
ss2203,20220218,20220218,133345500,13:33:46,18780,37625,40704,3540288400,0,0,0
ss2203,20220218,20220218,133346000,13:33:47,18780,37625,40704,3540288400,0,0,0
ss2203,20220218,20220218,133346500,13:33:48,18780,37625,40704,3540288400,0,0,0
ss2203,20220218,20220218,133347000,13:33:48,18780,37625,40704,3540288400,0,0,0
ss2203,20220218,20220218,133347500,13:33:49,18785,37627,40702,3540476250,2,-2,187850
ss2203,20220218,20220218,133348000,13:33:49,18785,37627,40702,3540476250,0,0,0
ss2203,20220218,20220218,133348500,13:33:49,18785,37627,40702,3540476250,0,0,0
ss2203,20220218,20220218,133349000,13:33:50,18785,37627,40702,3540476250,0,0,0
ss2203,20220218,20220218,133351500,13:33:52,18790,37628,40701,3540570200,1,-1,93950
ss2203,20220218,20220218,133352000,13:33:52,18790,37628,40701,3540570200,0,0,0
ss2203,20220218,20220218,133352500,13:33:52,18780,37634,40700,3541133600,6,-1,563400
ss2203,20220218,20220218,133353000,13:33:53,18780,37634,40700,3541133600,0,0,0
ss2203,20220218,20220218,133353500,13:33:53,18780,37634,40700,3541133600,0,0,0
ss2203,20220218,20220218,133354000,13:33:54,18780,37634,40700,3541133600,0,0,0
ss2203,20220218,20220218,133354500,13:33:54,18780,37634,40700,3541133600,0,0,0
ss2203,20220218,20220218,133355000,13:33:56,18780,37636,40700,3541321425,2,0,187825
ss2203,20220218,20220218,133355500,13:33:56,18780,37636,40700,3541321425,0,0,0
ss2203,20220218,20220218,133356000,13:33:56,18780,37636,40700,3541321425,0,0,0
ss2203,20220218,20220218,133356500,13:33:57,18780,37636,40700,3541321425,0,0,0
ss2203,20220218,20220218,133357000,13:33:57,18785,37637,40699,3541415350,1,-1,93925
ss2203,20220218,20220218,133357500,13:33:58,18785,37637,40699,3541415350,0,0,0
ss2203,20220218,20220218,133358500,13:33:58,18775,37639,40699,3541603100,2,0,187750
ss2203,20220218,20220218,133359000,13:33:59,18775,37639,40699,3541603100,0,0,0
ss2203,20220218,20220218,133359500,13:33:59,18775,37639,40699,3541603100,0,0,0
ss2203,20220218,20220218,133400000,13:34:00,18775,37639,40699,3541603100,0,0,0
ss2203,20220218,20220218,133400500,13:34:00,18775,37639,40699,3541603100,0,0,0
ss2203,20220218,20220218,133401000,13:34:01,18775,37639,40699,3541603100,0,0,0
ss2203,20220218,20220218,133401500,13:34:02,18775,37639,40699,3541603100,0,0,0
ss2203,20220218,20220218,133402000,13:34:02,18775,37639,40699,3541603100,0,0,0
ss2203,20220218,20220218,133402500,13:34:10,18775,37639,40699,3541603100,0,0,0
ss2203,20220218,20220218,133403000,13:34:10,18780,37640,40698,3541697000,1,-1,93900
ss2203,20220218,20220218,133403500,13:34:11,18780,37640,40698,3541697000,0,0,0
ss2203,20220218,20220218,133410000,13:34:12,18780,37640,40698,3541697000,0,0,0
ss2203,20220218,20220218,133410500,13:34:12,18780,37640,40698,3541697000,0,0,0
ss2203,20220218,20220218,133411000,13:34:12,18780,37640,40698,3541697000,0,0,0
ss2203,20220218,20220218,133411500,13:34:12,18780,37640,40698,3541697000,0,0,0
ss2203,20220218,20220218,133412000,13:34:12,18780,37640,40698,3541697000,0,0,0
ss2203,20220218,20220218,133412500,13:34:13,18780,37640,40698,3541697000,0,0,0
ss2203,20220218,20220218,133413000,13:34:13,18780,37640,40698,3541697000,0,0,0
ss2203,20220218,20220218,133413500,13:34:14,18780,37640,40698,3541697000,0,0,0
ss2203,20220218,20220218,133414000,13:34:14,18780,37640,40698,3541697000,0,0,0
ss2203,20220218,20220218,133414500,13:34:14,18780,37640,40698,3541697000,0,0,0
ss2203,20220218,20220218,133415000,13:34:15,18780,37640,40698,3541697000,0,0,0
ss2203,20220218,20220218,133415500,13:34:16,18780,37640,40698,3541697000,0,0,0
ss2203,20220218,20220218,133416000,13:34:16,18780,37640,40698,3541697000,0,0,0
ss2203,20220218,20220218,133416500,13:34:16,18780,37640,40698,3541697000,0,0,0
ss2203,20220218,20220218,133417000,13:34:17,18780,37640,40698,3541697000,0,0,0
ss2203,20220218,20220218,133417500,13:34:17,18780,37640,40698,3541697000,0,0,0
ss2203,20220218,20220218,133418000,13:34:18,18790,37652,40699,3542824550,12,1,1127550
ss2203,20220218,20220218,133418500,13:34:18,18790,37652,40699,3542824550,0,0,0
ss2203,20220218,20220218,133419000,13:34:19,18790,37652,40699,3542824550,0,0,0
ss2203,20220218,20220218,133419500,13:34:20,18790,37652,40699,3542824550,0,0,0
ss2203,20220218,20220218,133420000,13:34:20,18790,37652,40699,3542824550,0,0,0
ss2203,20220218,20220218,133420500,13:34:21,18790,37652,40699,3542824550,0,0,0
ss2203,20220218,20220218,133421000,13:34:23,18790,37652,40699,3542824550,0,0,0
ss2203,20220218,20220218,133421500,13:34:23,18790,37652,40699,3542824550,0,0,0
ss2203,20220218,20220218,133423500,13:34:24,18790,37652,40699,3542824550,0,0,0
ss2203,20220218,20220218,133424000,13:34:24,18790,37656,40697,3543200425,4,-2,375875
ss2203,20220218,20220218,133424500,13:34:24,18790,37656,40697,3543200425,0,0,0
ss2203,20220218,20220218,133425000,13:34:25,18790,37656,40697,3543200425,0,0,0
ss2203,20220218,20220218,133425500,13:34:25,18790,37656,40697,3543200425,0,0,0
ss2203,20220218,20220218,133426000,13:34:26,18790,37656,40697,3543200425,0,0,0
ss2203,20220218,20220218,133426500,13:34:26,18790,37656,40697,3543200425,0,0,0
ss2203,20220218,20220218,133427000,13:34:27,18790,37656,40697,3543200425,0,0,0
ss2203,20220218,20220218,133427500,13:34:27,18790,37656,40697,3543200425,0,0,0
ss2203,20220218,20220218,133428000,13:34:28,18790,37656,40697,3543200425,0,0,0
ss2203,20220218,20220218,133428500,13:34:28,18790,37656,40697,3543200425,0,0,0
ss2203,20220218,20220218,133429000,13:34:29,18790,37656,40697,3543200425,0,0,0
ss2203,20220218,20220218,133429500,13:34:29,18790,37656,40697,3543200425,0,0,0
ss2203,20220218,20220218,133430000,13:34:30,18790,37656,40697,3543200425,0,0,0
ss2203,20220218,20220218,133430500,13:34:30,18790,37656,40697,3543200425,0,0,0
ss2203,20220218,20220218,133431000,13:34:31,18790,37656,40697,3543200425,0,0,0
ss2203,20220218,20220218,133431500,13:34:31,18790,37656,40697,3543200425,0,0,0
ss2203,20220218,20220218,133432000,13:34:32,18790,37656,40697,3543200425,0,0,0
ss2203,20220218,20220218,133432500,13:34:32,18790,37656,40697,3543200425,0,0,0
ss2203,20220218,20220218,133433000,13:34:33,18790,37656,40697,3543200425,0,0,0
ss2203,20220218,20220218,133433500,13:34:34,18790,37656,40697,3543200425,0,0,0
ss2203,20220218,20220218,133434000,13:34:34,18790,37656,40697,3543200425,0,0,0
ss2203,20220218,20220218,133434500,13:34:35,18790,37656,40697,3543200425,0,0,0
ss2203,20220218,20220218,133435000,13:34:35,18790,37656,40697,3543200425,0,0,0
ss2203,20220218,20220218,133435500,13:34:36,18790,37656,40697,3543200425,0,0,0
ss2203,20220218,20220218,133436000,13:34:36,18785,37657,40698,3543294350,1,1,93925
ss2203,20220218,20220218,133436500,13:34:36,18790,37669,40705,3544421525,12,7,1127175
ss2203,20220218,20220218,133437000,13:34:37,18790,37669,40705,3544421525,0,0,0
ss2203,20220218,20220218,133437500,13:34:38,18790,37669,40705,3544421525,0,0,0
ss2203,20220218,20220218,133438000,13:34:38,18785,37670,40706,3544515450,1,1,93925
ss2203,20220218,20220218,133438500,13:34:38,18785,37670,40706,3544515450,0,0,0
ss2203,20220218,20220218,133439000,13:34:39,18785,37670,40706,3544515450,0,0,0
ss2203,20220218,20220218,133439500,13:34:39,18785,37670,40706,3544515450,0,0,0
ss2203,20220218,20220218,133440000,13:34:40,18785,37671,40707,3544609375,1,1,93925
ss2203,20220218,20220218,133440500,13:34:41,18780,37676,40707,3545078875,5,0,469500
ss2203,20220218,20220218,133441000,13:34:41,18775,37686,40706,3546017650,10,-1,938775
ss2203,20220218,20220218,133441500,13:34:41,18775,37686,40706,3546017650,0,0,0
ss2203,20220218,20220218,133442000,13:34:43,18780,37688,40706,3546205425,2,0,187775
ss2203,20220218,20220218,133442500,13:34:44,18780,37691,40708,3546487075,3,2,281650
ss2203,20220218,20220218,133443000,13:34:44,18780,37691,40708,3546487075,0,0,0
ss2203,20220218,20220218,133443500,13:34:45,18780,37691,40708,3546487075,0,0,0
ss2203,20220218,20220218,133444000,13:34:45,18780,37691,40708,3546487075,0,0,0
ss2203,20220218,20220218,133445000,13:34:46,18780,37691,40708,3546487075,0,0,0
ss2203,20220218,20220218,133445500,13:34:46,18775,37692,40708,3546580950,1,0,93875
ss2203,20220218,20220218,133446000,13:34:46,18775,37692,40708,3546580950,0,0,0
ss2203,20220218,20220218,133446500,13:34:47,18775,37692,40708,3546580950,0,0,0
ss2203,20220218,20220218,133447000,13:34:47,18775,37692,40708,3546580950,0,0,0
ss2203,20220218,20220218,133447500,13:34:47,18775,37693,40708,3546674825,1,0,93875
ss2203,20220218,20220218,133448000,13:34:48,18770,37706,40714,3547895000,13,6,1220175
ss2203,20220218,20220218,133448500,13:34:49,18770,37706,40714,3547895000,0,0,0
ss2203,20220218,20220218,133449000,13:34:49,18770,37706,40714,3547895000,0,0,0
ss2203,20220218,20220218,133449500,13:34:49,18770,37706,40714,3547895000,0,0,0
ss2203,20220218,20220218,133450000,13:34:50,18765,37712,40716,3548458200,6,2,563200
ss2203,20220218,20220218,133450500,13:34:51,18775,37713,40716,3548552075,1,0,93875
ss2203,20220218,20220218,133451000,13:34:51,18775,37713,40716,3548552075,0,0,0
ss2203,20220218,20220218,133451500,13:34:51,18775,37713,40716,3548552075,0,0,0
ss2203,20220218,20220218,133452000,13:34:52,18775,37714,40716,3548645950,1,0,93875
ss2203,20220218,20220218,133452500,13:34:52,18775,37714,40716,3548645950,0,0,0
ss2203,20220218,20220218,133453000,13:34:53,18775,37714,40716,3548645950,0,0,0
ss2203,20220218,20220218,133453500,13:34:55,18775,37714,40716,3548645950,0,0,0
ss2203,20220218,20220218,133454000,13:34:56,18775,37714,40716,3548645950,0,0,0
ss2203,20220218,20220218,133454500,13:34:56,18775,37714,40716,3548645950,0,0,0
ss2203,20220218,20220218,133455000,13:34:56,18775,37715,40715,3548739825,1,-1,93875
ss2203,20220218,20220218,133455500,13:34:56,18775,37716,40714,3548833700,1,-1,93875
ss2203,20220218,20220218,133456000,13:34:56,18775,37716,40714,3548833700,0,0,0
ss2203,20220218,20220218,133456500,13:34:57,18775,37716,40714,3548833700,0,0,0
ss2203,20220218,20220218,133457000,13:34:57,18775,37716,40714,3548833700,0,0,0
ss2203,20220218,20220218,133457500,13:34:58,18775,37716,40714,3548833700,0,0,0
ss2203,20220218,20220218,133458000,13:34:58,18775,37716,40714,3548833700,0,0,0
ss2203,20220218,20220218,133458500,13:34:59,18775,37716,40714,3548833700,0,0,0
ss2203,20220218,20220218,133459000,13:34:59,18775,37716,40714,3548833700,0,0,0
ss2203,20220218,20220218,133459500,13:35:00,18775,37716,40714,3548833700,0,0,0
ss2203,20220218,20220218,133500000,13:35:00,18775,37716,40714,3548833700,0,0,0
ss2203,20220218,20220218,133500500,13:35:00,18775,37716,40714,3548833700,0,0,0
ss2203,20220218,20220218,133501000,13:35:04,18775,37716,40714,3548833700,0,0,0
ss2203,20220218,20220218,133501500,13:35:04,18775,37716,40714,3548833700,0,0,0
ss2203,20220218,20220218,133502000,13:35:10,18775,37716,40714,3548833700,0,0,0
ss2203,20220218,20220218,133504500,13:35:10,18780,37726,40713,3549772525,10,-1,938825
ss2203,20220218,20220218,133505000,13:35:10,18780,37726,40713,3549772525,0,0,0
ss2203,20220218,20220218,133510000,13:35:11,18780,37726,40713,3549772525,0,0,0
ss2203,20220218,20220218,133510500,13:35:11,18780,37726,40713,3549772525,0,0,0
ss2203,20220218,20220218,133511000,13:35:11,18780,37726,40713,3549772525,0,0,0
ss2203,20220218,20220218,133511500,13:35:11,18780,37730,40714,3550148125,4,1,375600
ss2203,20220218,20220218,133512000,13:35:12,18780,37740,40714,3551087125,10,0,939000
ss2203,20220218,20220218,133512500,13:35:13,18780,37754,40714,3552401725,14,0,1314600
ss2203,20220218,20220218,133513000,13:35:13,18780,37768,40727,3553716325,14,13,1314600
ss2203,20220218,20220218,133513500,13:35:13,18780,37781,40729,3554937025,13,2,1220700
ss2203,20220218,20220218,133514000,13:35:14,18785,37783,40729,3555124875,2,0,187850
ss2203,20220218,20220218,133514500,13:35:14,18785,37786,40730,3555406675,3,1,281800
ss2203,20220218,20220218,133515000,13:35:15,18790,37787,40731,3555500625,1,1,93950
ss2203,20220218,20220218,133515500,13:35:16,18790,37789,40730,3555688525,2,-1,187900
ss2203,20220218,20220218,133516000,13:35:16,18795,37790,40729,3555782500,1,-1,93975
ss2203,20220218,20220218,133516500,13:35:16,18795,37790,40729,3555782500,0,0,0
ss2203,20220218,20220218,133517000,13:35:17,18795,37790,40729,3555782500,0,0,0
ss2203,20220218,20220218,133517500,13:35:18,18795,37790,40729,3555782500,0,0,0
ss2203,20220218,20220218,133518000,13:35:18,18795,37791,40728,3555876475,1,-1,93975
ss2203,20220218,20220218,133518500,13:35:19,18795,37791,40728,3555876475,0,0,0
ss2203,20220218,20220218,133519000,13:35:19,18795,37791,40728,3555876475,0,0,0
ss2203,20220218,20220218,133519500,13:35:20,18795,37791,40728,3555876475,0,0,0
ss2203,20220218,20220218,133520000,13:35:20,18795,37791,40728,3555876475,0,0,0
ss2203,20220218,20220218,133520500,13:35:20,18795,37791,40728,3555876475,0,0,0
ss2203,20220218,20220218,133521000,13:35:21,18795,37792,40727,3555970450,1,-1,93975
ss2203,20220218,20220218,133521500,13:35:22,18795,37792,40727,3555970450,0,0,0
ss2203,20220218,20220218,133522000,13:35:22,18795,37792,40727,3555970450,0,0,0
ss2203,20220218,20220218,133522500,13:35:23,18795,37792,40727,3555970450,0,0,0
ss2203,20220218,20220218,133523000,13:35:23,18795,37793,40728,3556064425,1,1,93975
ss2203,20220218,20220218,133523500,13:35:23,18795,37793,40728,3556064425,0,0,0
ss2203,20220218,20220218,133524000,13:35:24,18795,37793,40728,3556064425,0,0,0
ss2203,20220218,20220218,133524500,13:35:25,18795,37793,40728,3556064425,0,0,0
ss2203,20220218,20220218,133525000,13:35:25,18795,37793,40728,3556064425,0,0,0
ss2203,20220218,20220218,133525500,13:35:26,18795,37793,40728,3556064425,0,0,0
ss2203,20220218,20220218,133526000,13:35:26,18795,37793,40728,3556064425,0,0,0
ss2203,20220218,20220218,133526500,13:35:27,18795,37793,40728,3556064425,0,0,0
ss2203,20220218,20220218,133527000,13:35:27,18800,37794,40728,3556158425,1,0,94000
ss2203,20220218,20220218,133527500,13:35:31,18800,37795,40728,3556252425,1,0,94000
ss2203,20220218,20220218,133528000,13:35:31,18800,37795,40728,3556252425,0,0,0
ss2203,20220218,20220218,133528500,13:35:32,18800,37795,40728,3556252425,0,0,0
ss2203,20220218,20220218,133531000,13:35:35,18800,37795,40728,3556252425,0,0,0
ss2203,20220218,20220218,133531500,13:35:37,18800,37795,40728,3556252425,0,0,0
ss2203,20220218,20220218,133532000,13:35:42,18800,37795,40728,3556252425,0,0,0
ss2203,20220218,20220218,133532500,13:35:42,18800,37795,40728,3556252425,0,0,0
ss2203,20220218,20220218,133540500,13:35:43,18800,37795,40728,3556252425,0,0,0
ss2203,20220218,20220218,133541000,13:35:43,18800,37795,40728,3556252425,0,0,0
ss2203,20220218,20220218,133542000,13:35:44,18790,37800,40727,3556722325,5,-1,469900
ss2203,20220218,20220218,133542500,13:35:44,18795,37803,40728,3557004200,3,1,281875
ss2203,20220218,20220218,133543500,13:35:44,18795,37803,40728,3557004200,0,0,0
ss2203,20220218,20220218,133544000,13:35:44,18795,37803,40728,3557004200,0,0,0
ss2203,20220218,20220218,133544500,13:35:45,18795,37803,40728,3557004200,0,0,0
ss2203,20220218,20220218,133545000,13:35:46,18795,37814,40733,3558037875,11,5,1033675
ss2203,20220218,20220218,133545500,13:35:46,18795,37814,40733,3558037875,0,0,0
ss2203,20220218,20220218,133546000,13:35:46,18795,37814,40733,3558037875,0,0,0
ss2203,20220218,20220218,133546500,13:35:46,18795,37814,40733,3558037875,0,0,0
ss2203,20220218,20220218,133547000,13:35:47,18795,37814,40733,3558037875,0,0,0
ss2203,20220218,20220218,133547500,13:35:48,18795,37814,40733,3558037875,0,0,0
ss2203,20220218,20220218,133548000,13:35:48,18795,37814,40733,3558037875,0,0,0
ss2203,20220218,20220218,133548500,13:35:48,18800,37828,40739,3559353875,14,6,1316000
ss2203,20220218,20220218,133549000,13:35:49,18800,37830,40739,3559541875,2,0,188000
ss2203,20220218,20220218,133549500,13:35:49,18805,37842,40749,3560669950,12,10,1128075
ss2203,20220218,20220218,133550000,13:35:50,18805,37842,40749,3560669950,0,0,0
ss2203,20220218,20220218,133550500,13:35:50,18805,37844,40748,3560858000,2,-1,188050
ss2203,20220218,20220218,133551000,13:35:51,18805,37844,40748,3560858000,0,0,0
ss2203,20220218,20220218,133551500,13:35:51,18805,37844,40748,3560858000,0,0,0
ss2203,20220218,20220218,133552000,13:35:52,18805,37844,40748,3560858000,0,0,0
ss2203,20220218,20220218,133552500,13:35:52,18805,37844,40748,3560858000,0,0,0
ss2203,20220218,20220218,133553000,13:35:53,18810,37845,40749,3560952050,1,1,94050
ss2203,20220218,20220218,133553500,13:35:55,18810,37845,40749,3560952050,0,0,0
ss2203,20220218,20220218,133554000,13:35:55,18810,37845,40749,3560952050,0,0,0
ss2203,20220218,20220218,133554500,13:35:55,18810,37845,40749,3560952050,0,0,0
ss2203,20220218,20220218,133555000,13:35:56,18810,37845,40749,3560952050,0,0,0
ss2203,20220218,20220218,133555500,13:35:56,18805,37848,40747,3561234125,3,-2,282075
ss2203,20220218,20220218,133556000,13:35:56,18805,37850,40745,3561422175,2,-2,188050
ss2203,20220218,20220218,133556500,13:35:56,18805,37850,40745,3561422175,0,0,0
ss2203,20220218,20220218,133557000,13:35:58,18805,37850,40745,3561422175,0,0,0
ss2203,20220218,20220218,133557500,13:35:59,18810,37851,40745,3561516225,1,0,94050
ss2203,20220218,20220218,133558000,13:36:01,18810,37851,40745,3561516225,0,0,0
ss2203,20220218,20220218,133558500,13:36:02,18810,37851,40745,3561516225,0,0,0
ss2203,20220218,20220218,133559500,13:36:03,18810,37851,40745,3561516225,0,0,0
ss2203,20220218,20220218,133600000,13:36:03,18810,37851,40745,3561516225,0,0,0
ss2203,20220218,20220218,133601500,13:36:03,18810,37851,40745,3561516225,0,0,0
ss2203,20220218,20220218,133602000,13:36:03,18810,37851,40745,3561516225,0,0,0
ss2203,20220218,20220218,133602500,13:36:04,18810,37851,40745,3561516225,0,0,0
ss2203,20220218,20220218,133603000,13:36:05,18800,37852,40745,3561610225,1,0,94000
ss2203,20220218,20220218,133603500,13:36:05,18800,37852,40745,3561610225,0,0,0
