ss2207,20220218,20220218,111958500,11:20:04,18235,24,2625,2183125,24,8,2183125
ss2207,20220218,20220218,112008000,11:20:10,18235,24,2625,2183125,0,0,0
ss2207,20220218,20220218,112008500,11:20:10,18235,24,2625,2183125,0,0,0
ss2207,20220218,20220218,112015000,11:20:15,18235,24,2625,2183125,0,0,0
ss2207,20220218,20220218,112015500,11:20:16,18235,24,2625,2183125,0,0,0
ss2207,20220218,20220218,112016000,11:20:16,18235,24,2625,2183125,0,0,0
ss2207,20220218,20220218,112016500,11:20:16,18235,24,2625,2183125,0,0,0
ss2207,20220218,20220218,112017000,11:20:17,18235,24,2625,2183125,0,0,0
ss2207,20220218,20220218,112025000,11:20:25,18235,24,2625,2183125,0,0,0
ss2207,20220218,20220218,112025500,11:20:25,18235,24,2625,2183125,0,0,0
ss2207,20220218,20220218,112026500,11:20:26,18235,24,2625,2183125,0,0,0
ss2207,20220218,20220218,112027000,11:20:27,18235,24,2625,2183125,0,0,0
ss2207,20220218,20220218,112027500,11:20:28,18235,24,2625,2183125,0,0,0
ss2207,20220218,20220218,112028000,11:20:28,18235,24,2625,2183125,0,0,0
ss2207,20220218,20220218,112028500,11:20:28,18235,24,2625,2183125,0,0,0
ss2207,20220218,20220218,112029000,11:20:29,18235,24,2625,2183125,0,0,0
ss2207,20220218,20220218,112030000,11:20:31,18235,24,2625,2183125,0,0,0
ss2207,20220218,20220218,112030500,11:20:31,18235,24,2625,2183125,0,0,0
ss2207,20220218,20220218,112031000,11:20:32,18235,24,2625,2183125,0,0,0
ss2207,20220218,20220218,112031500,11:20:32,18235,24,2625,2183125,0,0,0
ss2207,20220218,20220218,112032000,11:20:32,18235,24,2625,2183125,0,0,0
ss2207,20220218,20220218,112032500,11:20:32,18235,24,2625,2183125,0,0,0
ss2207,20220218,20220218,112033000,11:20:33,18235,24,2625,2183125,0,0,0
ss2207,20220218,20220218,112033500,11:20:33,18235,24,2625,2183125,0,0,0
ss2207,20220218,20220218,112034000,11:20:34,18235,24,2625,2183125,0,0,0
ss2207,20220218,20220218,112034500,11:20:35,18235,24,2625,2183125,0,0,0
ss2207,20220218,20220218,112035500,11:20:35,18235,24,2625,2183125,0,0,0
ss2207,20220218,20220218,112036000,11:20:36,18235,24,2625,2183125,0,0,0
ss2207,20220218,20220218,112036500,11:20:37,18235,24,2625,2183125,0,0,0
ss2207,20220218,20220218,112037000,11:20:37,18235,24,2625,2183125,0,0,0
ss2207,20220218,20220218,112039000,11:20:39,18235,24,2625,2183125,0,0,0
ss2207,20220218,20220218,112039500,11:20:40,18235,24,2625,2183125,0,0,0
ss2207,20220218,20220218,112040000,11:20:40,18235,24,2625,2183125,0,0,0
ss2207,20220218,20220218,112042000,11:20:42,18235,24,2625,2183125,0,0,0
ss2207,20220218,20220218,112042500,11:20:42,18235,24,2625,2183125,0,0,0
ss2207,20220218,20220218,112043000,11:20:43,18235,24,2625,2183125,0,0,0
ss2207,20220218,20220218,112043500,11:20:44,18235,24,2625,2183125,0,0,0
ss2207,20220218,20220218,112044000,11:20:44,18235,24,2625,2183125,0,0,0
ss2207,20220218,20220218,112044500,11:20:45,18235,24,2625,2183125,0,0,0
ss2207,20220218,20220218,112045000,11:20:45,18235,24,2625,2183125,0,0,0
ss2207,20220218,20220218,112045500,11:20:46,18235,24,2625,2183125,0,0,0
ss2207,20220218,20220218,112046000,11:20:46,18235,24,2625,2183125,0,0,0
ss2207,20220218,20220218,112046500,11:20:46,18235,24,2625,2183125,0,0,0
ss2207,20220218,20220218,112047000,11:20:48,18235,24,2625,2183125,0,0,0
ss2207,20220218,20220218,112051000,11:20:51,18235,24,2625,2183125,0,0,0
ss2207,20220218,20220218,112051500,11:20:52,18235,24,2625,2183125,0,0,0
ss2207,20220218,20220218,112052000,11:20:53,18235,24,2625,2183125,0,0,0
ss2207,20220218,20220218,112052500,11:20:53,18235,24,2625,2183125,0,0,0
ss2207,20220218,20220218,112054500,11:20:55,18235,24,2625,2183125,0,0,0
ss2207,20220218,20220218,112055000,11:20:55,18235,24,2625,2183125,0,0,0
ss2207,20220218,20220218,112055500,11:20:56,18235,24,2625,2183125,0,0,0
ss2207,20220218,20220218,112057500,11:20:58,18235,24,2625,2183125,0,0,0
ss2207,20220218,20220218,112058000,11:20:59,18235,24,2625,2183125,0,0,0
ss2207,20220218,20220218,112058500,11:20:59,18235,24,2625,2183125,0,0,0
ss2207,20220218,20220218,112059000,11:21:00,18235,24,2625,2183125,0,0,0
ss2207,20220218,20220218,112059500,11:21:00,18235,24,2625,2183125,0,0,0
ss2207,20220218,20220218,112100000,11:21:00,18235,24,2625,2183125,0,0,0
ss2207,20220218,20220218,112100500,11:21:01,18235,24,2625,2183125,0,0,0
ss2207,20220218,20220218,112101000,11:21:01,18235,24,2625,2183125,0,0,0
ss2207,20220218,20220218,112104500,11:21:05,18235,24,2625,2183125,0,0,0
ss2207,20220218,20220218,112105000,11:21:06,18235,24,2625,2183125,0,0,0
ss2207,20220218,20220218,112105500,11:21:07,18235,24,2625,2183125,0,0,0
ss2207,20220218,20220218,112107000,11:21:10,18235,24,2625,2183125,0,0,0
ss2207,20220218,20220218,112111000,11:21:11,18235,24,2625,2183125,0,0,0
ss2207,20220218,20220218,112111500,11:21:12,18235,24,2625,2183125,0,0,0
ss2207,20220218,20220218,112112000,11:21:12,18235,24,2625,2183125,0,0,0
ss2207,20220218,20220218,112114500,11:21:14,18235,24,2625,2183125,0,0,0
ss2207,20220218,20220218,112115500,11:21:15,18235,24,2625,2183125,0,0,0
ss2207,20220218,20220218,112116000,11:21:16,18235,24,2625,2183125,0,0,0
ss2207,20220218,20220218,112118000,11:21:18,18235,24,2625,2183125,0,0,0
ss2207,20220218,20220218,112118500,11:21:18,18235,24,2625,2183125,0,0,0
ss2207,20220218,20220218,112250500,11:23:33,18235,24,2625,2183125,0,0,0
ss2207,20220218,20220218,112340000,11:23:40,18235,24,2625,2183125,0,0,0
ss2207,20220218,20220218,112340500,11:23:40,18235,24,2625,2183125,0,0,0
ss2207,20220218,20220218,112341000,11:23:41,18235,24,2625,2183125,0,0,0
ss2207,20220218,20220218,112341500,11:23:42,18235,24,2625,2183125,0,0,0
ss2207,20220218,20220218,112342500,11:23:42,18235,24,2625,2183125,0,0,0
ss2207,20220218,20220218,112343000,11:23:43,18235,24,2625,2183125,0,0,0
ss2207,20220218,20220218,112343500,11:23:43,18235,24,2625,2183125,0,0,0
ss2207,20220218,20220218,112344000,11:23:46,18235,24,2625,2183125,0,0,0
ss2207,20220218,20220218,112344500,11:23:48,18235,24,2625,2183125,0,0,0
ss2207,20220218,20220218,112345000,11:23:48,18235,24,2625,2183125,0,0,0
ss2207,20220218,20220218,112347500,11:23:48,18235,24,2625,2183125,0,0,0
ss2207,20220218,20220218,112402500,11:24:02,18235,24,2625,2183125,0,0,0
ss2207,20220218,20220218,112442000,11:24:42,18235,24,2625,2183125,0,0,0
ss2207,20220218,20220218,112442500,11:24:42,18235,24,2625,2183125,0,0,0
ss2207,20220218,20220218,112443000,11:24:43,18235,24,2625,2183125,0,0,0
ss2207,20220218,20220218,112449000,11:24:49,18235,24,2625,2183125,0,0,0
ss2207,20220218,20220218,112453500,11:24:53,18235,24,2625,2183125,0,0,0
ss2207,20220218,20220218,112454000,11:24:54,18235,24,2625,2183125,0,0,0
ss2207,20220218,20220218,112500000,11:25:00,18235,24,2625,2183125,0,0,0
ss2207,20220218,20220218,112500500,11:25:01,18235,24,2625,2183125,0,0,0
ss2207,20220218,20220218,112501000,11:25:02,18235,24,2625,2183125,0,0,0
ss2207,20220218,20220218,112501500,11:25:05,18235,24,2625,2183125,0,0,0
ss2207,20220218,20220218,112502000,11:25:05,18235,24,2625,2183125,0,0,0
ss2207,20220218,20220218,112502500,11:25:06,18235,24,2625,2183125,0,0,0
ss2207,20220218,20220218,112504500,11:25:06,18235,24,2625,2183125,0,0,0
ss2207,20220218,20220218,112505000,11:25:06,18235,24,2625,2183125,0,0,0
ss2207,20220218,20220218,112506500,11:25:07,18235,24,2625,2183125,0,0,0
ss2207,20220218,20220218,112507000,11:25:07,18235,24,2625,2183125,0,0,0
ss2207,20220218,20220218,112507500,11:25:07,18235,24,2625,2183125,0,0,0
ss2207,20220218,20220218,112508000,11:25:08,18235,24,2625,2183125,0,0,0
ss2207,20220218,20220218,112512000,11:25:12,18235,24,2625,2183125,0,0,0
ss2207,20220218,20220218,112524500,11:25:25,18235,24,2625,2183125,0,0,0
ss2207,20220218,20220218,112530000,11:25:31,18235,24,2625,2183125,0,0,0
ss2207,20220218,20220218,112551500,11:25:51,18235,24,2625,2183125,0,0,0
ss2207,20220218,20220218,112709000,11:27:12,18235,24,2625,2183125,0,0,0
ss2207,20220218,20220218,112712000,11:27:13,18235,24,2625,2183125,0,0,0
ss2207,20220218,20220218,112712500,11:27:13,18235,24,2625,2183125,0,0,0
ss2207,20220218,20220218,112713000,11:27:14,18235,24,2625,2183125,0,0,0
ss2207,20220218,20220218,112714000,11:27:15,18235,24,2625,2183125,0,0,0
ss2207,20220218,20220218,112719500,11:27:20,18235,24,2625,2183125,0,0,0
ss2207,20220218,20220218,112722000,11:27:22,18235,24,2625,2183125,0,0,0
ss2207,20220218,20220218,112738000,11:27:39,18235,24,2625,2183125,0,0,0
ss2207,20220218,20220218,112749000,11:27:54,18235,24,2625,2183125,0,0,0
ss2207,20220218,20220218,112751000,11:27:54,18235,24,2625,2183125,0,0,0
ss2207,20220218,20220218,112801500,11:28:02,18235,24,2625,2183125,0,0,0
ss2207,20220218,20220218,112802000,11:28:03,18235,24,2625,2183125,0,0,0
ss2207,20220218,20220218,112802500,11:28:03,18235,24,2625,2183125,0,0,0
ss2207,20220218,20220218,112809500,11:28:11,18235,24,2625,2183125,0,0,0
ss2207,20220218,20220218,112820000,11:28:20,18235,24,2625,2183125,0,0,0
ss2207,20220218,20220218,112821500,11:28:22,18235,24,2625,2183125,0,0,0
ss2207,20220218,20220218,112823500,11:28:23,18235,24,2625,2183125,0,0,0
ss2207,20220218,20220218,112850500,11:28:51,18235,24,2625,2183125,0,0,0
ss2207,20220218,20220218,112852000,11:28:53,18235,24,2625,2183125,0,0,0
ss2207,20220218,20220218,112852500,11:28:53,18235,24,2625,2183125,0,0,0
ss2207,20220218,20220218,112901500,11:29:02,18235,24,2625,2183125,0,0,0
ss2207,20220218,20220218,112902000,11:29:03,18235,24,2625,2183125,0,0,0
ss2207,20220218,20220218,112902500,11:29:03,18235,24,2625,2183125,0,0,0
ss2207,20220218,20220218,112904500,11:29:04,18235,24,2625,2183125,0,0,0
ss2207,20220218,20220218,112905000,11:29:05,18235,24,2625,2183125,0,0,0
ss2207,20220218,20220218,112911000,11:29:11,18235,24,2625,2183125,0,0,0
ss2207,20220218,20220218,112911500,11:29:12,18235,24,2625,2183125,0,0,0
ss2207,20220218,20220218,112912000,11:29:12,18235,24,2625,2183125,0,0,0
ss2207,20220218,20220218,112912500,11:29:12,18235,24,2625,2183125,0,0,0
ss2207,20220218,20220218,112913000,11:29:13,18235,24,2625,2183125,0,0,0
ss2207,20220218,20220218,112913500,11:29:14,18235,24,2625,2183125,0,0,0
ss2207,20220218,20220218,112914000,11:29:14,18235,24,2625,2183125,0,0,0
ss2207,20220218,20220218,112914500,11:29:15,18235,24,2625,2183125,0,0,0
ss2207,20220218,20220218,112917500,11:29:21,18235,24,2625,2183125,0,0,0
ss2207,20220218,20220218,112920500,11:29:22,18235,24,2625,2183125,0,0,0
ss2207,20220218,20220218,112931000,11:29:32,18235,24,2625,2183125,0,0,0
ss2207,20220218,20220218,112931500,11:29:32,18235,24,2625,2183125,0,0,0
ss2207,20220218,20220218,112932000,11:29:36,18235,24,2625,2183125,0,0,0
ss2207,20220218,20220218,112932500,11:29:36,18235,24,2625,2183125,0,0,0
ss2207,20220218,20220218,112937000,11:29:38,18235,24,2625,2183125,0,0,0
ss2207,20220218,20220218,112943000,11:29:45,18235,24,2625,2183125,0,0,0
ss2207,20220218,20220218,112944500,11:29:46,18235,24,2625,2183125,0,0,0
ss2207,20220218,20220218,112945500,11:29:46,18235,24,2625,2183125,0,0,0
ss2207,20220218,20220218,112946000,11:29:47,18235,24,2625,2183125,0,0,0
ss2207,20220218,20220218,112946500,11:29:47,18235,24,2625,2183125,0,0,0
ss2207,20220218,20220218,112947000,11:29:47,18235,24,2625,2183125,0,0,0
ss2207,20220218,20220218,112947500,11:29:48,18235,24,2625,2183125,0,0,0
ss2207,20220218,20220218,112948000,11:29:49,18235,24,2625,2183125,0,0,0
ss2207,20220218,20220218,112948500,11:29:50,18235,24,2625,2183125,0,0,0
ss2207,20220218,20220218,112949000,11:29:50,18235,24,2625,2183125,0,0,0
ss2207,20220218,20220218,112949500,11:29:51,18235,24,2625,2183125,0,0,0
ss2207,20220218,20220218,112950000,11:29:51,18235,24,2625,2183125,0,0,0
ss2207,20220218,20220218,112950500,11:29:51,18235,24,2625,2183125,0,0,0
ss2207,20220218,20220218,112951500,11:29:52,18235,24,2625,2183125,0,0,0
ss2207,20220218,20220218,112952000,11:29:53,18235,24,2625,2183125,0,0,0
ss2207,20220218,20220218,112952500,11:29:53,18235,24,2625,2183125,0,0,0
ss2207,20220218,20220218,112953000,11:29:54,18235,24,2625,2183125,0,0,0
ss2207,20220218,20220218,112953500,11:29:54,18235,24,2625,2183125,0,0,0
ss2207,20220218,20220218,112954500,11:29:54,18235,24,2625,2183125,0,0,0
ss2207,20220218,20220218,112955500,11:29:56,18235,24,2625,2183125,0,0,0
ss2207,20220218,20220218,113001500,11:30:03,18235,24,2625,2183125,0,0,0
ss2207,20220218,20220218,133002000,13:30:08,18235,24,2625,2183125,0,0,0
ss2207,20220218,20220218,133002500,13:30:10,18235,24,2625,2183125,0,0,0
ss2207,20220218,20220218,133008000,13:30:10,18235,24,2625,2183125,0,0,0
ss2207,20220218,20220218,133009500,13:30:11,18235,24,2625,2183125,0,0,0
ss2207,20220218,20220218,133010000,13:30:11,18235,24,2625,2183125,0,0,0
ss2207,20220218,20220218,133010500,13:30:12,18235,24,2625,2183125,0,0,0
ss2207,20220218,20220218,133011000,13:30:13,18235,24,2625,2183125,0,0,0
ss2207,20220218,20220218,133011500,13:30:13,18235,24,2625,2183125,0,0,0
ss2207,20220218,20220218,133012500,13:30:13,18235,24,2625,2183125,0,0,0
ss2207,20220218,20220218,133013000,13:30:14,18235,24,2625,2183125,0,0,0
ss2207,20220218,20220218,133013500,13:30:14,18235,24,2625,2183125,0,0,0
ss2207,20220218,20220218,133014000,13:30:16,18235,24,2625,2183125,0,0,0
ss2207,20220218,20220218,133014500,13:30:16,18235,24,2625,2183125,0,0,0
ss2207,20220218,20220218,133015000,13:30:18,18235,24,2625,2183125,0,0,0
ss2207,20220218,20220218,133016500,13:30:18,18235,24,2625,2183125,0,0,0
ss2207,20220218,20220218,133017000,13:30:18,18235,24,2625,2183125,0,0,0
ss2207,20220218,20220218,133017500,13:30:19,18235,24,2625,2183125,0,0,0
ss2207,20220218,20220218,133018000,13:30:19,18235,24,2625,2183125,0,0,0
ss2207,20220218,20220218,133018500,13:30:20,18235,24,2625,2183125,0,0,0
ss2207,20220218,20220218,133019000,13:30:20,18235,24,2625,2183125,0,0,0
ss2207,20220218,20220218,133019500,13:30:21,18235,24,2625,2183125,0,0,0
ss2207,20220218,20220218,133020000,13:30:21,18235,24,2625,2183125,0,0,0
ss2207,20220218,20220218,133020500,13:30:21,18235,24,2625,2183125,0,0,0
ss2207,20220218,20220218,133021000,13:30:21,18235,24,2625,2183125,0,0,0
ss2207,20220218,20220218,133021500,13:30:22,18235,24,2625,2183125,0,0,0
ss2207,20220218,20220218,133022000,13:30:38,18235,24,2625,2183125,0,0,0
ss2207,20220218,20220218,133022500,13:30:38,18235,24,2625,2183125,0,0,0
ss2207,20220218,20220218,133023000,13:30:40,18235,24,2625,2183125,0,0,0
ss2207,20220218,20220218,133038000,13:30:41,18235,24,2625,2183125,0,0,0
ss2207,20220218,20220218,133038500,13:30:42,18235,24,2625,2183125,0,0,0
ss2207,20220218,20220218,133040500,13:30:43,18235,24,2625,2183125,0,0,0
ss2207,20220218,20220218,133041000,13:30:43,18235,24,2625,2183125,0,0,0
ss2207,20220218,20220218,133042000,13:30:44,18235,24,2625,2183125,0,0,0
ss2207,20220218,20220218,133042500,13:30:44,18235,24,2625,2183125,0,0,0
ss2207,20220218,20220218,133044500,13:30:46,18235,24,2625,2183125,0,0,0
ss2207,20220218,20220218,133045500,13:30:46,18235,24,2625,2183125,0,0,0
ss2207,20220218,20220218,133047500,13:30:48,18235,24,2625,2183125,0,0,0
ss2207,20220218,20220218,133048000,13:30:49,18235,24,2625,2183125,0,0,0
ss2207,20220218,20220218,133054000,13:30:55,18235,24,2625,2183125,0,0,0
ss2207,20220218,20220218,133054500,13:30:55,18235,24,2625,2183125,0,0,0
ss2207,20220218,20220218,133055000,13:30:56,18235,24,2625,2183125,0,0,0
ss2207,20220218,20220218,133057500,13:30:58,18235,24,2625,2183125,0,0,0
ss2207,20220218,20220218,133100500,13:31:00,18235,24,2625,2183125,0,0,0
ss2207,20220218,20220218,133101000,13:31:01,18235,24,2625,2183125,0,0,0
ss2207,20220218,20220218,133101500,13:31:01,18235,24,2625,2183125,0,0,0
ss2207,20220218,20220218,133103500,13:31:05,18235,24,2625,2183125,0,0,0
ss2207,20220218,20220218,133104000,13:31:06,18235,24,2625,2183125,0,0,0
ss2207,20220218,20220218,133104500,13:31:07,18235,24,2625,2183125,0,0,0
ss2207,20220218,20220218,133105500,13:31:08,18235,24,2625,2183125,0,0,0
ss2207,20220218,20220218,133107000,13:31:09,18235,24,2625,2183125,0,0,0
ss2207,20220218,20220218,133107500,13:31:09,18235,24,2625,2183125,0,0,0
ss2207,20220218,20220218,133111000,13:31:11,18235,24,2625,2183125,0,0,0
ss2207,20220218,20220218,133111500,13:31:12,18235,24,2625,2183125,0,0,0
ss2207,20220218,20220218,133201000,13:32:01,18235,24,2625,2183125,0,0,0
ss2207,20220218,20220218,133207500,13:32:07,18235,24,2625,2183125,0,0,0
ss2207,20220218,20220218,133208000,13:32:09,18235,24,2625,2183125,0,0,0
ss2207,20220218,20220218,133208500,13:32:10,18235,24,2625,2183125,0,0,0
ss2207,20220218,20220218,133209000,13:32:10,18235,24,2625,2183125,0,0,0
ss2207,20220218,20220218,133210000,13:32:12,18235,24,2625,2183125,0,0,0
ss2207,20220218,20220218,133210500,13:32:14,18235,24,2625,2183125,0,0,0
ss2207,20220218,20220218,133211000,13:32:14,18235,24,2625,2183125,0,0,0
ss2207,20220218,20220218,133212500,13:32:15,18235,24,2625,2183125,0,0,0
ss2207,20220218,20220218,133213500,13:32:15,18235,24,2625,2183125,0,0,0
ss2207,20220218,20220218,133228500,13:32:33,18235,24,2625,2183125,0,0,0
ss2207,20220218,20220218,133229000,13:32:33,18235,24,2625,2183125,0,0,0
ss2207,20220218,20220218,133232000,13:32:35,18235,24,2625,2183125,0,0,0
ss2207,20220218,20220218,133232500,13:32:35,18235,24,2625,2183125,0,0,0
ss2207,20220218,20220218,133233000,13:32:36,18235,24,2625,2183125,0,0,0
ss2207,20220218,20220218,133237500,13:32:38,18235,24,2625,2183125,0,0,0
ss2207,20220218,20220218,133238000,13:32:38,18235,24,2625,2183125,0,0,0
ss2207,20220218,20220218,133249000,13:32:49,18235,24,2625,2183125,0,0,0
ss2207,20220218,20220218,133249500,13:32:50,18235,24,2625,2183125,0,0,0
ss2207,20220218,20220218,133250000,13:32:50,18235,24,2625,2183125,0,0,0
ss2207,20220218,20220218,133250500,13:32:52,18235,24,2625,2183125,0,0,0
ss2207,20220218,20220218,133251000,13:32:52,18235,24,2625,2183125,0,0,0
ss2207,20220218,20220218,133251500,13:32:53,18235,24,2625,2183125,0,0,0
ss2207,20220218,20220218,133252500,13:32:53,18235,24,2625,2183125,0,0,0
ss2207,20220218,20220218,133253000,13:32:53,18235,24,2625,2183125,0,0,0
ss2207,20220218,20220218,133253500,13:32:54,18235,24,2625,2183125,0,0,0
ss2207,20220218,20220218,133254000,13:32:54,18235,24,2625,2183125,0,0,0
ss2207,20220218,20220218,133254500,13:32:55,18235,24,2625,2183125,0,0,0
ss2207,20220218,20220218,133257000,13:32:59,18235,24,2625,2183125,0,0,0
ss2207,20220218,20220218,133311000,13:33:14,18235,24,2625,2183125,0,0,0
ss2207,20220218,20220218,133315000,13:33:18,18235,24,2625,2183125,0,0,0
ss2207,20220218,20220218,133316000,13:33:19,18235,24,2625,2183125,0,0,0
ss2207,20220218,20220218,133318000,13:33:19,18235,24,2625,2183125,0,0,0
ss2207,20220218,20220218,133318500,13:33:19,18235,24,2625,2183125,0,0,0
ss2207,20220218,20220218,133319000,13:33:20,18235,24,2625,2183125,0,0,0
ss2207,20220218,20220218,133319500,13:33:20,18235,24,2625,2183125,0,0,0
ss2207,20220218,20220218,133320000,13:33:21,18235,24,2625,2183125,0,0,0
ss2207,20220218,20220218,133321000,13:33:22,18235,24,2625,2183125,0,0,0
ss2207,20220218,20220218,133321500,13:33:22,18235,24,2625,2183125,0,0,0
ss2207,20220218,20220218,133324500,13:33:25,18235,24,2625,2183125,0,0,0
ss2207,20220218,20220218,133336500,13:33:36,18235,24,2625,2183125,0,0,0
ss2207,20220218,20220218,133341500,13:33:42,18235,24,2625,2183125,0,0,0
ss2207,20220218,20220218,133342000,13:33:42,18235,24,2625,2183125,0,0,0
ss2207,20220218,20220218,133356500,13:33:57,18235,24,2625,2183125,0,0,0
ss2207,20220218,20220218,133357000,13:33:57,18235,24,2625,2183125,0,0,0
ss2207,20220218,20220218,133357500,13:33:58,18235,24,2625,2183125,0,0,0
ss2207,20220218,20220218,133358000,13:33:58,18235,24,2625,2183125,0,0,0
ss2207,20220218,20220218,133410000,13:34:12,18235,24,2625,2183125,0,0,0
ss2207,20220218,20220218,133410500,13:34:12,18235,24,2625,2183125,0,0,0
ss2207,20220218,20220218,133411000,13:34:12,18235,24,2625,2183125,0,0,0
ss2207,20220218,20220218,133413500,13:34:14,18235,24,2625,2183125,0,0,0
ss2207,20220218,20220218,133414500,13:34:15,18235,24,2625,2183125,0,0,0
ss2207,20220218,20220218,133424500,13:34:24,18235,24,2625,2183125,0,0,0
ss2207,20220218,20220218,133425000,13:34:25,18235,24,2625,2183125,0,0,0
ss2207,20220218,20220218,133432500,13:34:32,18235,24,2625,2183125,0,0,0
ss2207,20220218,20220218,133433000,13:34:34,18235,24,2625,2183125,0,0,0
ss2207,20220218,20220218,133435500,13:34:36,18235,24,2625,2183125,0,0,0
ss2207,20220218,20220218,133436000,13:34:36,18235,24,2625,2183125,0,0,0
ss2207,20220218,20220218,133444000,13:34:45,18235,24,2625,2183125,0,0,0
ss2207,20220218,20220218,133444500,13:34:46,18235,24,2625,2183125,0,0,0
ss2207,20220218,20220218,133445000,13:34:46,18235,24,2625,2183125,0,0,0
ss2207,20220218,20220218,133445500,13:34:46,18235,24,2625,2183125,0,0,0
ss2207,20220218,20220218,133447000,13:34:47,18235,24,2625,2183125,0,0,0
ss2207,20220218,20220218,133447500,13:34:48,18235,24,2625,2183125,0,0,0
ss2207,20220218,20220218,133448000,13:34:48,18235,24,2625,2183125,0,0,0
ss2207,20220218,20220218,133448500,13:34:49,18235,24,2625,2183125,0,0,0
ss2207,20220218,20220218,133449000,13:34:49,18235,24,2625,2183125,0,0,0
ss2207,20220218,20220218,133452500,13:34:53,18235,24,2625,2183125,0,0,0
ss2207,20220218,20220218,133453000,13:34:53,18235,24,2625,2183125,0,0,0
ss2207,20220218,20220218,133453500,13:34:55,18235,24,2625,2183125,0,0,0
ss2207,20220218,20220218,133454000,13:34:56,18235,24,2625,2183125,0,0,0
ss2207,20220218,20220218,133457500,13:34:58,18235,24,2625,2183125,0,0,0
ss2207,20220218,20220218,133500500,13:35:00,18235,24,2625,2183125,0,0,0
ss2207,20220218,20220218,133504000,13:35:10,18235,24,2625,2183125,0,0,0
ss2207,20220218,20220218,133515500,13:35:16,18235,24,2625,2183125,0,0,0
ss2207,20220218,20220218,133516000,13:35:16,18235,24,2625,2183125,0,0,0
ss2207,20220218,20220218,133517500,13:35:18,18235,24,2625,2183125,0,0,0
ss2207,20220218,20220218,133518500,13:35:19,18235,24,2625,2183125,0,0,0
ss2207,20220218,20220218,133519000,13:35:19,18235,24,2625,2183125,0,0,0
ss2207,20220218,20220218,133519500,13:35:20,18235,24,2625,2183125,0,0,0
ss2207,20220218,20220218,133520000,13:35:20,18235,24,2625,2183125,0,0,0
ss2207,20220218,20220218,133520500,13:35:21,18235,24,2625,2183125,0,0,0
ss2207,20220218,20220218,133521000,13:35:21,18235,24,2625,2183125,0,0,0
ss2207,20220218,20220218,133521500,13:35:22,18235,24,2625,2183125,0,0,0
ss2207,20220218,20220218,133522000,13:35:22,18235,24,2625,2183125,0,0,0
ss2207,20220218,20220218,133522500,13:35:23,18235,24,2625,2183125,0,0,0
ss2207,20220218,20220218,133523000,13:35:23,18235,24,2625,2183125,0,0,0
ss2207,20220218,20220218,133523500,13:35:23,18235,24,2625,2183125,0,0,0
ss2207,20220218,20220218,133525500,13:35:26,18235,24,2625,2183125,0,0,0
ss2207,20220218,20220218,133526000,13:35:26,18235,24,2625,2183125,0,0,0
ss2207,20220218,20220218,133526500,13:35:27,18235,24,2625,2183125,0,0,0
ss2207,20220218,20220218,133527000,13:35:31,18235,24,2625,2183125,0,0,0
ss2207,20220218,20220218,133529500,13:35:35,18235,24,2625,2183125,0,0,0
ss2207,20220218,20220218,133537500,13:35:43,18235,24,2625,2183125,0,0,0
ss2207,20220218,20220218,133543500,13:35:44,18235,24,2625,2183125,0,0,0
ss2207,20220218,20220218,133544500,13:35:45,18235,24,2625,2183125,0,0,0
ss2207,20220218,20220218,133549500,13:35:49,18235,24,2625,2183125,0,0,0
ss2207,20220218,20220218,133550000,13:35:50,18235,24,2625,2183125,0,0,0
ss2207,20220218,20220218,133550500,13:35:50,18235,24,2625,2183125,0,0,0
ss2207,20220218,20220218,133551500,13:35:52,18235,24,2625,2183125,0,0,0
ss2207,20220218,20220218,133552000,13:35:52,18235,24,2625,2183125,0,0,0
ss2207,20220218,20220218,133553000,13:35:53,18235,24,2625,2183125,0,0,0
ss2207,20220218,20220218,133553500,13:35:55,18235,24,2625,2183125,0,0,0
ss2207,20220218,20220218,133554000,13:35:55,18235,24,2625,2183125,0,0,0
ss2207,20220218,20220218,133605000,13:36:06,18235,24,2625,2183125,0,0,0
ss2207,20220218,20220218,133605500,13:36:07,18235,24,2625,2183125,0,0,0
ss2207,20220218,20220218,133606000,13:36:07,18235,24,2625,2183125,0,0,0
ss2207,20220218,20220218,133606500,13:36:07,18235,24,2625,2183125,0,0,0
ss2207,20220218,20220218,133607000,13:36:08,18235,24,2625,2183125,0,0,0
ss2207,20220218,20220218,133607500,13:36:08,18235,24,2625,2183125,0,0,0
ss2207,20220218,20220218,133608000,13:36:08,18235,24,2625,2183125,0,0,0
ss2207,20220218,20220218,133609000,13:36:09,18235,24,2625,2183125,0,0,0
ss2207,20220218,20220218,133610000,13:36:11,18235,24,2625,2183125,0,0,0
ss2207,20220218,20220218,133612000,13:36:12,18235,24,2625,2183125,0,0,0
ss2207,20220218,20220218,133624500,13:36:24,18235,24,2625,2183125,0,0,0
ss2207,20220218,20220218,133625000,13:36:25,18235,24,2625,2183125,0,0,0
ss2207,20220218,20220218,133629500,13:36:30,18235,24,2625,2183125,0,0,0
ss2207,20220218,20220218,133631500,13:36:31,18235,24,2625,2183125,0,0,0
ss2207,20220218,20220218,133632000,13:36:32,18235,24,2625,2183125,0,0,0
ss2207,20220218,20220218,133636000,13:36:36,18235,24,2625,2183125,0,0,0
ss2207,20220218,20220218,133636500,13:36:36,18235,24,2625,2183125,0,0,0
ss2207,20220218,20220218,133643000,13:36:43,18235,24,2625,2183125,0,0,0
ss2207,20220218,20220218,133643500,13:36:44,18235,24,2625,2183125,0,0,0
ss2207,20220218,20220218,133647000,13:36:47,18235,24,2625,2183125,0,0,0
ss2207,20220218,20220218,133647500,13:36:48,18235,24,2625,2183125,0,0,0
ss2207,20220218,20220218,133648000,13:36:48,18235,24,2625,2183125,0,0,0
ss2207,20220218,20220218,133655500,13:36:56,18235,24,2625,2183125,0,0,0
ss2207,20220218,20220218,133656000,13:36:56,18235,24,2625,2183125,0,0,0
ss2207,20220218,20220218,133707500,13:37:08,18235,24,2625,2183125,0,0,0
ss2207,20220218,20220218,133710500,13:37:11,18235,24,2625,2183125,0,0,0
ss2207,20220218,20220218,133711000,13:37:12,18235,24,2625,2183125,0,0,0
ss2207,20220218,20220218,133711500,13:37:13,18235,24,2625,2183125,0,0,0
ss2207,20220218,20220218,133712000,13:37:13,18235,24,2625,2183125,0,0,0
ss2207,20220218,20220218,133712500,13:37:13,18235,24,2625,2183125,0,0,0
ss2207,20220218,20220218,133713000,13:37:14,18235,24,2625,2183125,0,0,0
ss2207,20220218,20220218,133713500,13:37:14,18235,24,2625,2183125,0,0,0
ss2207,20220218,20220218,133717000,13:37:18,18235,24,2625,2183125,0,0,0
ss2207,20220218,20220218,133717500,13:37:18,18235,24,2625,2183125,0,0,0
ss2207,20220218,20220218,133718000,13:37:19,18235,24,2625,2183125,0,0,0
ss2207,20220218,20220218,133718500,13:37:19,18235,24,2625,2183125,0,0,0
ss2207,20220218,20220218,133722500,13:37:23,18235,24,2625,2183125,0,0,0
ss2207,20220218,20220218,133724000,13:37:24,18235,24,2625,2183125,0,0,0
ss2207,20220218,20220218,133724500,13:37:25,18235,24,2625,2183125,0,0,0
ss2207,20220218,20220218,133725000,13:37:25,18235,24,2625,2183125,0,0,0
ss2207,20220218,20220218,133725500,13:37:26,18235,24,2625,2183125,0,0,0
ss2207,20220218,20220218,133727000,13:37:27,18235,24,2625,2183125,0,0,0
ss2207,20220218,20220218,133727500,13:37:27,18235,24,2625,2183125,0,0,0
ss2207,20220218,20220218,133734500,13:37:34,18235,24,2625,2183125,0,0,0
ss2207,20220218,20220218,133735000,13:37:35,18235,24,2625,2183125,0,0,0
ss2207,20220218,20220218,133752000,13:37:53,18235,24,2625,2183125,0,0,0
ss2207,20220218,20220218,133753000,13:37:54,18235,24,2625,2183125,0,0,0
ss2207,20220218,20220218,133755000,13:37:55,18235,24,2625,2183125,0,0,0
ss2207,20220218,20220218,133755500,13:37:55,18235,24,2625,2183125,0,0,0
ss2207,20220218,20220218,133756000,13:37:56,18235,24,2625,2183125,0,0,0
ss2207,20220218,20220218,133756500,13:37:57,18235,24,2625,2183125,0,0,0
ss2207,20220218,20220218,133758500,13:37:59,18235,24,2625,2183125,0,0,0
ss2207,20220218,20220218,133759000,13:38:00,18235,24,2625,2183125,0,0,0
ss2207,20220218,20220218,133759500,13:38:00,18235,24,2625,2183125,0,0,0
ss2207,20220218,20220218,133800000,13:38:02,18235,24,2625,2183125,0,0,0
ss2207,20220218,20220218,133800500,13:38:02,18235,24,2625,2183125,0,0,0
ss2207,20220218,20220218,133801000,13:38:03,18235,24,2625,2183125,0,0,0
ss2207,20220218,20220218,133802000,13:38:05,18235,24,2625,2183125,0,0,0
ss2207,20220218,20220218,133802500,13:38:06,18235,24,2625,2183125,0,0,0
ss2207,20220218,20220218,133803000,13:38:06,18235,24,2625,2183125,0,0,0
ss2207,20220218,20220218,133804500,13:38:07,18235,24,2625,2183125,0,0,0
ss2207,20220218,20220218,133805500,13:38:09,18235,24,2625,2183125,0,0,0
ss2207,20220218,20220218,133811000,13:38:14,18235,24,2625,2183125,0,0,0
ss2207,20220218,20220218,133811500,13:38:14,18235,24,2625,2183125,0,0,0
ss2207,20220218,20220218,133812000,13:38:14,18235,24,2625,2183125,0,0,0
ss2207,20220218,20220218,133812500,13:38:14,18235,24,2625,2183125,0,0,0
ss2207,20220218,20220218,133813000,13:38:15,18235,24,2625,2183125,0,0,0
ss2207,20220218,20220218,133815000,13:38:17,18235,24,2625,2183125,0,0,0
ss2207,20220218,20220218,133816000,13:38:18,18235,24,2625,2183125,0,0,0
ss2207,20220218,20220218,133821000,13:38:22,18235,24,2625,2183125,0,0,0
ss2207,20220218,20220218,133822000,13:38:23,18235,24,2625,2183125,0,0,0
ss2207,20220218,20220218,133822500,13:38:23,18235,24,2625,2183125,0,0,0
ss2207,20220218,20220218,133824500,13:38:41,18235,24,2625,2183125,0,0,0
ss2207,20220218,20220218,133825000,13:38:41,18235,24,2625,2183125,0,0,0
ss2207,20220218,20220218,133837500,13:38:43,18235,24,2625,2183125,0,0,0
ss2207,20220218,20220218,133843000,13:38:43,18235,24,2625,2183125,0,0,0
ss2207,20220218,20220218,133843500,13:38:44,18235,24,2625,2183125,0,0,0
ss2207,20220218,20220218,133844500,13:38:44,18235,24,2625,2183125,0,0,0
ss2207,20220218,20220218,133845000,13:38:45,18235,24,2625,2183125,0,0,0
ss2207,20220218,20220218,133845500,13:38:45,18235,24,2625,2183125,0,0,0
ss2207,20220218,20220218,133846000,13:38:46,18235,24,2625,2183125,0,0,0
ss2207,20220218,20220218,133847500,13:38:47,18235,24,2625,2183125,0,0,0
ss2207,20220218,20220218,133914000,13:39:15,18235,24,2625,2183125,0,0,0
ss2207,20220218,20220218,133914500,13:39:18,18235,24,2625,2183125,0,0,0
ss2207,20220218,20220218,133935500,13:39:35,18235,24,2625,2183125,0,0,0
ss2207,20220218,20220218,133936500,13:39:36,18235,24,2625,2183125,0,0,0
ss2207,20220218,20220218,133937500,13:39:37,18235,24,2625,2183125,0,0,0
ss2207,20220218,20220218,133938500,13:39:38,18235,24,2625,2183125,0,0,0
ss2207,20220218,20220218,133943000,13:39:43,18235,24,2625,2183125,0,0,0
ss2207,20220218,20220218,133945000,13:39:46,18235,24,2625,2183125,0,0,0
ss2207,20220218,20220218,133945500,13:39:46,18235,24,2625,2183125,0,0,0
ss2207,20220218,20220218,134002500,13:40:13,18235,24,2625,2183125,0,0,0
ss2207,20220218,20220218,134019500,13:40:20,18235,24,2625,2183125,0,0,0
ss2207,20220218,20220218,134020000,13:40:20,18235,24,2625,2183125,0,0,0
ss2207,20220218,20220218,134020500,13:40:21,18235,24,2625,2183125,0,0,0
ss2207,20220218,20220218,134021000,13:40:22,18235,24,2625,2183125,0,0,0
ss2207,20220218,20220218,134022500,13:40:22,18235,24,2625,2183125,0,0,0
ss2207,20220218,20220218,134025500,13:40:26,18235,24,2625,2183125,0,0,0
ss2207,20220218,20220218,134042000,13:40:42,18235,24,2625,2183125,0,0,0
ss2207,20220218,20220218,134056000,13:40:58,18235,24,2625,2183125,0,0,0
ss2207,20220218,20220218,134056500,13:40:58,18235,24,2625,2183125,0,0,0
ss2207,20220218,20220218,134057000,13:40:58,18235,24,2625,2183125,0,0,0
ss2207,20220218,20220218,134103000,13:41:05,18235,24,2625,2183125,0,0,0
ss2207,20220218,20220218,134103500,13:41:05,18235,24,2625,2183125,0,0,0
ss2207,20220218,20220218,134104500,13:41:06,18235,24,2625,2183125,0,0,0
ss2207,20220218,20220218,134105000,13:41:06,18235,24,2625,2183125,0,0,0
ss2207,20220218,20220218,134106000,13:41:07,18235,24,2625,2183125,0,0,0
ss2207,20220218,20220218,134106500,13:41:07,18235,24,2625,2183125,0,0,0
ss2207,20220218,20220218,134107000,13:41:09,18235,24,2625,2183125,0,0,0
ss2207,20220218,20220218,134114500,13:41:16,18235,24,2625,2183125,0,0,0
ss2207,20220218,20220218,134124000,13:41:26,18235,24,2625,2183125,0,0,0
ss2207,20220218,20220218,134129000,13:41:29,18235,24,2625,2183125,0,0,0
ss2207,20220218,20220218,134130500,13:41:31,18235,24,2625,2183125,0,0,0
ss2207,20220218,20220218,134131500,13:41:32,18235,24,2625,2183125,0,0,0
ss2207,20220218,20220218,134142000,13:41:42,18235,24,2625,2183125,0,0,0
ss2207,20220218,20220218,134142500,13:41:42,18235,24,2625,2183125,0,0,0
ss2207,20220218,20220218,134143000,13:41:44,18235,24,2625,2183125,0,0,0
ss2207,20220218,20220218,134143500,13:41:44,18235,24,2625,2183125,0,0,0
ss2207,20220218,20220218,134144000,13:41:44,18235,24,2625,2183125,0,0,0
ss2207,20220218,20220218,134144500,13:41:45,18235,24,2625,2183125,0,0,0
ss2207,20220218,20220218,134145000,13:41:45,18235,24,2625,2183125,0,0,0
ss2207,20220218,20220218,134145500,13:41:45,18235,24,2625,2183125,0,0,0
ss2207,20220218,20220218,134146000,13:41:46,18235,24,2625,2183125,0,0,0
ss2207,20220218,20220218,134146500,13:41:47,18235,24,2625,2183125,0,0,0
ss2207,20220218,20220218,134147000,13:41:47,18235,24,2625,2183125,0,0,0
ss2207,20220218,20220218,134149000,13:41:50,18235,24,2625,2183125,0,0,0
ss2207,20220218,20220218,134149500,13:41:50,18235,24,2625,2183125,0,0,0
ss2207,20220218,20220218,134150000,13:41:50,18235,24,2625,2183125,0,0,0
ss2207,20220218,20220218,134158500,13:42:11,18235,24,2625,2183125,0,0,0
ss2207,20220218,20220218,134206500,13:42:12,18235,24,2625,2183125,0,0,0
ss2207,20220218,20220218,134213500,13:42:14,18235,24,2625,2183125,0,0,0
ss2207,20220218,20220218,134214000,13:42:14,18235,24,2625,2183125,0,0,0
ss2207,20220218,20220218,134257000,13:42:59,18235,24,2625,2183125,0,0,0
ss2207,20220218,20220218,134310000,13:43:13,18235,24,2625,2183125,0,0,0
ss2207,20220218,20220218,134312000,13:43:14,18235,24,2625,2183125,0,0,0
ss2207,20220218,20220218,134313500,13:43:14,18235,24,2625,2183125,0,0,0
ss2207,20220218,20220218,134314500,13:43:15,18235,24,2625,2183125,0,0,0
ss2207,20220218,20220218,134315000,13:43:15,18235,24,2625,2183125,0,0,0
ss2207,20220218,20220218,134320000,13:43:20,18235,24,2625,2183125,0,0,0
ss2207,20220218,20220218,134336000,13:43:36,18235,24,2625,2183125,0,0,0
ss2207,20220218,20220218,134336500,13:43:37,18235,24,2625,2183125,0,0,0
ss2207,20220218,20220218,134337000,13:43:37,18235,24,2625,2183125,0,0,0
ss2207,20220218,20220218,134337500,13:43:38,18235,24,2625,2183125,0,0,0
ss2207,20220218,20220218,134358500,13:44:04,18235,24,2625,2183125,0,0,0
ss2207,20220218,20220218,134413500,13:44:18,18235,24,2625,2183125,0,0,0
ss2207,20220218,20220218,134423000,13:44:23,18235,24,2625,2183125,0,0,0
ss2207,20220218,20220218,134426000,13:44:26,18235,24,2625,2183125,0,0,0
ss2207,20220218,20220218,134438500,13:44:39,18235,24,2625,2183125,0,0,0
ss2207,20220218,20220218,134439000,13:44:39,18235,24,2625,2183125,0,0,0
ss2207,20220218,20220218,134439500,13:44:39,18235,24,2625,2183125,0,0,0
ss2207,20220218,20220218,134440000,13:44:40,18235,24,2625,2183125,0,0,0
ss2207,20220218,20220218,134441500,13:44:42,18235,24,2625,2183125,0,0,0
ss2207,20220218,20220218,134450500,13:44:50,18235,24,2625,2183125,0,0,0
ss2207,20220218,20220218,134501500,13:45:02,18235,24,2625,2183125,0,0,0
ss2207,20220218,20220218,134511000,13:45:11,18235,24,2625,2183125,0,0,0
ss2207,20220218,20220218,134511500,13:45:12,18235,24,2625,2183125,0,0,0
ss2207,20220218,20220218,134512000,13:45:12,18235,24,2625,2183125,0,0,0
ss2207,20220218,20220218,134512500,13:45:13,18235,24,2625,2183125,0,0,0
ss2207,20220218,20220218,134513000,13:45:14,18235,24,2625,2183125,0,0,0
ss2207,20220218,20220218,134513500,13:45:15,18235,24,2625,2183125,0,0,0
ss2207,20220218,20220218,134515500,13:45:17,18235,24,2625,2183125,0,0,0
ss2207,20220218,20220218,134517000,13:45:20,18235,24,2625,2183125,0,0,0
ss2207,20220218,20220218,134520500,13:45:23,18235,24,2625,2183125,0,0,0
ss2207,20220218,20220218,134521000,13:45:23,18235,24,2625,2183125,0,0,0
ss2207,20220218,20220218,134521500,13:45:23,18235,24,2625,2183125,0,0,0
ss2207,20220218,20220218,134524000,13:45:25,18235,24,2625,2183125,0,0,0
ss2207,20220218,20220218,134525000,13:45:27,18235,24,2625,2183125,0,0,0
ss2207,20220218,20220218,134529000,13:45:30,18235,24,2625,2183125,0,0,0
ss2207,20220218,20220218,134530000,13:45:30,18235,24,2625,2183125,0,0,0
ss2207,20220218,20220218,134530500,13:45:31,18235,24,2625,2183125,0,0,0
ss2207,20220218,20220218,134531500,13:45:32,18235,24,2625,2183125,0,0,0
ss2207,20220218,20220218,134543000,13:45:46,18235,24,2625,2183125,0,0,0
ss2207,20220218,20220218,134550500,13:45:54,18235,24,2625,2183125,0,0,0
ss2207,20220218,20220218,134553500,13:45:54,18235,24,2625,2183125,0,0,0
ss2207,20220218,20220218,134554500,13:45:55,18235,24,2625,2183125,0,0,0
ss2207,20220218,20220218,134557000,13:46:01,18235,24,2625,2183125,0,0,0
ss2207,20220218,20220218,134558000,13:46:01,18235,24,2625,2183125,0,0,0
ss2207,20220218,20220218,134601000,13:46:02,18235,24,2625,2183125,0,0,0
ss2207,20220218,20220218,134601500,13:46:02,18235,24,2625,2183125,0,0,0
ss2207,20220218,20220218,134602000,13:46:03,18235,24,2625,2183125,0,0,0
ss2207,20220218,20220218,134602500,13:46:04,18235,24,2625,2183125,0,0,0
ss2207,20220218,20220218,134603000,13:46:04,18235,24,2625,2183125,0,0,0
ss2207,20220218,20220218,134603500,13:46:04,18235,24,2625,2183125,0,0,0
ss2207,20220218,20220218,134604000,13:46:05,18235,24,2625,2183125,0,0,0
ss2207,20220218,20220218,134604500,13:46:05,18235,24,2625,2183125,0,0,0
ss2207,20220218,20220218,134605000,13:46:05,18235,24,2625,2183125,0,0,0
ss2207,20220218,20220218,134605500,13:46:05,18235,24,2625,2183125,0,0,0
ss2207,20220218,20220218,134606000,13:46:06,18235,24,2625,2183125,0,0,0
ss2207,20220218,20220218,134606500,13:46:07,18235,24,2625,2183125,0,0,0
ss2207,20220218,20220218,134607000,13:46:07,18235,24,2625,2183125,0,0,0
ss2207,20220218,20220218,134607500,13:46:08,18235,24,2625,2183125,0,0,0
ss2207,20220218,20220218,134608000,13:46:09,18235,24,2625,2183125,0,0,0
ss2207,20220218,20220218,134608500,13:46:09,18235,24,2625,2183125,0,0,0
ss2207,20220218,20220218,134609000,13:46:09,18235,24,2625,2183125,0,0,0
ss2207,20220218,20220218,134620000,13:46:20,18235,24,2625,2183125,0,0,0
ss2207,20220218,20220218,134620500,13:46:21,18235,24,2625,2183125,0,0,0
ss2207,20220218,20220218,134644000,13:46:47,18235,24,2625,2183125,0,0,0
ss2207,20220218,20220218,134644500,13:46:47,18235,24,2625,2183125,0,0,0
ss2207,20220218,20220218,134645000,13:46:47,18235,24,2625,2183125,0,0,0
ss2207,20220218,20220218,134741000,13:47:41,18235,24,2625,2183125,0,0,0
ss2207,20220218,20220218,134742500,13:47:43,18235,24,2625,2183125,0,0,0
ss2207,20220218,20220218,134743000,13:47:43,18235,24,2625,2183125,0,0,0
ss2207,20220218,20220218,134743500,13:47:44,18235,24,2625,2183125,0,0,0
ss2207,20220218,20220218,134744000,13:47:45,18235,24,2625,2183125,0,0,0
ss2207,20220218,20220218,134744500,13:47:45,18235,24,2625,2183125,0,0,0
ss2207,20220218,20220218,134818000,13:48:19,18235,24,2625,2183125,0,0,0
ss2207,20220218,20220218,134818500,13:48:20,18235,24,2625,2183125,0,0,0
ss2207,20220218,20220218,134820000,13:48:22,18235,24,2625,2183125,0,0,0
ss2207,20220218,20220218,134820500,13:48:22,18235,24,2625,2183125,0,0,0
ss2207,20220218,20220218,134821000,13:48:22,18235,24,2625,2183125,0,0,0
ss2207,20220218,20220218,134824500,13:48:24,18235,24,2625,2183125,0,0,0
ss2207,20220218,20220218,134848500,13:48:48,18235,24,2625,2183125,0,0,0
ss2207,20220218,20220218,134849000,13:48:49,18235,24,2625,2183125,0,0,0
ss2207,20220218,20220218,134849500,13:48:49,18235,24,2625,2183125,0,0,0
ss2207,20220218,20220218,134903000,13:49:03,18235,24,2625,2183125,0,0,0
ss2207,20220218,20220218,134903500,13:49:04,18235,24,2625,2183125,0,0,0
ss2207,20220218,20220218,134929500,13:49:30,18235,24,2625,2183125,0,0,0
ss2207,20220218,20220218,134930000,13:49:30,18235,24,2625,2183125,0,0,0
ss2207,20220218,20220218,134930500,13:49:31,18235,24,2625,2183125,0,0,0
ss2207,20220218,20220218,134931000,13:49:31,18235,24,2625,2183125,0,0,0
ss2207,20220218,20220218,134932500,13:49:32,18235,24,2625,2183125,0,0,0
ss2207,20220218,20220218,135007500,13:50:09,18235,24,2625,2183125,0,0,0
ss2207,20220218,20220218,135034000,13:50:37,18235,24,2625,2183125,0,0,0
ss2207,20220218,20220218,135038000,13:50:39,18235,24,2625,2183125,0,0,0
ss2207,20220218,20220218,135038500,13:50:39,18235,24,2625,2183125,0,0,0
ss2207,20220218,20220218,135056000,13:50:56,18235,24,2625,2183125,0,0,0
ss2207,20220218,20220218,135120500,13:51:21,18235,24,2625,2183125,0,0,0
ss2207,20220218,20220218,135127500,13:51:27,18235,24,2625,2183125,0,0,0
ss2207,20220218,20220218,135145500,13:51:45,18235,24,2625,2183125,0,0,0
ss2207,20220218,20220218,135147500,13:51:48,18235,24,2625,2183125,0,0,0
ss2207,20220218,20220218,135148500,13:51:49,18235,24,2625,2183125,0,0,0
ss2207,20220218,20220218,135150000,13:51:50,18235,24,2625,2183125,0,0,0
ss2207,20220218,20220218,135202000,13:52:03,18235,24,2625,2183125,0,0,0
ss2207,20220218,20220218,135202500,13:52:03,18235,24,2625,2183125,0,0,0
ss2207,20220218,20220218,135203000,13:52:04,18235,24,2625,2183125,0,0,0
ss2207,20220218,20220218,135203500,13:52:04,18235,24,2625,2183125,0,0,0
ss2207,20220218,20220218,135215000,13:52:15,18235,24,2625,2183125,0,0,0
ss2207,20220218,20220218,135215500,13:52:15,18235,24,2625,2183125,0,0,0
ss2207,20220218,20220218,135218000,13:52:19,18235,24,2625,2183125,0,0,0
ss2207,20220218,20220218,135221000,13:52:24,18235,24,2625,2183125,0,0,0
ss2207,20220218,20220218,135226500,13:52:27,18235,24,2625,2183125,0,0,0
ss2207,20220218,20220218,135228000,13:52:28,18235,24,2625,2183125,0,0,0
ss2207,20220218,20220218,135234500,13:52:35,18235,24,2625,2183125,0,0,0
ss2207,20220218,20220218,135235000,13:52:36,18235,24,2625,2183125,0,0,0
ss2207,20220218,20220218,135235500,13:52:36,18235,24,2625,2183125,0,0,0
ss2207,20220218,20220218,135236000,13:52:37,18235,24,2625,2183125,0,0,0
ss2207,20220218,20220218,135236500,13:52:44,18235,24,2625,2183125,0,0,0
ss2207,20220218,20220218,135237000,13:52:44,18235,24,2625,2183125,0,0,0
ss2207,20220218,20220218,135237500,13:52:44,18235,24,2625,2183125,0,0,0
ss2207,20220218,20220218,135238500,13:52:46,18235,24,2625,2183125,0,0,0
ss2207,20220218,20220218,135250500,13:52:51,18235,24,2625,2183125,0,0,0
ss2207,20220218,20220218,135258000,13:52:58,18235,24,2625,2183125,0,0,0
ss2207,20220218,20220218,135301000,13:53:01,18235,24,2625,2183125,0,0,0
ss2207,20220218,20220218,135301500,13:53:02,18235,24,2625,2183125,0,0,0
ss2207,20220218,20220218,135302000,13:53:02,18235,24,2625,2183125,0,0,0
ss2207,20220218,20220218,135306000,13:53:09,18235,24,2625,2183125,0,0,0
ss2207,20220218,20220218,135306500,13:53:09,18235,24,2625,2183125,0,0,0
ss2207,20220218,20220218,135308000,13:53:09,18235,24,2625,2183125,0,0,0
ss2207,20220218,20220218,135312500,13:53:13,18235,24,2625,2183125,0,0,0
ss2207,20220218,20220218,135313000,13:53:13,18235,24,2625,2183125,0,0,0
ss2207,20220218,20220218,135313500,13:53:13,18235,24,2625,2183125,0,0,0
ss2207,20220218,20220218,135316500,13:53:20,18235,24,2625,2183125,0,0,0
ss2207,20220218,20220218,135318000,13:53:20,18235,24,2625,2183125,0,0,0
ss2207,20220218,20220218,135323000,13:53:23,18235,24,2625,2183125,0,0,0
ss2207,20220218,20220218,135323500,13:53:23,18235,24,2625,2183125,0,0,0
ss2207,20220218,20220218,135336000,13:53:44,18235,24,2625,2183125,0,0,0
ss2207,20220218,20220218,135344000,13:53:45,18235,24,2625,2183125,0,0,0
ss2207,20220218,20220218,135344500,13:53:46,18235,24,2625,2183125,0,0,0
ss2207,20220218,20220218,135348000,13:53:48,18235,24,2625,2183125,0,0,0
ss2207,20220218,20220218,135348500,13:53:49,18235,24,2625,2183125,0,0,0
ss2207,20220218,20220218,135349000,13:53:49,18235,24,2625,2183125,0,0,0
ss2207,20220218,20220218,135349500,13:53:50,18235,24,2625,2183125,0,0,0
ss2207,20220218,20220218,135351500,13:53:53,18235,24,2625,2183125,0,0,0
ss2207,20220218,20220218,135352000,13:53:53,18235,24,2625,2183125,0,0,0
ss2207,20220218,20220218,135407500,13:54:09,18235,24,2625,2183125,0,0,0
ss2207,20220218,20220218,135418500,13:54:18,18235,24,2625,2183125,0,0,0
ss2207,20220218,20220218,135419000,13:54:19,18235,24,2625,2183125,0,0,0
ss2207,20220218,20220218,135419500,13:54:20,18235,24,2625,2183125,0,0,0
ss2207,20220218,20220218,135420000,13:54:20,18235,24,2625,2183125,0,0,0
ss2207,20220218,20220218,135420500,13:54:21,18235,24,2625,2183125,0,0,0
ss2207,20220218,20220218,135421000,13:54:21,18235,24,2625,2183125,0,0,0
ss2207,20220218,20220218,135421500,13:54:21,18235,24,2625,2183125,0,0,0
ss2207,20220218,20220218,135422000,13:54:22,18235,24,2625,2183125,0,0,0
ss2207,20220218,20220218,135422500,13:54:22,18235,24,2625,2183125,0,0,0
ss2207,20220218,20220218,135423000,13:54:23,18235,24,2625,2183125,0,0,0
ss2207,20220218,20220218,135423500,13:54:23,18235,24,2625,2183125,0,0,0
ss2207,20220218,20220218,135424000,13:54:24,18235,24,2625,2183125,0,0,0
ss2207,20220218,20220218,135424500,13:54:25,18235,24,2625,2183125,0,0,0
ss2207,20220218,20220218,135425000,13:54:25,18235,24,2625,2183125,0,0,0
ss2207,20220218,20220218,135425500,13:54:26,18235,24,2625,2183125,0,0,0
ss2207,20220218,20220218,135426000,13:54:26,18235,24,2625,2183125,0,0,0
ss2207,20220218,20220218,135426500,13:54:27,18235,24,2625,2183125,0,0,0
ss2207,20220218,20220218,135428000,13:54:30,18235,24,2625,2183125,0,0,0
ss2207,20220218,20220218,135428500,13:54:30,18235,24,2625,2183125,0,0,0
ss2207,20220218,20220218,135430000,13:54:31,18235,24,2625,2183125,0,0,0
ss2207,20220218,20220218,135430500,13:54:32,18235,24,2625,2183125,0,0,0
ss2207,20220218,20220218,135431000,13:54:32,18235,24,2625,2183125,0,0,0
ss2207,20220218,20220218,135431500,13:54:32,18235,24,2625,2183125,0,0,0
ss2207,20220218,20220218,135438500,13:54:39,18235,24,2625,2183125,0,0,0
ss2207,20220218,20220218,135439000,13:54:39,18235,24,2625,2183125,0,0,0
ss2207,20220218,20220218,135439500,13:54:40,18235,24,2625,2183125,0,0,0
ss2207,20220218,20220218,135440000,13:54:40,18235,24,2625,2183125,0,0,0
ss2207,20220218,20220218,135441500,13:54:42,18235,24,2625,2183125,0,0,0
ss2207,20220218,20220218,135454000,13:54:54,18235,24,2625,2183125,0,0,0
ss2207,20220218,20220218,135502000,13:55:03,18235,24,2625,2183125,0,0,0
ss2207,20220218,20220218,135502500,13:55:03,18235,24,2625,2183125,0,0,0
ss2207,20220218,20220218,135503000,13:55:03,18235,24,2625,2183125,0,0,0
ss2207,20220218,20220218,135503500,13:55:04,18235,24,2625,2183125,0,0,0
ss2207,20220218,20220218,135505000,13:55:05,18235,24,2625,2183125,0,0,0
ss2207,20220218,20220218,135508000,13:55:12,18235,24,2625,2183125,0,0,0
ss2207,20220218,20220218,135510000,13:55:12,18235,24,2625,2183125,0,0,0
ss2207,20220218,20220218,135521500,13:55:25,18235,24,2625,2183125,0,0,0
ss2207,20220218,20220218,135525500,13:55:26,18235,24,2625,2183125,0,0,0
ss2207,20220218,20220218,135528000,13:55:28,18235,24,2625,2183125,0,0,0
ss2207,20220218,20220218,135528500,13:55:29,18235,24,2625,2183125,0,0,0
ss2207,20220218,20220218,135529000,13:55:29,18235,24,2625,2183125,0,0,0
ss2207,20220218,20220218,135529500,13:55:30,18235,24,2625,2183125,0,0,0
ss2207,20220218,20220218,135531000,13:55:31,18235,24,2625,2183125,0,0,0
ss2207,20220218,20220218,135556000,13:55:57,18235,24,2625,2183125,0,0,0
ss2207,20220218,20220218,135556500,13:55:58,18235,24,2625,2183125,0,0,0
ss2207,20220218,20220218,135601500,13:56:03,18235,24,2625,2183125,0,0,0
ss2207,20220218,20220218,135608000,13:56:23,18235,24,2625,2183125,0,0,0
ss2207,20220218,20220218,135619000,13:56:24,18235,24,2625,2183125,0,0,0
ss2207,20220218,20220218,135626500,13:56:34,18235,24,2625,2183125,0,0,0
ss2207,20220218,20220218,135640500,13:56:41,18235,24,2625,2183125,0,0,0
ss2207,20220218,20220218,135641000,13:56:41,18235,24,2625,2183125,0,0,0
ss2207,20220218,20220218,135641500,13:56:42,18235,24,2625,2183125,0,0,0
ss2207,20220218,20220218,135642000,13:56:43,18235,24,2625,2183125,0,0,0
ss2207,20220218,20220218,135643500,13:56:44,18235,24,2625,2183125,0,0,0
