zn2203,20220218,20220218,112003000,11:20:05,25135,77290,72942,9704057450,77290,-6762,9704057450
zn2203,20220218,20220218,112004500,11:20:10,25140,77318,72940,9707577050,28,-2,3519600
zn2203,20220218,20220218,112005000,11:20:10,25140,77318,72940,9707577050,0,0,0
zn2203,20220218,20220218,112005500,11:20:10,25140,77318,72940,9707577050,0,0,0
zn2203,20220218,20220218,112006500,11:20:10,25135,77323,72935,9708205425,5,-5,628375
zn2203,20220218,20220218,112009000,11:20:10,25135,77323,72935,9708205425,0,0,0
zn2203,20220218,20220218,112013000,11:20:13,25135,77323,72935,9708205425,0,0,0
zn2203,20220218,20220218,112019000,11:20:19,25135,77323,72935,9708205425,0,0,0
zn2203,20220218,20220218,112019500,11:20:20,25135,77323,72935,9708205425,0,0,0
zn2203,20220218,20220218,112020000,11:20:20,25135,77323,72935,9708205425,0,0,0
zn2203,20220218,20220218,112021500,11:20:21,25135,77323,72935,9708205425,0,0,0
zn2203,20220218,20220218,112025000,11:20:25,25140,77324,72935,9708331125,1,0,125700
zn2203,20220218,20220218,112026000,11:20:26,25140,77326,72935,9708582525,2,0,251400
zn2203,20220218,20220218,112026500,11:20:26,25140,77336,72937,9709839525,10,2,1257000
zn2203,20220218,20220218,112027000,11:20:27,25140,77336,72937,9709839525,0,0,0
zn2203,20220218,20220218,112029500,11:20:30,25140,77361,72958,9712982025,25,21,3142500
zn2203,20220218,20220218,112030000,11:20:31,25135,77393,72949,9717004350,32,-9,4022325
zn2203,20220218,20220218,112030500,11:20:31,25135,77393,72949,9717004350,0,0,0
zn2203,20220218,20220218,112031000,11:20:31,25135,77396,72950,9717381375,3,1,377025
zn2203,20220218,20220218,112031500,11:20:32,25135,77396,72950,9717381375,0,0,0
zn2203,20220218,20220218,112032000,11:20:32,25135,77396,72950,9717381375,0,0,0
zn2203,20220218,20220218,112033500,11:20:33,25135,77396,72950,9717381375,0,0,0
zn2203,20220218,20220218,112035500,11:20:35,25135,77396,72950,9717381375,0,0,0
zn2203,20220218,20220218,112037500,11:20:38,25135,77401,72955,9718009750,5,5,628375
zn2203,20220218,20220218,112038000,11:20:38,25135,77417,72970,9720020550,16,15,2010800
zn2203,20220218,20220218,112038500,11:20:38,25135,77422,72972,9720648925,5,2,628375
zn2203,20220218,20220218,112039000,11:20:39,25135,77422,72972,9720648925,0,0,0
zn2203,20220218,20220218,112040500,11:20:41,25135,77422,72972,9720648925,0,0,0
zn2203,20220218,20220218,112041000,11:20:41,25135,77423,72973,9720774600,1,1,125675
zn2203,20220218,20220218,112042500,11:20:42,25135,77429,72972,9721528650,6,-1,754050
zn2203,20220218,20220218,112043000,11:20:43,25135,77431,72972,9721780000,2,0,251350
zn2203,20220218,20220218,112043500,11:20:44,25135,77433,72973,9722031350,2,1,251350
zn2203,20220218,20220218,112046500,11:20:46,25135,77433,72973,9722031350,0,0,0
zn2203,20220218,20220218,112048000,11:20:48,25135,77433,72973,9722031350,0,0,0
zn2203,20220218,20220218,112048500,11:20:49,25135,77433,72973,9722031350,0,0,0
zn2203,20220218,20220218,112049000,11:20:50,25135,77433,72973,9722031350,0,0,0
zn2203,20220218,20220218,112049500,11:20:50,25135,77433,72973,9722031350,0,0,0
zn2203,20220218,20220218,112050500,11:20:51,25135,77433,72973,9722031350,0,0,0
zn2203,20220218,20220218,112051000,11:20:51,25135,77433,72973,9722031350,0,0,0
zn2203,20220218,20220218,112052000,11:20:52,25135,77433,72973,9722031350,0,0,0
zn2203,20220218,20220218,112053000,11:20:53,25135,77433,72973,9722031350,0,0,0
zn2203,20220218,20220218,112053500,11:20:53,25135,77433,72973,9722031350,0,0,0
zn2203,20220218,20220218,112054500,11:20:55,25135,77433,72973,9722031350,0,0,0
zn2203,20220218,20220218,112056000,11:20:56,25135,77433,72973,9722031350,0,0,0
zn2203,20220218,20220218,112056500,11:20:56,25135,77433,72973,9722031350,0,0,0
zn2203,20220218,20220218,112057000,11:20:57,25135,77433,72973,9722031350,0,0,0
zn2203,20220218,20220218,112057500,11:20:58,25135,77433,72973,9722031350,0,0,0
zn2203,20220218,20220218,112059500,11:21:00,25135,77433,72973,9722031350,0,0,0
zn2203,20220218,20220218,112100000,11:21:00,25135,77433,72973,9722031350,0,0,0
zn2203,20220218,20220218,112100500,11:21:00,25135,77433,72973,9722031350,0,0,0
zn2203,20220218,20220218,112101000,11:21:01,25135,77434,72972,9722157025,1,-1,125675
zn2203,20220218,20220218,112103000,11:21:03,25135,77434,72972,9722157025,0,0,0
zn2203,20220218,20220218,112103500,11:21:03,25135,77434,72972,9722157025,0,0,0
zn2203,20220218,20220218,112104000,11:21:04,25135,77434,72972,9722157025,0,0,0
zn2203,20220218,20220218,112105000,11:21:05,25135,77434,72972,9722157025,0,0,0
zn2203,20220218,20220218,112108500,11:21:10,25135,77434,72972,9722157025,0,0,0
zn2203,20220218,20220218,112109500,11:21:11,25135,77434,72972,9722157025,0,0,0
zn2203,20220218,20220218,112115500,11:21:15,25140,77451,72973,9724293925,17,1,2136900
zn2203,20220218,20220218,112116000,11:21:16,25140,77451,72973,9724293925,0,0,0
zn2203,20220218,20220218,112116500,11:21:16,25140,77452,72973,9724419625,1,0,125700
zn2203,20220218,20220218,112117000,11:21:17,25140,77452,72973,9724419625,0,0,0
zn2203,20220218,20220218,112117500,11:21:18,25140,77452,72973,9724419625,0,0,0
zn2203,20220218,20220218,112118000,11:21:18,25140,77452,72973,9724419625,0,0,0
zn2203,20220218,20220218,112118500,11:21:18,25140,77452,72973,9724419625,0,0,0
zn2203,20220218,20220218,112119000,11:21:19,25140,77452,72973,9724419625,0,0,0
zn2203,20220218,20220218,112119500,11:21:19,25140,77452,72973,9724419625,0,0,0
zn2203,20220218,20220218,112120000,11:21:20,25140,77452,72973,9724419625,0,0,0
zn2203,20220218,20220218,112125000,11:21:29,25140,77452,72973,9724419625,0,0,0
zn2203,20220218,20220218,112330000,11:23:33,25140,77452,72973,9724419625,0,0,0
zn2203,20220218,20220218,112336000,11:23:36,25140,77452,72973,9724419625,0,0,0
zn2203,20220218,20220218,112338000,11:23:38,25150,77693,72959,9754721950,241,-14,30302325
zn2203,20220218,20220218,112340000,11:23:40,25150,77700,72966,9755602200,7,7,880250
zn2203,20220218,20220218,112340500,11:23:40,25150,77700,72966,9755602200,0,0,0
zn2203,20220218,20220218,112341000,11:23:41,25150,77700,72966,9755602200,0,0,0
zn2203,20220218,20220218,112341500,11:23:42,25150,77700,72966,9755602200,0,0,0
zn2203,20220218,20220218,112342500,11:23:42,25150,77700,72966,9755602200,0,0,0
zn2203,20220218,20220218,112343000,11:23:43,25150,77700,72966,9755602200,0,0,0
zn2203,20220218,20220218,112344000,11:23:45,25150,77700,72966,9755602200,0,0,0
zn2203,20220218,20220218,112345000,11:23:48,25150,77700,72966,9755602200,0,0,0
zn2203,20220218,20220218,112345500,11:23:48,25150,77711,72960,9756985450,11,-6,1383250
zn2203,20220218,20220218,112346000,11:23:48,25145,77715,72958,9757488350,4,-2,502900
zn2203,20220218,20220218,112348000,11:23:48,25145,77715,72958,9757488350,0,0,0
zn2203,20220218,20220218,112349500,11:23:50,25145,77715,72958,9757488350,0,0,0
zn2203,20220218,20220218,112350500,11:23:50,25145,77715,72958,9757488350,0,0,0
zn2203,20220218,20220218,112351000,11:23:51,25145,77715,72958,9757488350,0,0,0
zn2203,20220218,20220218,112352000,11:23:52,25145,77715,72958,9757488350,0,0,0
zn2203,20220218,20220218,112357000,11:23:57,25145,77715,72958,9757488350,0,0,0
zn2203,20220218,20220218,112400500,11:24:00,25150,77731,72944,9759500325,16,-14,2011975
zn2203,20220218,20220218,112401000,11:24:01,25150,77735,72944,9760003325,4,0,503000
zn2203,20220218,20220218,112401500,11:24:01,25150,77735,72944,9760003325,0,0,0
zn2203,20220218,20220218,112402000,11:24:02,25150,77735,72944,9760003325,0,0,0
zn2203,20220218,20220218,112402500,11:24:02,25150,77735,72944,9760003325,0,0,0
zn2203,20220218,20220218,112403000,11:24:03,25150,77735,72944,9760003325,0,0,0
zn2203,20220218,20220218,112403500,11:24:03,25150,77735,72944,9760003325,0,0,0
zn2203,20220218,20220218,112404000,11:24:04,25150,77735,72944,9760003325,0,0,0
zn2203,20220218,20220218,112405000,11:24:05,25150,77747,72953,9761512325,12,9,1509000
zn2203,20220218,20220218,112405500,11:24:05,25150,77747,72953,9761512325,0,0,0
zn2203,20220218,20220218,112406000,11:24:06,25150,77748,72953,9761638075,1,0,125750
zn2203,20220218,20220218,112406500,11:24:06,25155,77749,72952,9761763850,1,-1,125775
zn2203,20220218,20220218,112407000,11:24:07,25155,77749,72952,9761763850,0,0,0
zn2203,20220218,20220218,112408500,11:24:08,25155,77753,72951,9762266950,4,-1,503100
zn2203,20220218,20220218,112409000,11:24:09,25155,77753,72951,9762266950,0,0,0
zn2203,20220218,20220218,112409500,11:24:11,25155,77753,72951,9762266950,0,0,0
zn2203,20220218,20220218,112410000,11:24:12,25155,77753,72951,9762266950,0,0,0
zn2203,20220218,20220218,112413500,11:24:14,25155,77753,72951,9762266950,0,0,0
zn2203,20220218,20220218,112415500,11:24:15,25155,77753,72951,9762266950,0,0,0
zn2203,20220218,20220218,112416000,11:24:16,25150,77754,72951,9762392700,1,0,125750
zn2203,20220218,20220218,112416500,11:24:16,25150,77756,72951,9762644200,2,0,251500
zn2203,20220218,20220218,112417000,11:24:17,25150,77756,72951,9762644200,0,0,0
zn2203,20220218,20220218,112421500,11:24:22,25150,77756,72951,9762644200,0,0,0
zn2203,20220218,20220218,112423000,11:24:23,25150,77756,72951,9762644200,0,0,0
zn2203,20220218,20220218,112426000,11:24:26,25150,77756,72951,9762644200,0,0,0
zn2203,20220218,20220218,112430500,11:24:30,25150,77756,72951,9762644200,0,0,0
zn2203,20220218,20220218,112431500,11:24:31,25150,77756,72951,9762644200,0,0,0
zn2203,20220218,20220218,112437500,11:24:37,25150,77757,72952,9762769950,1,1,125750
zn2203,20220218,20220218,112438500,11:24:39,25150,77757,72952,9762769950,0,0,0
zn2203,20220218,20220218,112439000,11:24:40,25150,77758,72952,9762895700,1,0,125750
zn2203,20220218,20220218,112439500,11:24:40,25150,77773,72954,9764781950,15,2,1886250
zn2203,20220218,20220218,112440000,11:24:40,25150,77773,72954,9764781950,0,0,0
zn2203,20220218,20220218,112440500,11:24:40,25150,77773,72954,9764781950,0,0,0
zn2203,20220218,20220218,112441000,11:24:41,25150,77773,72954,9764781950,0,0,0
zn2203,20220218,20220218,112441500,11:24:41,25150,77773,72954,9764781950,0,0,0
zn2203,20220218,20220218,112442000,11:24:42,25150,77773,72954,9764781950,0,0,0
zn2203,20220218,20220218,112442500,11:24:42,25150,77773,72954,9764781950,0,0,0
zn2203,20220218,20220218,112443000,11:24:43,25150,77773,72954,9764781950,0,0,0
zn2203,20220218,20220218,112444000,11:24:44,25145,77790,72969,9766919275,17,15,2137325
zn2203,20220218,20220218,112444500,11:24:44,25145,77790,72969,9766919275,0,0,0
zn2203,20220218,20220218,112445000,11:24:45,25145,77790,72969,9766919275,0,0,0
zn2203,20220218,20220218,112445500,11:24:45,25145,77790,72969,9766919275,0,0,0
zn2203,20220218,20220218,112446000,11:24:46,25145,77790,72969,9766919275,0,0,0
zn2203,20220218,20220218,112447000,11:24:47,25145,77790,72969,9766919275,0,0,0
zn2203,20220218,20220218,112447500,11:24:47,25145,77790,72969,9766919275,0,0,0
zn2203,20220218,20220218,112451500,11:24:51,25145,77790,72969,9766919275,0,0,0
zn2203,20220218,20220218,112453500,11:24:53,25145,77790,72969,9766919275,0,0,0
zn2203,20220218,20220218,112454000,11:24:54,25145,77790,72969,9766919275,0,0,0
zn2203,20220218,20220218,112455500,11:24:56,25145,77790,72969,9766919275,0,0,0
zn2203,20220218,20220218,112456500,11:24:56,25145,77790,72969,9766919275,0,0,0
zn2203,20220218,20220218,112458500,11:24:58,25145,77791,72970,9767045000,1,1,125725
zn2203,20220218,20220218,112459000,11:24:59,25145,77792,72971,9767170725,1,1,125725
zn2203,20220218,20220218,112459500,11:24:59,25145,77792,72971,9767170725,0,0,0
zn2203,20220218,20220218,112500500,11:25:01,25145,77792,72971,9767170725,0,0,0
zn2203,20220218,20220218,112501500,11:25:02,25145,77799,72971,9768050800,7,0,880075
zn2203,20220218,20220218,112503000,11:25:06,25145,77814,72982,9769936675,15,11,1885875
zn2203,20220218,20220218,112505000,11:25:06,25145,77814,72982,9769936675,0,0,0
zn2203,20220218,20220218,112505500,11:25:06,25150,77887,72950,9779116425,73,-32,9179750
zn2203,20220218,20220218,112506000,11:25:06,25150,77887,72950,9779116425,0,0,0
zn2203,20220218,20220218,112509000,11:25:09,25150,77889,72948,9779367925,2,-2,251500
zn2203,20220218,20220218,112512500,11:25:12,25150,77889,72948,9779367925,0,0,0
zn2203,20220218,20220218,112513000,11:25:13,25150,77889,72948,9779367925,0,0,0
zn2203,20220218,20220218,112516000,11:25:16,25150,77899,72946,9780625425,10,-2,1257500
zn2203,20220218,20220218,112516500,11:25:16,25150,77900,72947,9780751175,1,1,125750
zn2203,20220218,20220218,112517000,11:25:17,25150,77900,72947,9780751175,0,0,0
zn2203,20220218,20220218,112517500,11:25:18,25150,77900,72947,9780751175,0,0,0
zn2203,20220218,20220218,112518000,11:25:18,25150,77900,72947,9780751175,0,0,0
zn2203,20220218,20220218,112518500,11:25:19,25150,77903,72947,9781128425,3,0,377250
zn2203,20220218,20220218,112519000,11:25:19,25150,77903,72947,9781128425,0,0,0
zn2203,20220218,20220218,112519500,11:25:19,25150,77903,72947,9781128425,0,0,0
zn2203,20220218,20220218,112520000,11:25:20,25150,77903,72947,9781128425,0,0,0
zn2203,20220218,20220218,112521000,11:25:21,25150,77903,72947,9781128425,0,0,0
zn2203,20220218,20220218,112523000,11:25:23,25150,77905,72946,9781379925,2,-1,251500
zn2203,20220218,20220218,112523500,11:25:24,25150,77905,72946,9781379925,0,0,0
zn2203,20220218,20220218,112524000,11:25:24,25145,77948,72989,9786786100,43,43,5406175
zn2203,20220218,20220218,112524500,11:25:25,25145,77956,72991,9787791900,8,2,1005800
zn2203,20220218,20220218,112525000,11:25:25,25140,77961,72991,9788420400,5,0,628500
zn2203,20220218,20220218,112525500,11:25:26,25140,77971,72997,9789677400,10,6,1257000
zn2203,20220218,20220218,112526000,11:25:26,25145,77974,72998,9790054525,3,1,377125
zn2203,20220218,20220218,112526500,11:25:27,25140,77976,72999,9790305925,2,1,251400
zn2203,20220218,20220218,112527000,11:25:27,25140,77976,72999,9790305925,0,0,0
zn2203,20220218,20220218,112529500,11:25:30,25140,77978,72997,9790557325,2,-2,251400
zn2203,20220218,20220218,112530000,11:25:30,25140,77978,72997,9790557325,0,0,0
zn2203,20220218,20220218,112530500,11:25:31,25145,77981,72996,9790934450,3,-1,377125
zn2203,20220218,20220218,112532500,11:25:32,25145,77981,72996,9790934450,0,0,0
zn2203,20220218,20220218,112533000,11:25:33,25140,77988,72994,9791814350,7,-2,879900
zn2203,20220218,20220218,112533500,11:25:33,25145,77991,72995,9792191475,3,1,377125
zn2203,20220218,20220218,112534000,11:25:34,25145,77991,72995,9792191475,0,0,0
zn2203,20220218,20220218,112534500,11:25:34,25145,77991,72995,9792191475,0,0,0
zn2203,20220218,20220218,112536500,11:25:37,25145,77991,72995,9792191475,0,0,0
zn2203,20220218,20220218,112538500,11:25:39,25145,77991,72995,9792191475,0,0,0
zn2203,20220218,20220218,112540000,11:25:40,25145,77992,72996,9792317200,1,1,125725
zn2203,20220218,20220218,112541500,11:25:41,25145,77992,72996,9792317200,0,0,0
zn2203,20220218,20220218,112542500,11:25:42,25145,77992,72996,9792317200,0,0,0
zn2203,20220218,20220218,112546500,11:25:47,25145,77992,72996,9792317200,0,0,0
zn2203,20220218,20220218,112547500,11:25:48,25145,77992,72996,9792317200,0,0,0
zn2203,20220218,20220218,112548000,11:25:48,25145,77992,72996,9792317200,0,0,0
zn2203,20220218,20220218,112548500,11:25:48,25145,77992,72996,9792317200,0,0,0
zn2203,20220218,20220218,112549000,11:25:49,25140,77997,72998,9792945700,5,2,628500
zn2203,20220218,20220218,112549500,11:25:49,25140,77999,72998,9793197100,2,0,251400
zn2203,20220218,20220218,112550000,11:25:50,25140,77999,72998,9793197100,0,0,0
zn2203,20220218,20220218,112550500,11:25:50,25140,78004,73000,9793825600,5,2,628500
zn2203,20220218,20220218,112551000,11:25:51,25140,78004,73000,9793825600,0,0,0
zn2203,20220218,20220218,112551500,11:25:51,25140,78004,73000,9793825600,0,0,0
zn2203,20220218,20220218,112552000,11:25:52,25140,78009,73005,9794454100,5,5,628500
zn2203,20220218,20220218,112552500,11:25:52,25140,78009,73005,9794454100,0,0,0
zn2203,20220218,20220218,112553000,11:25:53,25140,78009,73005,9794454100,0,0,0
zn2203,20220218,20220218,112553500,11:25:54,25140,78009,73005,9794454100,0,0,0
zn2203,20220218,20220218,112556000,11:25:57,25140,78012,73004,9794831200,3,-1,377100
zn2203,20220218,20220218,112556500,11:25:57,25140,78012,73004,9794831200,0,0,0
zn2203,20220218,20220218,112557500,11:25:57,25140,78012,73004,9794831200,0,0,0
zn2203,20220218,20220218,112558000,11:25:59,25140,78016,73003,9795334000,4,-1,502800
zn2203,20220218,20220218,112558500,11:25:59,25140,78016,73003,9795334000,0,0,0
zn2203,20220218,20220218,112559000,11:25:59,25140,78016,73003,9795334000,0,0,0
zn2203,20220218,20220218,112603500,11:26:03,25135,78017,73003,9795459675,1,0,125675
zn2203,20220218,20220218,112604000,11:26:04,25135,78017,73003,9795459675,0,0,0
zn2203,20220218,20220218,112604500,11:26:05,25135,78017,73003,9795459675,0,0,0
zn2203,20220218,20220218,112606000,11:26:06,25135,78018,73003,9795585350,1,0,125675
zn2203,20220218,20220218,112606500,11:26:06,25135,78018,73003,9795585350,0,0,0
zn2203,20220218,20220218,112607500,11:26:09,25135,78018,73003,9795585350,0,0,0
zn2203,20220218,20220218,112608000,11:26:09,25135,78019,73003,9795711025,1,0,125675
zn2203,20220218,20220218,112609000,11:26:10,25135,78021,73003,9795962375,2,0,251350
zn2203,20220218,20220218,112609500,11:26:10,25135,78021,73003,9795962375,0,0,0
zn2203,20220218,20220218,112610000,11:26:10,25135,78021,73003,9795962375,0,0,0
zn2203,20220218,20220218,112610500,11:26:10,25135,78021,73003,9795962375,0,0,0
zn2203,20220218,20220218,112614000,11:26:15,25135,78021,73003,9795962375,0,0,0
zn2203,20220218,20220218,112615500,11:26:16,25135,78021,73003,9795962375,0,0,0
zn2203,20220218,20220218,112618000,11:26:18,25135,78021,73003,9795962375,0,0,0
zn2203,20220218,20220218,112620000,11:26:20,25135,78021,73003,9795962375,0,0,0
zn2203,20220218,20220218,112620500,11:26:20,25135,78021,73003,9795962375,0,0,0
zn2203,20220218,20220218,112621000,11:26:21,25135,78022,73002,9796088050,1,-1,125675
zn2203,20220218,20220218,112621500,11:26:21,25135,78022,73002,9796088050,0,0,0
zn2203,20220218,20220218,112622000,11:26:22,25140,78027,72997,9796716550,5,-5,628500
zn2203,20220218,20220218,112623500,11:26:23,25140,78027,72997,9796716550,0,0,0
zn2203,20220218,20220218,112627500,11:26:27,25135,78028,72998,9796842225,1,1,125675
zn2203,20220218,20220218,112629500,11:26:30,25135,78028,72998,9796842225,0,0,0
zn2203,20220218,20220218,112630000,11:26:31,25135,78028,72998,9796842225,0,0,0
zn2203,20220218,20220218,112630500,11:26:31,25135,78028,72998,9796842225,0,0,0
zn2203,20220218,20220218,112635000,11:26:37,25135,78028,72998,9796842225,0,0,0
zn2203,20220218,20220218,112635500,11:26:37,25135,78043,73009,9798727350,15,11,1885125
zn2203,20220218,20220218,112636000,11:26:38,25135,78043,73009,9798727350,0,0,0
zn2203,20220218,20220218,112637000,11:26:54,25130,78058,73007,9800612100,15,-2,1884750
zn2203,20220218,20220218,112637500,11:26:54,25130,78069,72999,9801994250,11,-8,1382150
zn2203,20220218,20220218,112638000,11:27:10,25130,78069,72999,9801994250,0,0,0
zn2203,20220218,20220218,112638500,11:27:10,25130,78069,72999,9801994250,0,0,0
zn2203,20220218,20220218,112652500,11:27:12,25130,78069,72999,9801994250,0,0,0
zn2203,20220218,20220218,112710000,11:27:12,25130,78069,72999,9801994250,0,0,0
zn2203,20220218,20220218,112710500,11:27:12,25135,78118,72989,9808151125,49,-10,6156875
zn2203,20220218,20220218,112712000,11:27:13,25135,78118,72989,9808151125,0,0,0
zn2203,20220218,20220218,112713500,11:27:14,25135,78118,72989,9808151125,0,0,0
zn2203,20220218,20220218,112715000,11:27:15,25135,78118,72989,9808151125,0,0,0
zn2203,20220218,20220218,112715500,11:27:16,25135,78118,72989,9808151125,0,0,0
zn2203,20220218,20220218,112716000,11:27:16,25135,78118,72989,9808151125,0,0,0
zn2203,20220218,20220218,112716500,11:27:17,25135,78118,72989,9808151125,0,0,0
zn2203,20220218,20220218,112717500,11:27:17,25135,78118,72989,9808151125,0,0,0
zn2203,20220218,20220218,112719000,11:27:19,25135,78118,72989,9808151125,0,0,0
zn2203,20220218,20220218,112719500,11:27:20,25135,78118,72989,9808151125,0,0,0
zn2203,20220218,20220218,112722000,11:27:22,25130,78120,72988,9808402425,2,-1,251300
zn2203,20220218,20220218,112722500,11:27:22,25130,78120,72988,9808402425,0,0,0
zn2203,20220218,20220218,112723000,11:27:26,25130,78120,72988,9808402425,0,0,0
zn2203,20220218,20220218,112723500,11:27:27,25130,78120,72988,9808402425,0,0,0
zn2203,20220218,20220218,112725500,11:27:27,25130,78120,72988,9808402425,0,0,0
zn2203,20220218,20220218,112728000,11:27:28,25130,78120,72988,9808402425,0,0,0
zn2203,20220218,20220218,112729500,11:27:29,25130,78120,72988,9808402425,0,0,0
zn2203,20220218,20220218,112730000,11:27:30,25130,78121,72989,9808528075,1,1,125650
zn2203,20220218,20220218,112735500,11:27:36,25135,78122,72990,9808653750,1,1,125675
zn2203,20220218,20220218,112740000,11:27:40,25135,78122,72990,9808653750,0,0,0
zn2203,20220218,20220218,112741000,11:27:41,25135,78122,72990,9808653750,0,0,0
zn2203,20220218,20220218,112741500,11:27:41,25135,78122,72990,9808653750,0,0,0
zn2203,20220218,20220218,112744000,11:27:44,25135,78135,73000,9810287525,13,10,1633775
zn2203,20220218,20220218,112744500,11:27:45,25135,78136,73001,9810413200,1,1,125675
zn2203,20220218,20220218,112745000,11:27:45,25135,78136,73001,9810413200,0,0,0
zn2203,20220218,20220218,112745500,11:27:46,25135,78136,73001,9810413200,0,0,0
zn2203,20220218,20220218,112746000,11:27:46,25135,78141,73006,9811041575,5,5,628375
zn2203,20220218,20220218,112746500,11:27:47,25135,78147,73007,9811795625,6,1,754050
zn2203,20220218,20220218,112747000,11:27:47,25135,78151,73011,9812298325,4,4,502700
zn2203,20220218,20220218,112747500,11:27:47,25135,78151,73011,9812298325,0,0,0
zn2203,20220218,20220218,112748000,11:27:48,25135,78151,73011,9812298325,0,0,0
zn2203,20220218,20220218,112748500,11:27:54,25135,78151,73011,9812298325,0,0,0
zn2203,20220218,20220218,112749000,11:27:54,25135,78151,73011,9812298325,0,0,0
zn2203,20220218,20220218,112749500,11:27:54,25135,78151,73011,9812298325,0,0,0
zn2203,20220218,20220218,112753500,11:27:54,25130,78156,73013,9812926625,5,2,628300
zn2203,20220218,20220218,112757000,11:27:57,25130,78164,73009,9813931825,8,-4,1005200
zn2203,20220218,20220218,112757500,11:27:57,25130,78164,73009,9813931825,0,0,0
zn2203,20220218,20220218,112758000,11:27:58,25130,78164,73009,9813931825,0,0,0
zn2203,20220218,20220218,112758500,11:27:58,25130,78166,73007,9814183125,2,-2,251300
zn2203,20220218,20220218,112759000,11:27:59,25130,78166,73007,9814183125,0,0,0
zn2203,20220218,20220218,112800500,11:28:01,25130,78166,73007,9814183125,0,0,0
zn2203,20220218,20220218,112801000,11:28:01,25130,78178,73002,9815690925,12,-5,1507800
zn2203,20220218,20220218,112801500,11:28:02,25130,78178,73002,9815690925,0,0,0
zn2203,20220218,20220218,112802000,11:28:03,25130,78178,73002,9815690925,0,0,0
zn2203,20220218,20220218,112802500,11:28:03,25130,78178,73002,9815690925,0,0,0
zn2203,20220218,20220218,112803000,11:28:04,25130,78178,73002,9815690925,0,0,0
zn2203,20220218,20220218,112803500,11:28:04,25130,78178,73002,9815690925,0,0,0
zn2203,20220218,20220218,112805000,11:28:06,25130,78178,73002,9815690925,0,0,0
zn2203,20220218,20220218,112806000,11:28:08,25130,78178,73002,9815690925,0,0,0
zn2203,20220218,20220218,112807000,11:28:10,25130,78179,73002,9815816575,1,0,125650
zn2203,20220218,20220218,112811000,11:28:12,25130,78179,73002,9815816575,0,0,0
zn2203,20220218,20220218,112811500,11:28:12,25130,78179,73002,9815816575,0,0,0
zn2203,20220218,20220218,112812000,11:28:12,25130,78180,73002,9815942225,1,0,125650
zn2203,20220218,20220218,112817000,11:28:17,25130,78180,73002,9815942225,0,0,0
zn2203,20220218,20220218,112817500,11:28:17,25130,78180,73002,9815942225,0,0,0
zn2203,20220218,20220218,112820500,11:28:20,25130,78180,73002,9815942225,0,0,0
zn2203,20220218,20220218,112821000,11:28:21,25130,78181,73003,9816067875,1,1,125650
zn2203,20220218,20220218,112822000,11:28:22,25130,78181,73003,9816067875,0,0,0
zn2203,20220218,20220218,112823000,11:28:23,25130,78181,73003,9816067875,0,0,0
zn2203,20220218,20220218,112823500,11:28:23,25130,78181,73003,9816067875,0,0,0
zn2203,20220218,20220218,112824000,11:28:24,25130,78181,73003,9816067875,0,0,0
zn2203,20220218,20220218,112824500,11:28:24,25135,78189,73006,9817073275,8,3,1005400
zn2203,20220218,20220218,112825000,11:28:25,25135,78189,73006,9817073275,0,0,0
zn2203,20220218,20220218,112825500,11:28:25,25135,78189,73006,9817073275,0,0,0
zn2203,20220218,20220218,112826000,11:28:26,25135,78189,73006,9817073275,0,0,0
zn2203,20220218,20220218,112826500,11:28:26,25135,78190,73006,9817198950,1,0,125675
zn2203,20220218,20220218,112827500,11:28:27,25135,78190,73006,9817198950,0,0,0
zn2203,20220218,20220218,112828000,11:28:28,25135,78191,73006,9817324625,1,0,125675
zn2203,20220218,20220218,112828500,11:28:28,25135,78191,73006,9817324625,0,0,0
zn2203,20220218,20220218,112829000,11:28:29,25135,78191,73006,9817324625,0,0,0
zn2203,20220218,20220218,112829500,11:28:29,25135,78191,73006,9817324625,0,0,0
zn2203,20220218,20220218,112830000,11:28:30,25130,78192,73006,9817450275,1,0,125650
zn2203,20220218,20220218,112831000,11:28:31,25130,78192,73006,9817450275,0,0,0
zn2203,20220218,20220218,112831500,11:28:31,25130,78194,73008,9817701575,2,2,251300
zn2203,20220218,20220218,112832000,11:28:32,25130,78194,73008,9817701575,0,0,0
zn2203,20220218,20220218,112832500,11:28:33,25130,78194,73008,9817701575,0,0,0
zn2203,20220218,20220218,112833000,11:28:33,25130,78194,73008,9817701575,0,0,0
zn2203,20220218,20220218,112834000,11:28:34,25130,78194,73008,9817701575,0,0,0
zn2203,20220218,20220218,112834500,11:28:34,25135,78198,73008,9818204275,4,0,502700
zn2203,20220218,20220218,112835000,11:28:35,25135,78198,73008,9818204275,0,0,0
zn2203,20220218,20220218,112835500,11:28:35,25135,78198,73008,9818204275,0,0,0
zn2203,20220218,20220218,112836000,11:28:37,25135,78198,73008,9818204275,0,0,0
zn2203,20220218,20220218,112837000,11:28:37,25140,78199,73008,9818329975,1,0,125700
zn2203,20220218,20220218,112837500,11:28:37,25140,78199,73008,9818329975,0,0,0
zn2203,20220218,20220218,112838000,11:28:38,25135,78202,73010,9818707000,3,2,377025
zn2203,20220218,20220218,112838500,11:28:38,25135,78202,73010,9818707000,0,0,0
zn2203,20220218,20220218,112839000,11:28:39,25135,78202,73010,9818707000,0,0,0
zn2203,20220218,20220218,112840500,11:28:40,25135,78202,73010,9818707000,0,0,0
zn2203,20220218,20220218,112841000,11:28:41,25135,78202,73010,9818707000,0,0,0
zn2203,20220218,20220218,112841500,11:28:41,25135,78202,73010,9818707000,0,0,0
zn2203,20220218,20220218,112842500,11:28:42,25135,78202,73010,9818707000,0,0,0
zn2203,20220218,20220218,112850000,11:28:50,25135,78202,73010,9818707000,0,0,0
zn2203,20220218,20220218,112850500,11:28:50,25135,78203,73009,9818832675,1,-1,125675
zn2203,20220218,20220218,112851000,11:28:51,25135,78203,73009,9818832675,0,0,0
zn2203,20220218,20220218,112853000,11:28:54,25135,78204,73008,9818958350,1,-1,125675
zn2203,20220218,20220218,112854500,11:28:54,25135,78204,73008,9818958350,0,0,0
zn2203,20220218,20220218,112855000,11:28:55,25135,78204,73008,9818958350,0,0,0
zn2203,20220218,20220218,112856000,11:28:56,25135,78204,73008,9818958350,0,0,0
zn2203,20220218,20220218,112856500,11:28:56,25135,78204,73008,9818958350,0,0,0
zn2203,20220218,20220218,112857000,11:28:57,25135,78204,73008,9818958350,0,0,0
zn2203,20220218,20220218,112857500,11:28:58,25135,78204,73008,9818958350,0,0,0
zn2203,20220218,20220218,112858500,11:28:59,25135,78204,73008,9818958350,0,0,0
zn2203,20220218,20220218,112859000,11:28:59,25135,78204,73008,9818958350,0,0,0
zn2203,20220218,20220218,112859500,11:29:00,25135,78204,73008,9818958350,0,0,0
zn2203,20220218,20220218,112900000,11:29:00,25140,78213,73001,9820089650,9,-7,1131300
zn2203,20220218,20220218,112900500,11:29:01,25140,78213,73001,9820089650,0,0,0
zn2203,20220218,20220218,112901000,11:29:01,25140,78213,73001,9820089650,0,0,0
zn2203,20220218,20220218,112901500,11:29:01,25145,78214,73000,9820215375,1,-1,125725
zn2203,20220218,20220218,112902000,11:29:02,25140,78216,72998,9820466775,2,-2,251400
zn2203,20220218,20220218,112902500,11:29:03,25140,78219,72998,9820843875,3,0,377100
zn2203,20220218,20220218,112903000,11:29:03,25140,78222,72995,9821220975,3,-3,377100
zn2203,20220218,20220218,112903500,11:29:03,25140,78222,72995,9821220975,0,0,0
zn2203,20220218,20220218,112904000,11:29:04,25140,78222,72995,9821220975,0,0,0
zn2203,20220218,20220218,112904500,11:29:04,25140,78222,72995,9821220975,0,0,0
zn2203,20220218,20220218,112905000,11:29:05,25140,78222,72995,9821220975,0,0,0
zn2203,20220218,20220218,112905500,11:29:06,25140,78222,72995,9821220975,0,0,0
zn2203,20220218,20220218,112906000,11:29:06,25140,78222,72995,9821220975,0,0,0
zn2203,20220218,20220218,112907000,11:29:07,25140,78222,72995,9821220975,0,0,0
zn2203,20220218,20220218,112907500,11:29:08,25140,78222,72995,9821220975,0,0,0
zn2203,20220218,20220218,112908000,11:29:08,25140,78222,72995,9821220975,0,0,0
zn2203,20220218,20220218,112908500,11:29:08,25140,78222,72995,9821220975,0,0,0
zn2203,20220218,20220218,112909000,11:29:09,25140,78222,72995,9821220975,0,0,0
zn2203,20220218,20220218,112909500,11:29:09,25140,78223,72995,9821346675,1,0,125700
zn2203,20220218,20220218,112910000,11:29:10,25140,78223,72995,9821346675,0,0,0
zn2203,20220218,20220218,112910500,11:29:10,25140,78223,72995,9821346675,0,0,0
zn2203,20220218,20220218,112911000,11:29:11,25140,78223,72995,9821346675,0,0,0
zn2203,20220218,20220218,112911500,11:29:12,25140,78223,72995,9821346675,0,0,0
zn2203,20220218,20220218,112913500,11:29:14,25140,78224,72995,9821472375,1,0,125700
zn2203,20220218,20220218,112914000,11:29:14,25140,78224,72995,9821472375,0,0,0
zn2203,20220218,20220218,112914500,11:29:14,25140,78224,72995,9821472375,0,0,0
zn2203,20220218,20220218,112915500,11:29:16,25140,78224,72995,9821472375,0,0,0
zn2203,20220218,20220218,112917500,11:29:20,25140,78224,72995,9821472375,0,0,0
zn2203,20220218,20220218,112918000,11:29:21,25140,78224,72995,9821472375,0,0,0
zn2203,20220218,20220218,112921000,11:29:22,25140,78224,72995,9821472375,0,0,0
zn2203,20220218,20220218,112922000,11:29:24,25140,78230,72995,9822226575,6,0,754200
zn2203,20220218,20220218,112922500,11:29:24,25140,78230,72995,9822226575,0,0,0
zn2203,20220218,20220218,112923000,11:29:24,25140,78230,72995,9822226575,0,0,0
zn2203,20220218,20220218,112923500,11:29:24,25140,78234,72993,9822729375,4,-2,502800
zn2203,20220218,20220218,112924000,11:29:24,25140,78234,72993,9822729375,0,0,0
zn2203,20220218,20220218,112925000,11:29:25,25140,78234,72993,9822729375,0,0,0
zn2203,20220218,20220218,112927500,11:29:27,25140,78234,72993,9822729375,0,0,0
zn2203,20220218,20220218,112931000,11:29:32,25140,78234,72993,9822729375,0,0,0
zn2203,20220218,20220218,112931500,11:29:32,25140,78234,72993,9822729375,0,0,0
zn2203,20220218,20220218,112932000,11:29:32,25140,78235,72993,9822855075,1,0,125700
zn2203,20220218,20220218,112932500,11:29:36,25140,78235,72993,9822855075,0,0,0
zn2203,20220218,20220218,112933000,11:29:37,25140,78236,72992,9822980775,1,-1,125700
zn2203,20220218,20220218,112933500,11:29:37,25140,78236,72992,9822980775,0,0,0
zn2203,20220218,20220218,112936000,11:29:38,25140,78245,72986,9824112075,9,-6,1131300
zn2203,20220218,20220218,112939000,11:29:39,25140,78247,72986,9824363475,2,0,251400
zn2203,20220218,20220218,112939500,11:29:39,25140,78252,72990,9824991975,5,4,628500
zn2203,20220218,20220218,112940000,11:29:40,25145,78253,72990,9825117700,1,0,125725
zn2203,20220218,20220218,112940500,11:29:40,25140,78254,72989,9825243400,1,-1,125700
zn2203,20220218,20220218,112941000,11:29:41,25140,78254,72989,9825243400,0,0,0
zn2203,20220218,20220218,112941500,11:29:42,25145,78255,72990,9825369125,1,1,125725
zn2203,20220218,20220218,112942000,11:29:42,25145,78255,72990,9825369125,0,0,0
zn2203,20220218,20220218,112942500,11:29:44,25145,78255,72990,9825369125,0,0,0
zn2203,20220218,20220218,112943000,11:29:45,25140,78256,72989,9825494825,1,-1,125700
zn2203,20220218,20220218,112943500,11:29:45,25140,78256,72989,9825494825,0,0,0
zn2203,20220218,20220218,112944000,11:29:45,25140,78256,72989,9825494825,0,0,0
zn2203,20220218,20220218,112945000,11:29:46,25140,78258,72988,9825746225,2,-1,251400
zn2203,20220218,20220218,112947000,11:29:47,25140,78260,72988,9825997625,2,0,251400
zn2203,20220218,20220218,112947500,11:29:48,25140,78260,72988,9825997625,0,0,0
zn2203,20220218,20220218,112948000,11:29:48,25140,78260,72988,9825997625,0,0,0
zn2203,20220218,20220218,112948500,11:29:49,25140,78260,72988,9825997625,0,0,0
zn2203,20220218,20220218,112949000,11:29:50,25140,78260,72988,9825997625,0,0,0
zn2203,20220218,20220218,112950000,11:29:51,25145,78296,72960,9830523725,36,-28,4526100
zn2203,20220218,20220218,112950500,11:29:51,25145,78296,72960,9830523725,0,0,0
zn2203,20220218,20220218,112951500,11:29:52,25145,78296,72960,9830523725,0,0,0
zn2203,20220218,20220218,112952000,11:29:52,25150,78298,72958,9830775225,2,-2,251500
zn2203,20220218,20220218,112952500,11:29:53,25145,78301,72957,9831152450,3,-1,377225
zn2203,20220218,20220218,112953000,11:29:53,25145,78301,72957,9831152450,0,0,0
zn2203,20220218,20220218,112953500,11:29:54,25145,78301,72957,9831152450,0,0,0
zn2203,20220218,20220218,112955000,11:29:55,25145,78301,72957,9831152450,0,0,0
zn2203,20220218,20220218,112955500,11:29:55,25145,78301,72957,9831152450,0,0,0
zn2203,20220218,20220218,112956000,11:29:56,25145,78301,72957,9831152450,0,0,0
zn2203,20220218,20220218,112956500,11:30:00,25145,78301,72957,9831152450,0,0,0
zn2203,20220218,20220218,112957000,11:30:00,25145,78310,72956,9832283975,9,-1,1131525
zn2203,20220218,20220218,112957500,11:30:02,25140,78318,72952,9833289675,8,-4,1005700
zn2203,20220218,20220218,112959500,11:30:03,25140,78318,72952,9833289675,0,0,0
zn2203,20220218,20220218,113000500,11:30:03,25140,78318,72952,9833289675,0,0,0
zn2203,20220218,20220218,113001500,11:30:03,25140,78318,72952,9833289675,0,0,0
zn2203,20220218,20220218,133002000,13:30:08,25150,78391,72969,9842469950,73,17,9180275
zn2203,20220218,20220218,133002500,13:30:08,25160,78405,72967,9844231050,14,-2,1761100
zn2203,20220218,20220218,133008500,13:30:10,25155,78621,72987,9871404550,216,20,27173500
zn2203,20220218,20220218,133009500,13:30:11,25155,78652,73014,9875303575,31,27,3899025
zn2203,20220218,20220218,133010000,13:30:11,25155,78661,73017,9876435550,9,3,1131975
zn2203,20220218,20220218,133010500,13:30:11,25155,78674,73016,9878070625,13,-1,1635075
zn2203,20220218,20220218,133011000,13:30:12,25155,78674,73016,9878070625,0,0,0
zn2203,20220218,20220218,133011500,13:30:13,25140,78701,73008,9881465425,27,-8,3394800
zn2203,20220218,20220218,133012500,13:30:13,25145,78719,72996,9883728450,18,-12,2263025
zn2203,20220218,20220218,133013000,13:30:13,25145,78719,72996,9883728450,0,0,0
zn2203,20220218,20220218,133013500,13:30:14,25145,78726,73001,9884608525,7,5,880075
zn2203,20220218,20220218,133014000,13:30:15,25145,78728,73000,9884859975,2,-1,251450
zn2203,20220218,20220218,133014500,13:30:16,25150,78744,72995,9886871650,16,-5,2011675
zn2203,20220218,20220218,133015000,13:30:17,25150,78744,72995,9886871650,0,0,0
zn2203,20220218,20220218,133016500,13:30:18,25150,78745,72994,9886997400,1,-1,125750
zn2203,20220218,20220218,133017000,13:30:18,25150,78745,72994,9886997400,0,0,0
zn2203,20220218,20220218,133017500,13:30:19,25150,78751,72988,9887751900,6,-6,754500
zn2203,20220218,20220218,133018000,13:30:19,25150,78758,72992,9888632150,7,4,880250
zn2203,20220218,20220218,133018500,13:30:20,25150,78759,72991,9888757900,1,-1,125750
zn2203,20220218,20220218,133019000,13:30:20,25150,78763,72991,9889260900,4,0,503000
zn2203,20220218,20220218,133019500,13:30:20,25150,78767,72989,9889763900,4,-2,503000
zn2203,20220218,20220218,133020500,13:30:21,25150,78767,72989,9889763900,0,0,0
zn2203,20220218,20220218,133021000,13:30:21,25150,78783,72990,9891775900,16,1,2012000
zn2203,20220218,20220218,133021500,13:30:22,25155,78785,72990,9892027450,2,0,251550
zn2203,20220218,20220218,133022000,13:30:22,25155,78785,72990,9892027450,0,0,0
zn2203,20220218,20220218,133022500,13:30:38,25155,78793,72995,9893033650,8,5,1006200
zn2203,20220218,20220218,133023000,13:30:38,25160,78813,73002,9895549650,20,7,2516000
zn2203,20220218,20220218,133038000,13:30:41,25165,78884,72986,9904484200,71,-16,8934550
zn2203,20220218,20220218,133040500,13:30:43,25165,78884,72986,9904484200,0,0,0
zn2203,20220218,20220218,133041500,13:30:43,25170,78904,72997,9907001200,20,11,2517000
zn2203,20220218,20220218,133042500,13:30:44,25170,78904,72997,9907001200,0,0,0
zn2203,20220218,20220218,133043000,13:30:44,25170,78904,72997,9907001200,0,0,0
zn2203,20220218,20220218,133043500,13:30:44,25165,78907,72996,9907378725,3,-1,377525
zn2203,20220218,20220218,133044500,13:30:46,25165,78909,72997,9907630400,2,1,251675
zn2203,20220218,20220218,133045000,13:30:46,25165,78909,72997,9907630400,0,0,0
zn2203,20220218,20220218,133045500,13:30:46,25165,78909,72997,9907630400,0,0,0
zn2203,20220218,20220218,133046500,13:30:47,25170,78919,73007,9908888900,10,10,1258500
zn2203,20220218,20220218,133047000,13:30:47,25170,78929,73010,9910147400,10,3,1258500
zn2203,20220218,20220218,133047500,13:30:48,25170,78931,73011,9910399100,2,1,251700
zn2203,20220218,20220218,133048000,13:30:48,25170,78931,73011,9910399100,0,0,0
zn2203,20220218,20220218,133048500,13:30:49,25170,78931,73011,9910399100,0,0,0
zn2203,20220218,20220218,133049000,13:30:49,25170,78931,73011,9910399100,0,0,0
zn2203,20220218,20220218,133049500,13:30:50,25170,78931,73011,9910399100,0,0,0
zn2203,20220218,20220218,133052500,13:30:53,25170,78942,73003,9911783475,11,-8,1384375
zn2203,20220218,20220218,133053000,13:30:54,25170,78943,73002,9911909325,1,-1,125850
zn2203,20220218,20220218,133053500,13:30:54,25170,78943,73002,9911909325,0,0,0
zn2203,20220218,20220218,133054000,13:30:54,25170,78947,73004,9912412725,4,2,503400
zn2203,20220218,20220218,133054500,13:30:55,25170,78947,73004,9912412725,0,0,0
zn2203,20220218,20220218,133055000,13:30:55,25165,78948,73004,9912538550,1,0,125825
zn2203,20220218,20220218,133055500,13:30:56,25165,78948,73004,9912538550,0,0,0
zn2203,20220218,20220218,133056000,13:30:56,25165,78948,73004,9912538550,0,0,0
zn2203,20220218,20220218,133056500,13:30:57,25165,78948,73004,9912538550,0,0,0
zn2203,20220218,20220218,133057000,13:30:57,25170,78950,73005,9912790250,2,1,251700
zn2203,20220218,20220218,133057500,13:30:58,25175,78951,73005,9912916125,1,0,125875
zn2203,20220218,20220218,133058000,13:30:58,25175,78951,73005,9912916125,0,0,0
zn2203,20220218,20220218,133058500,13:30:59,25170,78954,73008,9913293675,3,3,377550
zn2203,20220218,20220218,133059000,13:30:59,25170,78958,73009,9913797075,4,1,503400
zn2203,20220218,20220218,133059500,13:30:59,25170,78958,73009,9913797075,0,0,0
zn2203,20220218,20220218,133100000,13:31:00,25175,78959,73009,9913922950,1,0,125875
zn2203,20220218,20220218,133100500,13:31:00,25175,78959,73009,9913922950,0,0,0
zn2203,20220218,20220218,133101000,13:31:01,25170,78969,73017,9915181450,10,8,1258500
zn2203,20220218,20220218,133101500,13:31:01,25170,78969,73017,9915181450,0,0,0
zn2203,20220218,20220218,133102000,13:31:02,25170,78972,73020,9915559000,3,3,377550
zn2203,20220218,20220218,133102500,13:31:02,25170,78979,73020,9916439950,7,0,880950
zn2203,20220218,20220218,133103000,13:31:03,25170,78979,73020,9916439950,0,0,0
zn2203,20220218,20220218,133103500,13:31:04,25170,78979,73020,9916439950,0,0,0
zn2203,20220218,20220218,133104000,13:31:06,25175,78980,73020,9916565825,1,0,125875
zn2203,20220218,20220218,133104500,13:31:06,25170,79000,73031,9919082825,20,11,2517000
zn2203,20220218,20220218,133105500,13:31:08,25170,79000,73031,9919082825,0,0,0
zn2203,20220218,20220218,133106000,13:31:08,25170,79000,73031,9919082825,0,0,0
zn2203,20220218,20220218,133108500,13:31:09,25170,79000,73031,9919082825,0,0,0
zn2203,20220218,20220218,133109500,13:31:10,25170,79008,73032,9920089625,8,1,1006800
zn2203,20220218,20220218,133110000,13:31:11,25170,79009,73031,9920215475,1,-1,125850
zn2203,20220218,20220218,133110500,13:31:11,25170,79013,73031,9920718875,4,0,503400
zn2203,20220218,20220218,133111500,13:31:12,25170,79017,73028,9921222275,4,-3,503400
zn2203,20220218,20220218,133112000,13:31:12,25170,79017,73028,9921222275,0,0,0
zn2203,20220218,20220218,133112500,13:31:13,25170,79017,73028,9921222275,0,0,0
zn2203,20220218,20220218,133113000,13:31:13,25170,79017,73028,9921222275,0,0,0
zn2203,20220218,20220218,133113500,13:31:14,25170,79019,73029,9921473950,2,1,251675
zn2203,20220218,20220218,133114000,13:31:15,25165,79036,73041,9923612975,17,12,2139025
zn2203,20220218,20220218,133114500,13:31:15,25165,79044,73042,9924619575,8,1,1006600
zn2203,20220218,20220218,133115000,13:31:15,25170,79049,73042,9925248825,5,0,629250
zn2203,20220218,20220218,133115500,13:31:15,25170,79052,73040,9925626325,3,-2,377500
zn2203,20220218,20220218,133116000,13:31:16,25165,79053,73041,9925752150,1,1,125825
zn2203,20220218,20220218,133116500,13:31:17,25170,79054,73041,9925878000,1,0,125850
zn2203,20220218,20220218,133117000,13:31:17,25170,79054,73041,9925878000,0,0,0
zn2203,20220218,20220218,133119000,13:31:19,25165,79057,73043,9926255475,3,2,377475
zn2203,20220218,20220218,133119500,13:31:20,25165,79057,73043,9926255475,0,0,0
zn2203,20220218,20220218,133120000,13:31:20,25165,79057,73043,9926255475,0,0,0
zn2203,20220218,20220218,133121000,13:31:21,25165,79058,73043,9926381300,1,0,125825
zn2203,20220218,20220218,133121500,13:31:21,25165,79058,73043,9926381300,0,0,0
zn2203,20220218,20220218,133122000,13:31:22,25165,79058,73043,9926381300,0,0,0
zn2203,20220218,20220218,133122500,13:31:23,25165,79058,73043,9926381300,0,0,0
zn2203,20220218,20220218,133123000,13:31:25,25165,79058,73043,9926381300,0,0,0
zn2203,20220218,20220218,133156000,13:31:56,25170,79059,73043,9926507150,1,0,125850
zn2203,20220218,20220218,133158500,13:31:58,25170,79059,73043,9926507150,0,0,0
zn2203,20220218,20220218,133159500,13:32:00,25165,79069,73053,9927765400,10,10,1258250
zn2203,20220218,20220218,133201000,13:32:01,25165,79184,73062,9942235400,115,9,14470000
zn2203,20220218,20220218,133201500,13:32:01,25165,79198,73058,9943996950,14,-4,1761550
zn2203,20220218,20220218,133202000,13:32:03,25165,79198,73058,9943996950,0,0,0
zn2203,20220218,20220218,133202500,13:32:03,25165,79204,73054,9944751900,6,-4,754950
zn2203,20220218,20220218,133203000,13:32:04,25165,79206,73054,9945003550,2,0,251650
zn2203,20220218,20220218,133203500,13:32:05,25160,79208,73053,9945255150,2,-1,251600
zn2203,20220218,20220218,133204000,13:32:05,25160,79209,73052,9945380950,1,-1,125800
zn2203,20220218,20220218,133205000,13:32:06,25160,79209,73052,9945380950,0,0,0
zn2203,20220218,20220218,133205500,13:32:06,25160,79209,73052,9945380950,0,0,0
zn2203,20220218,20220218,133206000,13:32:06,25160,79209,73052,9945380950,0,0,0
zn2203,20220218,20220218,133207000,13:32:07,25160,79209,73052,9945380950,0,0,0
zn2203,20220218,20220218,133207500,13:32:07,25160,79209,73052,9945380950,0,0,0
zn2203,20220218,20220218,133208000,13:32:09,25165,79214,73053,9946010075,5,1,629125
zn2203,20220218,20220218,133208500,13:32:10,25165,79214,73053,9946010075,0,0,0
zn2203,20220218,20220218,133209000,13:32:10,25160,79242,73074,9949532475,28,21,3522400
zn2203,20220218,20220218,133209500,13:32:10,25160,79242,73074,9949532475,0,0,0
zn2203,20220218,20220218,133210000,13:32:10,25160,79242,73074,9949532475,0,0,0
zn2203,20220218,20220218,133210500,13:32:13,25160,79242,73074,9949532475,0,0,0
zn2203,20220218,20220218,133211000,13:32:14,25160,79242,73074,9949532475,0,0,0
zn2203,20220218,20220218,133213000,13:32:15,25160,79242,73074,9949532475,0,0,0
zn2203,20220218,20220218,133213500,13:32:15,25160,79242,73074,9949532475,0,0,0
zn2203,20220218,20220218,133214000,13:32:15,25155,79268,73072,9952802625,26,-2,3270150
zn2203,20220218,20220218,133214500,13:32:16,25155,79268,73072,9952802625,0,0,0
zn2203,20220218,20220218,133215000,13:32:16,25155,79268,73072,9952802625,0,0,0
zn2203,20220218,20220218,133215500,13:32:16,25155,79268,73072,9952802625,0,0,0
zn2203,20220218,20220218,133216000,13:32:17,25155,79274,73068,9953557275,6,-4,754650
zn2203,20220218,20220218,133216500,13:32:17,25155,79274,73068,9953557275,0,0,0
zn2203,20220218,20220218,133217000,13:32:17,25155,79283,73063,9954689250,9,-5,1131975
zn2203,20220218,20220218,133217500,13:32:18,25155,79287,73064,9955192350,4,1,503100
zn2203,20220218,20220218,133218000,13:32:18,25155,79288,73064,9955318125,1,0,125775
zn2203,20220218,20220218,133218500,13:32:18,25155,79291,73061,9955695450,3,-3,377325
zn2203,20220218,20220218,133219000,13:32:19,25155,79291,73061,9955695450,0,0,0
zn2203,20220218,20220218,133219500,13:32:20,25155,79291,73061,9955695450,0,0,0
zn2203,20220218,20220218,133220500,13:32:21,25155,79291,73061,9955695450,0,0,0
zn2203,20220218,20220218,133221000,13:32:21,25155,79296,73063,9956324325,5,2,628875
zn2203,20220218,20220218,133221500,13:32:22,25155,79296,73063,9956324325,0,0,0
zn2203,20220218,20220218,133222000,13:32:22,25155,79296,73063,9956324325,0,0,0
zn2203,20220218,20220218,133222500,13:32:23,25155,79296,73063,9956324325,0,0,0
zn2203,20220218,20220218,133223000,13:32:24,25155,79296,73063,9956324325,0,0,0
zn2203,20220218,20220218,133223500,13:32:24,25155,79296,73063,9956324325,0,0,0
zn2203,20220218,20220218,133224000,13:32:24,25155,79301,73059,9956953200,5,-4,628875
zn2203,20220218,20220218,133224500,13:32:24,25150,79302,73059,9957078950,1,0,125750
zn2203,20220218,20220218,133225000,13:32:25,25150,79302,73059,9957078950,0,0,0
zn2203,20220218,20220218,133226000,13:32:27,25150,79302,73059,9957078950,0,0,0
zn2203,20220218,20220218,133226500,13:32:27,25150,79302,73059,9957078950,0,0,0
zn2203,20220218,20220218,133227000,13:32:27,25150,79303,73059,9957204700,1,0,125750
zn2203,20220218,20220218,133227500,13:32:27,25150,79303,73059,9957204700,0,0,0
zn2203,20220218,20220218,133228000,13:32:32,25150,79304,73059,9957330450,1,0,125750
zn2203,20220218,20220218,133232000,13:32:35,25150,79305,73059,9957456200,1,0,125750
zn2203,20220218,20220218,133232500,13:32:35,25150,79305,73059,9957456200,0,0,0
zn2203,20220218,20220218,133234500,13:32:36,25150,79305,73059,9957456200,0,0,0
zn2203,20220218,20220218,133235000,13:32:36,25150,79305,73059,9957456200,0,0,0
zn2203,20220218,20220218,133236500,13:32:37,25150,79307,73059,9957707700,2,0,251500
zn2203,20220218,20220218,133237000,13:32:37,25150,79307,73059,9957707700,0,0,0
zn2203,20220218,20220218,133238000,13:32:38,25150,79308,73058,9957833450,1,-1,125750
zn2203,20220218,20220218,133239000,13:32:39,25150,79308,73058,9957833450,0,0,0
zn2203,20220218,20220218,133240000,13:32:40,25155,79309,73059,9957959225,1,1,125775
zn2203,20220218,20220218,133240500,13:32:40,25155,79309,73059,9957959225,0,0,0
zn2203,20220218,20220218,133241000,13:32:41,25155,79309,73059,9957959225,0,0,0
zn2203,20220218,20220218,133241500,13:32:42,25155,79309,73059,9957959225,0,0,0
zn2203,20220218,20220218,133242000,13:32:42,25155,79309,73059,9957959225,0,0,0
zn2203,20220218,20220218,133243500,13:32:43,25155,79309,73059,9957959225,0,0,0
zn2203,20220218,20220218,133244000,13:32:44,25155,79309,73059,9957959225,0,0,0
zn2203,20220218,20220218,133244500,13:32:45,25155,79309,73059,9957959225,0,0,0
zn2203,20220218,20220218,133246000,13:32:47,25155,79309,73059,9957959225,0,0,0
zn2203,20220218,20220218,133246500,13:32:47,25150,79332,73043,9960851475,23,-16,2892250
zn2203,20220218,20220218,133247000,13:32:47,25150,79332,73043,9960851475,0,0,0
zn2203,20220218,20220218,133247500,13:32:48,25150,79332,73043,9960851475,0,0,0
zn2203,20220218,20220218,133248000,13:32:48,25150,79332,73043,9960851475,0,0,0
zn2203,20220218,20220218,133248500,13:32:49,25150,79332,73043,9960851475,0,0,0
zn2203,20220218,20220218,133249000,13:32:49,25150,79332,73043,9960851475,0,0,0
zn2203,20220218,20220218,133249500,13:32:50,25150,79332,73043,9960851475,0,0,0
zn2203,20220218,20220218,133250500,13:32:52,25145,79333,73043,9960977200,1,0,125725
zn2203,20220218,20220218,133253000,13:32:53,25145,79333,73043,9960977200,0,0,0
zn2203,20220218,20220218,133254500,13:32:55,25145,79333,73043,9960977200,0,0,0
zn2203,20220218,20220218,133255500,13:32:55,25145,79334,73043,9961102925,1,0,125725
zn2203,20220218,20220218,133256000,13:32:56,25150,79336,73041,9961354425,2,-2,251500
zn2203,20220218,20220218,133256500,13:32:56,25150,79336,73041,9961354425,0,0,0
zn2203,20220218,20220218,133257000,13:32:59,25150,79336,73041,9961354425,0,0,0
zn2203,20220218,20220218,133258000,13:33:00,25145,79337,73041,9961480150,1,0,125725
zn2203,20220218,20220218,133258500,13:33:00,25145,79374,73014,9966132775,37,-27,4652625
zn2203,20220218,20220218,133259500,13:33:01,25150,79380,73013,9966887275,6,-1,754500
zn2203,20220218,20220218,133300000,13:33:01,25150,79384,73013,9967390275,4,0,503000
zn2203,20220218,20220218,133300500,13:33:01,25150,79384,73013,9967390275,0,0,0
zn2203,20220218,20220218,133301000,13:33:02,25150,79384,73013,9967390275,0,0,0
zn2203,20220218,20220218,133301500,13:33:02,25150,79384,73013,9967390275,0,0,0
zn2203,20220218,20220218,133302000,13:33:02,25150,79384,73013,9967390275,0,0,0
zn2203,20220218,20220218,133302500,13:33:03,25150,79385,73013,9967516025,1,0,125750
zn2203,20220218,20220218,133303500,13:33:04,25150,79385,73013,9967516025,0,0,0
zn2203,20220218,20220218,133304500,13:33:05,25150,79396,73012,9968899275,11,-1,1383250
zn2203,20220218,20220218,133305000,13:33:05,25150,79396,73012,9968899275,0,0,0
zn2203,20220218,20220218,133305500,13:33:05,25150,79396,73012,9968899275,0,0,0
zn2203,20220218,20220218,133306000,13:33:06,25150,79396,73012,9968899275,0,0,0
zn2203,20220218,20220218,133306500,13:33:06,25150,79396,73012,9968899275,0,0,0
zn2203,20220218,20220218,133307000,13:33:07,25150,79396,73012,9968899275,0,0,0
zn2203,20220218,20220218,133307500,13:33:08,25150,79396,73012,9968899275,0,0,0
zn2203,20220218,20220218,133308000,13:33:08,25150,79396,73012,9968899275,0,0,0
zn2203,20220218,20220218,133309000,13:33:09,25150,79396,73012,9968899275,0,0,0
zn2203,20220218,20220218,133309500,13:33:10,25155,79424,73022,9972420975,28,10,3521700
zn2203,20220218,20220218,133310000,13:33:11,25155,79424,73022,9972420975,0,0,0
zn2203,20220218,20220218,133310500,13:33:12,25155,79430,73022,9973175625,6,0,754650
zn2203,20220218,20220218,133311500,13:33:14,25155,79430,73022,9973175625,0,0,0
zn2203,20220218,20220218,133312000,13:33:14,25155,79430,73022,9973175625,0,0,0
zn2203,20220218,20220218,133313500,13:33:15,25155,79430,73022,9973175625,0,0,0
zn2203,20220218,20220218,133314000,13:33:15,25155,79430,73022,9973175625,0,0,0
zn2203,20220218,20220218,133314500,13:33:17,25155,79430,73022,9973175625,0,0,0
zn2203,20220218,20220218,133315000,13:33:18,25155,79430,73022,9973175625,0,0,0
zn2203,20220218,20220218,133315500,13:33:18,25155,79430,73022,9973175625,0,0,0
zn2203,20220218,20220218,133317500,13:33:19,25155,79430,73022,9973175625,0,0,0
zn2203,20220218,20220218,133318000,13:33:19,25155,79430,73022,9973175625,0,0,0
zn2203,20220218,20220218,133320000,13:33:21,25155,79433,73021,9973552975,3,-1,377350
zn2203,20220218,20220218,133320500,13:33:21,25155,79433,73021,9973552975,0,0,0
zn2203,20220218,20220218,133322000,13:33:22,25155,79433,73021,9973552975,0,0,0
zn2203,20220218,20220218,133322500,13:33:22,25155,79433,73021,9973552975,0,0,0
zn2203,20220218,20220218,133323500,13:33:24,25155,79433,73021,9973552975,0,0,0
zn2203,20220218,20220218,133324000,13:33:24,25155,79433,73021,9973552975,0,0,0
zn2203,20220218,20220218,133324500,13:33:25,25155,79450,73028,9975691150,17,7,2138175
zn2203,20220218,20220218,133325000,13:33:26,25155,79450,73028,9975691150,0,0,0
zn2203,20220218,20220218,133326500,13:33:29,25150,79451,73027,9975816900,1,-1,125750
zn2203,20220218,20220218,133327000,13:33:29,25150,79451,73027,9975816900,0,0,0
zn2203,20220218,20220218,133331000,13:33:32,25150,79451,73027,9975816900,0,0,0
zn2203,20220218,20220218,133331500,13:33:32,25150,79451,73027,9975816900,0,0,0
zn2203,20220218,20220218,133332000,13:33:32,25150,79451,73027,9975816900,0,0,0
zn2203,20220218,20220218,133333000,13:33:33,25155,79459,73019,9976823100,8,-8,1006200
zn2203,20220218,20220218,133333500,13:33:33,25155,79460,73019,9976948875,1,0,125775
zn2203,20220218,20220218,133334000,13:33:34,25155,79463,73017,9977326200,3,-2,377325
zn2203,20220218,20220218,133334500,13:33:34,25155,79463,73017,9977326200,0,0,0
zn2203,20220218,20220218,133335000,13:33:35,25155,79463,73017,9977326200,0,0,0
zn2203,20220218,20220218,133337000,13:33:37,25155,79463,73017,9977326200,0,0,0
zn2203,20220218,20220218,133337500,13:33:37,25155,79463,73017,9977326200,0,0,0
zn2203,20220218,20220218,133338000,13:33:38,25155,79475,73012,9978835500,12,-5,1509300
zn2203,20220218,20220218,133338500,13:33:39,25160,79480,73013,9979464500,5,1,629000
zn2203,20220218,20220218,133339000,13:33:39,25155,79483,73013,9979841825,3,0,377325
zn2203,20220218,20220218,133339500,13:33:40,25155,79483,73013,9979841825,0,0,0
zn2203,20220218,20220218,133340000,13:33:40,25160,79488,73015,9980470825,5,2,629000
zn2203,20220218,20220218,133340500,13:33:41,25160,79488,73015,9980470825,0,0,0
zn2203,20220218,20220218,133341000,13:33:41,25160,79490,73013,9980722425,2,-2,251600
zn2203,20220218,20220218,133341500,13:33:42,25155,79492,73014,9980973975,2,1,251550
zn2203,20220218,20220218,133342000,13:33:42,25155,79492,73014,9980973975,0,0,0
zn2203,20220218,20220218,133342500,13:33:42,25160,79493,73014,9981099775,1,0,125800
zn2203,20220218,20220218,133343000,13:33:43,25160,79493,73014,9981099775,0,0,0
zn2203,20220218,20220218,133343500,13:33:44,25160,79493,73014,9981099775,0,0,0
zn2203,20220218,20220218,133344000,13:33:44,25160,79493,73014,9981099775,0,0,0
zn2203,20220218,20220218,133344500,13:33:45,25160,79493,73014,9981099775,0,0,0
zn2203,20220218,20220218,133345000,13:33:45,25160,79493,73014,9981099775,0,0,0
zn2203,20220218,20220218,133347000,13:33:48,25160,79493,73014,9981099775,0,0,0
zn2203,20220218,20220218,133347500,13:33:49,25160,79494,73014,9981225575,1,0,125800
zn2203,20220218,20220218,133349500,13:33:50,25160,79494,73014,9981225575,0,0,0
zn2203,20220218,20220218,133353500,13:33:53,25160,79495,73014,9981351375,1,0,125800
zn2203,20220218,20220218,133355000,13:33:56,25160,79495,73014,9981351375,0,0,0
zn2203,20220218,20220218,133355500,13:33:56,25155,79503,73019,9982357575,8,5,1006200
zn2203,20220218,20220218,133356000,13:33:56,25155,79510,73016,9983238000,7,-3,880425
zn2203,20220218,20220218,133356500,13:33:57,25155,79510,73016,9983238000,0,0,0
zn2203,20220218,20220218,133358000,13:33:58,25155,79510,73016,9983238000,0,0,0
zn2203,20220218,20220218,133358500,13:33:58,25155,79510,73016,9983238000,0,0,0
zn2203,20220218,20220218,133359000,13:33:59,25155,79510,73016,9983238000,0,0,0
zn2203,20220218,20220218,133359500,13:33:59,25155,79510,73016,9983238000,0,0,0
zn2203,20220218,20220218,133400000,13:34:00,25155,79510,73016,9983238000,0,0,0
zn2203,20220218,20220218,133400500,13:34:00,25155,79510,73016,9983238000,0,0,0
zn2203,20220218,20220218,133402500,13:34:10,25155,79510,73016,9983238000,0,0,0
zn2203,20220218,20220218,133403500,13:34:11,25155,79510,73016,9983238000,0,0,0
zn2203,20220218,20220218,133410000,13:34:12,25155,79510,73016,9983238000,0,0,0
zn2203,20220218,20220218,133410500,13:34:12,25155,79541,73009,9987136575,31,-7,3898575
zn2203,20220218,20220218,133411000,13:34:12,25155,79541,73009,9987136575,0,0,0
zn2203,20220218,20220218,133411500,13:34:12,25155,79541,73009,9987136575,0,0,0
zn2203,20220218,20220218,133412000,13:34:12,25155,79541,73009,9987136575,0,0,0
zn2203,20220218,20220218,133412500,13:34:13,25155,79541,73009,9987136575,0,0,0
zn2203,20220218,20220218,133416500,13:34:16,25155,79542,73009,9987262350,1,0,125775
zn2203,20220218,20220218,133417000,13:34:17,25155,79542,73009,9987262350,0,0,0
zn2203,20220218,20220218,133420000,13:34:20,25160,79575,73015,9991413750,33,6,4151400
zn2203,20220218,20220218,133420500,13:34:21,25160,79575,73015,9991413750,0,0,0
zn2203,20220218,20220218,133421000,13:34:23,25160,79580,73015,9992042750,5,0,629000
zn2203,20220218,20220218,133423500,13:34:24,25160,79598,73012,9994307150,18,-3,2264400
zn2203,20220218,20220218,133425000,13:34:25,25160,79598,73012,9994307150,0,0,0
zn2203,20220218,20220218,133426000,13:34:26,25160,79598,73012,9994307150,0,0,0
zn2203,20220218,20220218,133430000,13:34:30,25155,79601,73012,9994684475,3,0,377325
zn2203,20220218,20220218,133430500,13:34:30,25160,79606,73008,9995313475,5,-4,629000
zn2203,20220218,20220218,133431000,13:34:31,25160,79606,73008,9995313475,0,0,0
zn2203,20220218,20220218,133431500,13:34:31,25160,79606,73008,9995313475,0,0,0
zn2203,20220218,20220218,133432000,13:34:32,25160,79609,73008,9995690875,3,0,377400
zn2203,20220218,20220218,133432500,13:34:32,25160,79609,73008,9995690875,0,0,0
zn2203,20220218,20220218,133433000,13:34:33,25160,79609,73008,9995690875,0,0,0
zn2203,20220218,20220218,133433500,13:34:34,25155,79611,73006,9995942425,2,-2,251550
zn2203,20220218,20220218,133434000,13:34:34,25155,79613,73006,9996193975,2,0,251550
zn2203,20220218,20220218,133434500,13:34:35,25155,79638,73022,9999338350,25,16,3144375
zn2203,20220218,20220218,133435000,13:34:35,25155,79638,73022,9999338350,0,0,0
zn2203,20220218,20220218,133435500,13:34:36,25155,79640,73024,9999589875,2,2,251525
zn2203,20220218,20220218,133436000,13:34:36,25155,79647,73026,10000470300,7,2,880425
zn2203,20220218,20220218,133436500,13:34:36,25155,79660,73021,10002105375,13,-5,1635075
zn2203,20220218,20220218,133437000,13:34:37,25155,79660,73021,10002105375,0,0,0
zn2203,20220218,20220218,133437500,13:34:38,25155,79667,73015,10002985800,7,-6,880425
zn2203,20220218,20220218,133438000,13:34:38,25155,79667,73015,10002985800,0,0,0
zn2203,20220218,20220218,133438500,13:34:38,25155,79668,73016,10003111575,1,1,125775
zn2203,20220218,20220218,133439000,13:34:39,25155,79668,73016,10003111575,0,0,0
zn2203,20220218,20220218,133439500,13:34:39,25155,79669,73017,10003237350,1,1,125775
zn2203,20220218,20220218,133441500,13:34:41,25155,79671,73017,10003488900,2,0,251550
zn2203,20220218,20220218,133442000,13:34:43,25155,79679,73016,10004495100,8,-1,1006200
zn2203,20220218,20220218,133442500,13:34:44,25155,79679,73016,10004495100,0,0,0
zn2203,20220218,20220218,133443000,13:34:45,25150,79716,73028,10009147850,37,12,4652750
zn2203,20220218,20220218,133443500,13:34:45,25150,79716,73028,10009147850,0,0,0
zn2203,20220218,20220218,133444000,13:34:45,25150,79721,73032,10009776600,5,4,628750
zn2203,20220218,20220218,133445000,13:34:46,25150,79721,73032,10009776600,0,0,0
zn2203,20220218,20220218,133446500,13:34:47,25150,79721,73032,10009776600,0,0,0
zn2203,20220218,20220218,133447000,13:34:47,25150,79721,73032,10009776600,0,0,0
zn2203,20220218,20220218,133447500,13:34:47,25150,79722,73032,10009902350,1,0,125750
zn2203,20220218,20220218,133448000,13:34:48,25150,79723,73032,10010028100,1,0,125750
zn2203,20220218,20220218,133449000,13:34:49,25150,79723,73032,10010028100,0,0,0
zn2203,20220218,20220218,133450500,13:34:51,25150,79723,73032,10010028100,0,0,0
zn2203,20220218,20220218,133451000,13:34:51,25150,79724,73033,10010153850,1,1,125750
zn2203,20220218,20220218,133452000,13:34:52,25150,79727,73031,10010531100,3,-2,377250
zn2203,20220218,20220218,133452500,13:34:52,25150,79727,73031,10010531100,0,0,0
zn2203,20220218,20220218,133453000,13:34:53,25150,79728,73031,10010656850,1,0,125750
zn2203,20220218,20220218,133453500,13:34:55,25150,79730,73031,10010908350,2,0,251500
zn2203,20220218,20220218,133454000,13:34:56,25155,79731,73030,10011034125,1,-1,125775
zn2203,20220218,20220218,133454500,13:34:56,25155,79731,73030,10011034125,0,0,0
zn2203,20220218,20220218,133455500,13:34:56,25155,79731,73030,10011034125,0,0,0
zn2203,20220218,20220218,133456000,13:34:56,25155,79731,73030,10011034125,0,0,0
zn2203,20220218,20220218,133456500,13:34:57,25155,79731,73030,10011034125,0,0,0
zn2203,20220218,20220218,133458000,13:34:58,25155,79731,73030,10011034125,0,0,0
zn2203,20220218,20220218,133458500,13:34:59,25155,79731,73030,10011034125,0,0,0
zn2203,20220218,20220218,133500000,13:35:00,25155,79731,73030,10011034125,0,0,0
zn2203,20220218,20220218,133504500,13:35:10,25155,79731,73030,10011034125,0,0,0
zn2203,20220218,20220218,133505000,13:35:10,25155,79731,73030,10011034125,0,0,0
zn2203,20220218,20220218,133509500,13:35:11,25155,79739,73026,10012040325,8,-4,1006200
zn2203,20220218,20220218,133510500,13:35:11,25150,79740,73025,10012166075,1,-1,125750
zn2203,20220218,20220218,133511000,13:35:11,25150,79740,73025,10012166075,0,0,0
zn2203,20220218,20220218,133511500,13:35:11,25150,79740,73025,10012166075,0,0,0
zn2203,20220218,20220218,133512000,13:35:12,25150,79740,73025,10012166075,0,0,0
zn2203,20220218,20220218,133512500,13:35:13,25155,79749,73030,10013298050,9,5,1131975
zn2203,20220218,20220218,133513000,13:35:13,25155,79749,73030,10013298050,0,0,0
zn2203,20220218,20220218,133513500,13:35:13,25155,79749,73030,10013298050,0,0,0
zn2203,20220218,20220218,133514000,13:35:14,25155,79753,73026,10013801150,4,-4,503100
zn2203,20220218,20220218,133514500,13:35:14,25155,79756,73026,10014178475,3,0,377325
zn2203,20220218,20220218,133515000,13:35:15,25155,79757,73026,10014304250,1,0,125775
zn2203,20220218,20220218,133515500,13:35:16,25155,79757,73026,10014304250,0,0,0
zn2203,20220218,20220218,133516000,13:35:16,25155,79757,73026,10014304250,0,0,0
zn2203,20220218,20220218,133516500,13:35:16,25155,79757,73026,10014304250,0,0,0
zn2203,20220218,20220218,133517000,13:35:17,25155,79757,73026,10014304250,0,0,0
zn2203,20220218,20220218,133517500,13:35:18,25155,79771,73026,10016065100,14,0,1760850
zn2203,20220218,20220218,133518000,13:35:18,25155,79787,73029,10018077500,16,3,2012400
zn2203,20220218,20220218,133518500,13:35:19,25160,79792,73030,10018706500,5,1,629000
zn2203,20220218,20220218,133519000,13:35:19,25160,79792,73030,10018706500,0,0,0
zn2203,20220218,20220218,133519500,13:35:20,25160,79792,73030,10018706500,0,0,0
zn2203,20220218,20220218,133522500,13:35:23,25160,79792,73030,10018706500,0,0,0
zn2203,20220218,20220218,133523000,13:35:23,25160,79792,73030,10018706500,0,0,0
zn2203,20220218,20220218,133523500,13:35:23,25160,79814,73035,10021474100,22,5,2767600
zn2203,20220218,20220218,133524000,13:35:24,25160,79816,73036,10021725700,2,1,251600
zn2203,20220218,20220218,133524500,13:35:25,25160,79821,73035,10022354700,5,-1,629000
zn2203,20220218,20220218,133525000,13:35:25,25160,79821,73035,10022354700,0,0,0
zn2203,20220218,20220218,133525500,13:35:26,25165,79835,73045,10024116250,14,10,1761550
zn2203,20220218,20220218,133526000,13:35:26,25165,79836,73045,10024242075,1,0,125825
zn2203,20220218,20220218,133526500,13:35:27,25165,79852,73050,10026255275,16,5,2013200
zn2203,20220218,20220218,133527000,13:35:27,25165,79852,73050,10026255275,0,0,0
zn2203,20220218,20220218,133527500,13:35:31,25165,79858,73050,10027010225,6,0,754950
zn2203,20220218,20220218,133528000,13:35:31,25165,79858,73050,10027010225,0,0,0
zn2203,20220218,20220218,133528500,13:35:32,25165,79858,73050,10027010225,0,0,0
zn2203,20220218,20220218,133531000,13:35:37,25165,79876,73058,10029275075,18,8,2264850
zn2203,20220218,20220218,133531500,13:35:37,25165,79890,73067,10031036625,14,9,1761550
zn2203,20220218,20220218,133532000,13:35:42,25170,79893,73070,10031414175,3,3,377550
zn2203,20220218,20220218,133532500,13:35:42,25170,79893,73070,10031414175,0,0,0
zn2203,20220218,20220218,133540000,13:35:43,25170,79893,73070,10031414175,0,0,0
zn2203,20220218,20220218,133541000,13:35:43,25165,79896,73072,10031791675,3,2,377500
zn2203,20220218,20220218,133543500,13:35:44,25165,79931,73061,10036195550,35,-11,4403875
zn2203,20220218,20220218,133544000,13:35:44,25165,79937,73067,10036950500,6,6,754950
zn2203,20220218,20220218,133544500,13:35:45,25165,79938,73068,10037076325,1,1,125825
zn2203,20220218,20220218,133545000,13:35:46,25165,79938,73068,10037076325,0,0,0
zn2203,20220218,20220218,133545500,13:35:46,25165,79938,73068,10037076325,0,0,0
zn2203,20220218,20220218,133546500,13:35:46,25165,79939,73069,10037202150,1,1,125825
zn2203,20220218,20220218,133548000,13:35:48,25165,79939,73069,10037202150,0,0,0
zn2203,20220218,20220218,133548500,13:35:48,25165,79940,73070,10037327975,1,1,125825
zn2203,20220218,20220218,133549000,13:35:49,25165,79940,73070,10037327975,0,0,0
zn2203,20220218,20220218,133549500,13:35:49,25165,79940,73070,10037327975,0,0,0
zn2203,20220218,20220218,133550500,13:35:50,25165,79940,73070,10037327975,0,0,0
zn2203,20220218,20220218,133551000,13:35:51,25165,79940,73070,10037327975,0,0,0
zn2203,20220218,20220218,133552000,13:35:52,25170,80024,73119,10047899375,84,49,10571400
zn2203,20220218,20220218,133552500,13:35:52,25170,80028,73121,10048402775,4,2,503400
zn2203,20220218,20220218,133553000,13:35:53,25170,80028,73121,10048402775,0,0,0
zn2203,20220218,20220218,133553500,13:35:55,25175,80029,73121,10048528650,1,0,125875
zn2203,20220218,20220218,133554000,13:35:55,25170,80032,73122,10048906250,3,1,377600
zn2203,20220218,20220218,133554500,13:35:55,25175,80036,73126,10049409750,4,4,503500
zn2203,20220218,20220218,133555500,13:35:56,25170,80038,73126,10049661450,2,0,251700
zn2203,20220218,20220218,133556000,13:35:56,25170,80038,73126,10049661450,0,0,0
zn2203,20220218,20220218,133557500,13:35:59,25170,80038,73126,10049661450,0,0,0
zn2203,20220218,20220218,133558000,13:36:01,25170,80048,73130,10050919950,10,4,1258500
zn2203,20220218,20220218,133558500,13:36:02,25170,80048,73130,10050919950,0,0,0
zn2203,20220218,20220218,133559500,13:36:03,25175,80062,73136,10052681875,14,6,1761925
zn2203,20220218,20220218,133601000,13:36:03,25175,80062,73136,10052681875,0,0,0
zn2203,20220218,20220218,133602000,13:36:03,25175,80062,73136,10052681875,0,0,0
zn2203,20220218,20220218,133602500,13:36:04,25175,80062,73136,10052681875,0,0,0
zn2203,20220218,20220218,133603000,13:36:05,25170,80064,73138,10052933575,2,2,251700
zn2203,20220218,20220218,133603500,13:36:05,25170,80066,73137,10053185275,2,-1,251700
zn2203,20220218,20220218,133604000,13:36:06,25170,80066,73137,10053185275,0,0,0
zn2203,20220218,20220218,133604500,13:36:06,25170,80066,73137,10053185275,0,0,0
zn2203,20220218,20220218,133605500,13:36:07,25170,80066,73137,10053185275,0,0,0
zn2203,20220218,20220218,133606000,13:36:07,25175,80071,73137,10053814650,5,0,629375
zn2203,20220218,20220218,133606500,13:36:07,25170,80091,73146,10056331650,20,9,2517000
zn2203,20220218,20220218,133607000,13:36:07,25170,80098,73147,10057212600,7,1,880950
zn2203,20220218,20220218,133607500,13:36:08,25170,80104,73152,10057967700,6,5,755100
zn2203,20220218,20220218,133608000,13:36:08,25170,80109,73152,10058596950,5,0,629250
zn2203,20220218,20220218,133608500,13:36:08,25170,80109,73152,10058596950,0,0,0
zn2203,20220218,20220218,133609000,13:36:09,25170,80109,73152,10058596950,0,0,0
zn2203,20220218,20220218,133609500,13:36:10,25170,80109,73152,10058596950,0,0,0
zn2203,20220218,20220218,133610000,13:36:10,25170,80110,73152,10058722800,1,0,125850
zn2203,20220218,20220218,133610500,13:36:11,25170,80110,73152,10058722800,0,0,0
zn2203,20220218,20220218,133611000,13:36:11,25170,80115,73153,10059352050,5,1,629250
zn2203,20220218,20220218,133611500,13:36:12,25170,80115,73153,10059352050,0,0,0
zn2203,20220218,20220218,133612000,13:36:12,25170,80115,73153,10059352050,0,0,0
zn2203,20220218,20220218,133612500,13:36:12,25170,80115,73153,10059352050,0,0,0
zn2203,20220218,20220218,133613000,13:36:13,25175,80125,73160,10060610625,10,7,1258575
zn2203,20220218,20220218,133613500,13:36:14,25175,80125,73160,10060610625,0,0,0
zn2203,20220218,20220218,133614000,13:36:14,25175,80125,73160,10060610625,0,0,0
zn2203,20220218,20220218,133615000,13:36:15,25175,80125,73160,10060610625,0,0,0
zn2203,20220218,20220218,133616500,13:36:17,25175,80125,73160,10060610625,0,0,0
zn2203,20220218,20220218,133617000,13:36:17,25170,80127,73160,10060862325,2,0,251700
zn2203,20220218,20220218,133617500,13:36:19,25170,80127,73160,10060862325,0,0,0
zn2203,20220218,20220218,133618500,13:36:19,25170,80127,73160,10060862325,0,0,0
zn2203,20220218,20220218,133619000,13:36:19,25170,80139,73158,10062372525,12,-2,1510200
zn2203,20220218,20220218,133619500,13:36:19,25170,80147,73158,10063379325,8,0,1006800
zn2203,20220218,20220218,133620000,13:36:20,25175,80152,73163,10064008700,5,5,629375
zn2203,20220218,20220218,133620500,13:36:20,25175,80153,73163,10064134575,1,0,125875
zn2203,20220218,20220218,133621000,13:36:21,25175,80153,73163,10064134575,0,0,0
zn2203,20220218,20220218,133621500,13:36:21,25170,80158,73165,10064763825,5,2,629250
zn2203,20220218,20220218,133622000,13:36:22,25170,80168,73174,10066022325,10,9,1258500
zn2203,20220218,20220218,133622500,13:36:22,25170,80171,73177,10066399875,3,3,377550
zn2203,20220218,20220218,133623000,13:36:23,25170,80171,73177,10066399875,0,0,0
zn2203,20220218,20220218,133626000,13:36:26,25170,80171,73177,10066399875,0,0,0
zn2203,20220218,20220218,133626500,13:36:27,25170,80171,73177,10066399875,0,0,0
zn2203,20220218,20220218,133627000,13:36:27,25170,80172,73177,10066525725,1,0,125850
zn2203,20220218,20220218,133627500,13:36:28,25175,80190,73188,10068791475,18,11,2265750
zn2203,20220218,20220218,133628000,13:36:28,25175,80190,73188,10068791475,0,0,0
zn2203,20220218,20220218,133628500,13:36:29,25175,80216,73193,10072064325,26,5,3272850
zn2203,20220218,20220218,133629000,13:36:29,25175,80216,73193,10072064325,0,0,0
zn2203,20220218,20220218,133629500,13:36:30,25175,80242,73191,10075336900,26,-2,3272575
zn2203,20220218,20220218,133630000,13:36:30,25170,80247,73192,10075966250,5,1,629350
zn2203,20220218,20220218,133630500,13:36:31,25175,80249,73192,10076218000,2,0,251750
zn2203,20220218,20220218,133631000,13:36:31,25175,80249,73192,10076218000,0,0,0
zn2203,20220218,20220218,133632000,13:36:32,25175,80249,73192,10076218000,0,0,0
zn2203,20220218,20220218,133632500,13:36:32,25175,80259,73193,10077476750,10,1,1258750
zn2203,20220218,20220218,133633000,13:36:33,25170,80269,73200,10078735250,10,7,1258500
zn2203,20220218,20220218,133633500,13:36:33,25170,80269,73200,10078735250,0,0,0
zn2203,20220218,20220218,133634000,13:36:34,25175,80270,73201,10078861125,1,1,125875
zn2203,20220218,20220218,133636500,13:36:36,25175,80270,73201,10078861125,0,0,0
zn2203,20220218,20220218,133637000,13:36:38,25175,80285,73206,10080749250,15,5,1888125
zn2203,20220218,20220218,133637500,13:36:38,25175,80285,73206,10080749250,0,0,0
zn2203,20220218,20220218,133638000,13:36:38,25180,80291,73203,10081504650,6,-3,755400
zn2203,20220218,20220218,133638500,13:36:39,25180,80297,73209,10082260050,6,6,755400
zn2203,20220218,20220218,133639000,13:36:39,25180,80303,73210,10083015450,6,1,755400
zn2203,20220218,20220218,133639500,13:36:39,25180,80311,73207,10084022650,8,-3,1007200
zn2203,20220218,20220218,133640000,13:36:40,25185,80314,73206,10084400375,3,-1,377725
zn2203,20220218,20220218,133640500,13:36:40,25180,80317,73205,10084778075,3,-1,377700
zn2203,20220218,20220218,133641000,13:36:41,25180,80317,73205,10084778075,0,0,0
zn2203,20220218,20220218,133642000,13:36:42,25180,80317,73205,10084778075,0,0,0
zn2203,20220218,20220218,133642500,13:36:42,25180,80317,73205,10084778075,0,0,0
zn2203,20220218,20220218,133643000,13:36:43,25180,80317,73205,10084778075,0,0,0
zn2203,20220218,20220218,133645000,13:36:45,25180,80318,73205,10084903975,1,0,125900
zn2203,20220218,20220218,133645500,13:36:46,25180,80318,73205,10084903975,0,0,0
zn2203,20220218,20220218,133646000,13:36:46,25180,80324,73204,10085659375,6,-1,755400
zn2203,20220218,20220218,133646500,13:36:46,25180,80324,73204,10085659375,0,0,0
zn2203,20220218,20220218,133647000,13:36:47,25180,80324,73204,10085659375,0,0,0
zn2203,20220218,20220218,133648000,13:36:48,25180,80330,73204,10086414775,6,0,755400
zn2203,20220218,20220218,133648500,13:36:48,25180,80330,73204,10086414775,0,0,0
zn2203,20220218,20220218,133649000,13:36:49,25180,80330,73204,10086414775,0,0,0
zn2203,20220218,20220218,133650000,13:36:50,25180,80334,73200,10086918375,4,-4,503600
zn2203,20220218,20220218,133650500,13:36:50,25180,80342,73200,10087925575,8,0,1007200
zn2203,20220218,20220218,133651000,13:36:51,25180,80348,73200,10088680975,6,0,755400
zn2203,20220218,20220218,133651500,13:36:51,25180,80348,73200,10088680975,0,0,0
zn2203,20220218,20220218,133652000,13:36:52,25180,80348,73200,10088680975,0,0,0
zn2203,20220218,20220218,133653500,13:36:54,25180,80349,73201,10088806875,1,1,125900
zn2203,20220218,20220218,133654000,13:36:54,25180,80350,73202,10088932775,1,1,125900
zn2203,20220218,20220218,133655000,13:36:55,25180,80350,73202,10088932775,0,0,0
zn2203,20220218,20220218,133655500,13:36:56,25180,80350,73202,10088932775,0,0,0
zn2203,20220218,20220218,133656000,13:36:56,25180,80350,73202,10088932775,0,0,0
zn2203,20220218,20220218,133656500,13:36:57,25180,80350,73202,10088932775,0,0,0
zn2203,20220218,20220218,133657000,13:36:58,25185,80351,73201,10089058700,1,-1,125925
zn2203,20220218,20220218,133658000,13:36:58,25185,80351,73201,10089058700,0,0,0
zn2203,20220218,20220218,133658500,13:36:59,25185,80351,73201,10089058700,0,0,0
zn2203,20220218,20220218,133659500,13:36:59,25185,80365,73200,10090821650,14,-1,1762950
zn2203,20220218,20220218,133700000,13:37:00,25185,80377,73202,10092332750,12,2,1511100
zn2203,20220218,20220218,133700500,13:37:00,25190,80401,73205,10095355525,24,3,3022775
zn2203,20220218,20220218,133701000,13:37:01,25185,80403,73206,10095607375,2,1,251850
zn2203,20220218,20220218,133701500,13:37:01,25185,80403,73206,10095607375,0,0,0
zn2203,20220218,20220218,133702000,13:37:02,25190,80411,73206,10096614975,8,0,1007600
zn2203,20220218,20220218,133702500,13:37:03,25185,80412,73206,10096740900,1,0,125925
zn2203,20220218,20220218,133703000,13:37:03,25185,80425,73206,10098377925,13,0,1637025
zn2203,20220218,20220218,133703500,13:37:03,25185,80435,73204,10099637150,10,-2,1259225
zn2203,20220218,20220218,133704000,13:37:04,25185,80439,73206,10100140850,4,2,503700
zn2203,20220218,20220218,133704500,13:37:04,25185,80439,73206,10100140850,0,0,0
zn2203,20220218,20220218,133705000,13:37:05,25185,80439,73206,10100140850,0,0,0
zn2203,20220218,20220218,133705500,13:37:07,25185,80439,73206,10100140850,0,0,0
zn2203,20220218,20220218,133706000,13:37:08,25185,80439,73206,10100140850,0,0,0
zn2203,20220218,20220218,133707000,13:37:08,25185,80446,73206,10101022325,7,0,881475
zn2203,20220218,20220218,133707500,13:37:08,25185,80454,73204,10102029725,8,-2,1007400
zn2203,20220218,20220218,133708000,13:37:08,25185,80456,73205,10102281575,2,1,251850
zn2203,20220218,20220218,133708500,13:37:08,25180,80474,73200,10104547775,18,-5,2266200
zn2203,20220218,20220218,133709000,13:37:09,25180,80474,73200,10104547775,0,0,0
zn2203,20220218,20220218,133709500,13:37:10,25185,80475,73201,10104673700,1,1,125925
zn2203,20220218,20220218,133711000,13:37:11,25185,80485,73199,10105932825,10,-2,1259125
zn2203,20220218,20220218,133711500,13:37:13,25185,80485,73199,10105932825,0,0,0
zn2203,20220218,20220218,133712000,13:37:13,25180,80499,73198,10107695425,14,-1,1762600
zn2203,20220218,20220218,133712500,13:37:13,25180,80505,73198,10108450825,6,0,755400
zn2203,20220218,20220218,133713000,13:37:14,25180,80505,73198,10108450825,0,0,0
zn2203,20220218,20220218,133713500,13:37:14,25180,80508,73198,10108828525,3,0,377700
zn2203,20220218,20220218,133714000,13:37:14,25180,80518,73198,10110087525,10,0,1259000
zn2203,20220218,20220218,133714500,13:37:14,25175,80523,73200,10110716900,5,2,629375
zn2203,20220218,20220218,133715000,13:37:15,25180,80530,73199,10111598125,7,-1,881225
zn2203,20220218,20220218,133715500,13:37:16,25175,80532,73200,10111849875,2,1,251750
zn2203,20220218,20220218,133716000,13:37:16,25175,80532,73200,10111849875,0,0,0
zn2203,20220218,20220218,133716500,13:37:16,25175,80532,73200,10111849875,0,0,0
zn2203,20220218,20220218,133717000,13:37:17,25175,80532,73200,10111849875,0,0,0
zn2203,20220218,20220218,133717500,13:37:18,25175,80532,73200,10111849875,0,0,0
zn2203,20220218,20220218,133718000,13:37:18,25175,80532,73200,10111849875,0,0,0
zn2203,20220218,20220218,133718500,13:37:19,25175,80533,73201,10111975750,1,1,125875
zn2203,20220218,20220218,133719500,13:37:19,25175,80579,73216,10117766000,46,15,5790250
zn2203,20220218,20220218,133720000,13:37:20,25175,80580,73215,10117891875,1,-1,125875
zn2203,20220218,20220218,133720500,13:37:21,25175,80580,73215,10117891875,0,0,0
zn2203,20220218,20220218,133721000,13:37:21,25175,80580,73215,10117891875,0,0,0
zn2203,20220218,20220218,133721500,13:37:21,25175,80580,73215,10117891875,0,0,0
zn2203,20220218,20220218,133722000,13:37:22,25175,80580,73215,10117891875,0,0,0
zn2203,20220218,20220218,133722500,13:37:22,25170,80581,73215,10118017725,1,0,125850
zn2203,20220218,20220218,133723000,13:37:23,25170,80581,73215,10118017725,0,0,0
zn2203,20220218,20220218,133723500,13:37:23,25170,80581,73215,10118017725,0,0,0
zn2203,20220218,20220218,133724000,13:37:24,25170,80581,73215,10118017725,0,0,0
zn2203,20220218,20220218,133725000,13:37:25,25170,80581,73215,10118017725,0,0,0
zn2203,20220218,20220218,133726000,13:37:26,25170,80581,73215,10118017725,0,0,0
zn2203,20220218,20220218,133727000,13:37:27,25170,80581,73215,10118017725,0,0,0
zn2203,20220218,20220218,133727500,13:37:27,25170,80581,73215,10118017725,0,0,0
zn2203,20220218,20220218,133729000,13:37:29,25175,80588,73219,10118898850,7,4,881125
zn2203,20220218,20220218,133729500,13:37:29,25175,80588,73219,10118898850,0,0,0
zn2203,20220218,20220218,133730000,13:37:30,25175,80588,73219,10118898850,0,0,0
zn2203,20220218,20220218,133730500,13:37:31,25175,80588,73219,10118898850,0,0,0
zn2203,20220218,20220218,133731000,13:37:31,25175,80588,73219,10118898850,0,0,0
zn2203,20220218,20220218,133731500,13:37:31,25175,80588,73219,10118898850,0,0,0
zn2203,20220218,20220218,133733500,13:37:33,25175,80588,73219,10118898850,0,0,0
zn2203,20220218,20220218,133734500,13:37:34,25175,80589,73219,10119024725,1,0,125875
zn2203,20220218,20220218,133735000,13:37:35,25175,80589,73219,10119024725,0,0,0
zn2203,20220218,20220218,133735500,13:37:36,25170,80599,73217,10120283225,10,-2,1258500
zn2203,20220218,20220218,133736000,13:37:36,25170,80600,73217,10120409075,1,0,125850
zn2203,20220218,20220218,133736500,13:37:37,25170,80600,73217,10120409075,0,0,0
zn2203,20220218,20220218,133737000,13:37:37,25175,80605,73217,10121038450,5,0,629375
zn2203,20220218,20220218,133737500,13:37:37,25175,80605,73217,10121038450,0,0,0
zn2203,20220218,20220218,133738500,13:37:39,25175,80605,73217,10121038450,0,0,0
zn2203,20220218,20220218,133741000,13:37:41,25175,80605,73217,10121038450,0,0,0
zn2203,20220218,20220218,133741500,13:37:41,25175,80605,73217,10121038450,0,0,0
zn2203,20220218,20220218,133743000,13:37:43,25175,80605,73217,10121038450,0,0,0
zn2203,20220218,20220218,133743500,13:37:44,25175,80605,73217,10121038450,0,0,0
zn2203,20220218,20220218,133745000,13:37:45,25175,80605,73217,10121038450,0,0,0
zn2203,20220218,20220218,133745500,13:37:45,25175,80605,73217,10121038450,0,0,0
zn2203,20220218,20220218,133747500,13:37:48,25175,80605,73217,10121038450,0,0,0
zn2203,20220218,20220218,133748500,13:37:48,25175,80605,73217,10121038450,0,0,0
zn2203,20220218,20220218,133749000,13:37:49,25170,80606,73218,10121164300,1,1,125850
zn2203,20220218,20220218,133750000,13:37:50,25170,80606,73218,10121164300,0,0,0
zn2203,20220218,20220218,133750500,13:37:51,25170,80606,73218,10121164300,0,0,0
zn2203,20220218,20220218,133751000,13:37:51,25170,80606,73218,10121164300,0,0,0
zn2203,20220218,20220218,133752000,13:37:53,25175,80616,73213,10122423050,10,-5,1258750
zn2203,20220218,20220218,133752500,13:37:54,25175,80616,73213,10122423050,0,0,0
zn2203,20220218,20220218,133753000,13:37:54,25175,80619,73212,10122800675,3,-1,377625
zn2203,20220218,20220218,133753500,13:37:55,25175,80619,73212,10122800675,0,0,0
zn2203,20220218,20220218,133754000,13:37:55,25180,80624,73216,10123430175,5,4,629500
zn2203,20220218,20220218,133754500,13:37:55,25180,80624,73216,10123430175,0,0,0
zn2203,20220218,20220218,133755000,13:37:55,25180,80625,73215,10123556075,1,-1,125900
zn2203,20220218,20220218,133755500,13:37:55,25180,80625,73215,10123556075,0,0,0
zn2203,20220218,20220218,133756000,13:37:56,25180,80625,73215,10123556075,0,0,0
zn2203,20220218,20220218,133756500,13:37:56,25175,80631,73219,10124311325,6,4,755250
zn2203,20220218,20220218,133757000,13:37:57,25180,80636,73219,10124940825,5,0,629500
zn2203,20220218,20220218,133757500,13:37:58,25180,80636,73219,10124940825,0,0,0
zn2203,20220218,20220218,133758000,13:37:58,25180,80636,73219,10124940825,0,0,0
zn2203,20220218,20220218,133758500,13:37:59,25180,80636,73219,10124940825,0,0,0
zn2203,20220218,20220218,133759000,13:37:59,25180,80636,73219,10124940825,0,0,0
zn2203,20220218,20220218,133759500,13:38:00,25180,80636,73219,10124940825,0,0,0
zn2203,20220218,20220218,133800000,13:38:00,25180,80636,73219,10124940825,0,0,0
zn2203,20220218,20220218,133801000,13:38:02,25180,80636,73219,10124940825,0,0,0
zn2203,20220218,20220218,133801500,13:38:03,25180,80636,73219,10124940825,0,0,0
zn2203,20220218,20220218,133802000,13:38:05,25180,80636,73219,10124940825,0,0,0
zn2203,20220218,20220218,133802500,13:38:05,25180,80638,73218,10125192625,2,-1,251800
zn2203,20220218,20220218,133803000,13:38:06,25180,80638,73218,10125192625,0,0,0
zn2203,20220218,20220218,133803500,13:38:06,25175,80650,73210,10126703125,12,-8,1510500
zn2203,20220218,20220218,133805000,13:38:07,25175,80672,73206,10129472375,22,-4,2769250
zn2203,20220218,20220218,133805500,13:38:07,25175,80677,73204,10130101750,5,-2,629375
zn2203,20220218,20220218,133806000,13:38:09,25175,80679,73204,10130353500,2,0,251750
zn2203,20220218,20220218,133806500,13:38:09,25175,80679,73204,10130353500,0,0,0
zn2203,20220218,20220218,133807000,13:38:09,25175,80679,73204,10130353500,0,0,0
zn2203,20220218,20220218,133809000,13:38:09,25175,80679,73204,10130353500,0,0,0
zn2203,20220218,20220218,133811500,13:38:14,25175,80679,73204,10130353500,0,0,0
zn2203,20220218,20220218,133812000,13:38:14,25175,80679,73204,10130353500,0,0,0
zn2203,20220218,20220218,133812500,13:38:14,25175,80683,73202,10130857000,4,-2,503500
zn2203,20220218,20220218,133813000,13:38:14,25175,80686,73200,10131234625,3,-2,377625
zn2203,20220218,20220218,133813500,13:38:15,25175,80686,73200,10131234625,0,0,0
zn2203,20220218,20220218,133814000,13:38:15,25175,80692,73200,10131989875,6,0,755250
zn2203,20220218,20220218,133814500,13:38:17,25175,80698,73202,10132745250,6,2,755375
zn2203,20220218,20220218,133815000,13:38:17,25175,80698,73202,10132745250,0,0,0
zn2203,20220218,20220218,133815500,13:38:17,25175,80698,73202,10132745250,0,0,0
zn2203,20220218,20220218,133817000,13:38:18,25185,80714,73198,10134759775,16,-4,2014525
zn2203,20220218,20220218,133817500,13:38:18,25185,80714,73198,10134759775,0,0,0
zn2203,20220218,20220218,133818000,13:38:18,25185,80714,73198,10134759775,0,0,0
zn2203,20220218,20220218,133818500,13:38:19,25185,80714,73198,10134759775,0,0,0
zn2203,20220218,20220218,133819000,13:38:19,25185,80714,73198,10134759775,0,0,0
zn2203,20220218,20220218,133819500,13:38:19,25185,80714,73198,10134759775,0,0,0
zn2203,20220218,20220218,133820000,13:38:20,25185,80724,73192,10136019025,10,-6,1259250
zn2203,20220218,20220218,133820500,13:38:22,25185,80725,73193,10136144950,1,1,125925
zn2203,20220218,20220218,133821000,13:38:22,25190,80726,73193,10136270900,1,0,125950
zn2203,20220218,20220218,133821500,13:38:22,25190,80726,73193,10136270900,0,0,0
zn2203,20220218,20220218,133822500,13:38:23,25185,80731,73193,10136900525,5,0,629625
zn2203,20220218,20220218,133823000,13:38:23,25185,80760,73210,10140551750,29,17,3651225
zn2203,20220218,20220218,133823500,13:38:24,25180,80763,73210,10140929450,3,0,377700
zn2203,20220218,20220218,133824000,13:38:24,25180,80802,73203,10145838950,39,-7,4909500
zn2203,20220218,20220218,133824500,13:38:28,25180,80804,73203,10146090750,2,0,251800
zn2203,20220218,20220218,133825000,13:38:41,25180,80809,73204,10146720250,5,1,629500
zn2203,20220218,20220218,133825500,13:38:41,25180,80809,73204,10146720250,0,0,0
zn2203,20220218,20220218,133839000,13:38:43,25180,80809,73204,10146720250,0,0,0
zn2203,20220218,20220218,133841000,13:38:43,25185,80842,73194,10150875600,33,-10,4155350
zn2203,20220218,20220218,133841500,13:38:43,25185,80842,73194,10150875600,0,0,0
zn2203,20220218,20220218,133843000,13:38:43,25185,80842,73194,10150875600,0,0,0
zn2203,20220218,20220218,133845000,13:38:45,25180,80843,73194,10151001500,1,0,125900
zn2203,20220218,20220218,133849500,13:38:49,25180,80853,73204,10152260500,10,10,1259000
zn2203,20220218,20220218,133851000,13:38:51,25180,80856,73207,10152638200,3,3,377700
zn2203,20220218,20220218,133852500,13:38:52,25180,80856,73207,10152638200,0,0,0
zn2203,20220218,20220218,133855000,13:38:55,25180,80857,73207,10152764100,1,0,125900
zn2203,20220218,20220218,133856500,13:38:56,25180,80857,73207,10152764100,0,0,0
zn2203,20220218,20220218,133858000,13:38:58,25180,80858,73207,10152890000,1,0,125900
zn2203,20220218,20220218,133900500,13:39:01,25180,80858,73207,10152890000,0,0,0
zn2203,20220218,20220218,133901500,13:39:01,25180,80858,73207,10152890000,0,0,0
zn2203,20220218,20220218,133902000,13:39:02,25180,80858,73207,10152890000,0,0,0
zn2203,20220218,20220218,133907000,13:39:07,25180,80858,73207,10152890000,0,0,0
zn2203,20220218,20220218,133910500,13:39:10,25180,80858,73207,10152890000,0,0,0
zn2203,20220218,20220218,133912000,13:39:12,25180,80858,73207,10152890000,0,0,0
zn2203,20220218,20220218,133913500,13:39:13,25180,80858,73207,10152890000,0,0,0
zn2203,20220218,20220218,133914000,13:39:14,25180,80863,73206,10153519500,5,-1,629500
zn2203,20220218,20220218,133914500,13:39:15,25180,80877,73209,10155282100,14,3,1762600
zn2203,20220218,20220218,133916000,13:39:19,25175,80879,73208,10155533875,2,-1,251775
zn2203,20220218,20220218,133916500,13:39:19,25175,80879,73208,10155533875,0,0,0
zn2203,20220218,20220218,133919000,13:39:19,25175,80879,73208,10155533875,0,0,0
zn2203,20220218,20220218,133925000,13:39:25,25175,80879,73208,10155533875,0,0,0
zn2203,20220218,20220218,133925500,13:39:26,25175,80879,73208,10155533875,0,0,0
zn2203,20220218,20220218,133935500,13:39:35,25175,80879,73208,10155533875,0,0,0
zn2203,20220218,20220218,133937500,13:39:37,25175,80879,73208,10155533875,0,0,0
zn2203,20220218,20220218,133938500,13:39:38,25175,80903,73214,10158554875,24,6,3021000
zn2203,20220218,20220218,133939000,13:39:39,25170,80904,73213,10158680725,1,-1,125850
zn2203,20220218,20220218,133940000,13:39:40,25170,80904,73213,10158680725,0,0,0
zn2203,20220218,20220218,133940500,13:39:41,25170,80904,73213,10158680725,0,0,0
zn2203,20220218,20220218,133942000,13:39:42,25170,80904,73213,10158680725,0,0,0
zn2203,20220218,20220218,133944000,13:39:44,25170,80904,73213,10158680725,0,0,0
zn2203,20220218,20220218,133945000,13:39:45,25170,80904,73213,10158680725,0,0,0
zn2203,20220218,20220218,133945500,13:39:46,25170,80904,73213,10158680725,0,0,0
zn2203,20220218,20220218,133946000,13:39:46,25170,80906,73214,10158932450,2,1,251725
zn2203,20220218,20220218,133946500,13:39:47,25170,80906,73214,10158932450,0,0,0
zn2203,20220218,20220218,133947000,13:39:47,25170,80906,73214,10158932450,0,0,0
zn2203,20220218,20220218,133947500,13:39:47,25175,80917,73215,10160317075,11,1,1384625
zn2203,20220218,20220218,133948000,13:39:48,25175,80917,73215,10160317075,0,0,0
zn2203,20220218,20220218,133948500,13:39:48,25175,80920,73212,10160694700,3,-3,377625
zn2203,20220218,20220218,133949000,13:39:49,25175,80921,73212,10160820575,1,0,125875
zn2203,20220218,20220218,133949500,13:39:50,25175,80921,73212,10160820575,0,0,0
zn2203,20220218,20220218,133950000,13:39:50,25175,80921,73212,10160820575,0,0,0
zn2203,20220218,20220218,133951500,13:39:51,25175,80921,73212,10160820575,0,0,0
zn2203,20220218,20220218,133952000,13:39:52,25175,80921,73212,10160820575,0,0,0
zn2203,20220218,20220218,133952500,13:39:53,25175,80925,73216,10161324075,4,4,503500
zn2203,20220218,20220218,133953000,13:39:53,25175,80929,73213,10161827575,4,-3,503500
zn2203,20220218,20220218,133953500,13:39:54,25175,80933,73214,10162331075,4,1,503500
zn2203,20220218,20220218,133954000,13:39:54,25170,80951,73226,10164596450,18,12,2265375
zn2203,20220218,20220218,133954500,13:39:55,25170,80951,73226,10164596450,0,0,0
zn2203,20220218,20220218,133955000,13:39:55,25170,80951,73226,10164596450,0,0,0
zn2203,20220218,20220218,133955500,13:39:55,25175,80959,73222,10165603450,8,-4,1007000
zn2203,20220218,20220218,133956000,13:39:56,25175,80959,73222,10165603450,0,0,0
zn2203,20220218,20220218,133956500,13:39:57,25175,80959,73222,10165603450,0,0,0
zn2203,20220218,20220218,133957000,13:39:57,25175,80959,73222,10165603450,0,0,0
zn2203,20220218,20220218,133957500,13:40:05,25175,80959,73222,10165603450,0,0,0
zn2203,20220218,20220218,133958000,13:40:13,25175,80960,73222,10165729325,1,0,125875
zn2203,20220218,20220218,133958500,13:40:13,25175,80961,73222,10165855200,1,0,125875
zn2203,20220218,20220218,134012000,13:40:13,25175,80961,73222,10165855200,0,0,0
zn2203,20220218,20220218,134014500,13:40:15,25175,80961,73222,10165855200,0,0,0
zn2203,20220218,20220218,134015000,13:40:16,25175,80961,73222,10165855200,0,0,0
zn2203,20220218,20220218,134017500,13:40:18,25175,80994,73228,10170009100,33,6,4153900
zn2203,20220218,20220218,134018000,13:40:19,25175,80994,73228,10170009100,0,0,0
zn2203,20220218,20220218,134018500,13:40:19,25175,80994,73228,10170009100,0,0,0
zn2203,20220218,20220218,134019000,13:40:19,25175,80994,73228,10170009100,0,0,0
zn2203,20220218,20220218,134020000,13:40:20,25180,80999,73228,10170638600,5,0,629500
zn2203,20220218,20220218,134020500,13:40:21,25180,80999,73228,10170638600,0,0,0
zn2203,20220218,20220218,134021000,13:40:21,25180,80999,73228,10170638600,0,0,0
zn2203,20220218,20220218,134021500,13:40:22,25175,81000,73228,10170764475,1,0,125875
zn2203,20220218,20220218,134022000,13:40:22,25175,81000,73228,10170764475,0,0,0
zn2203,20220218,20220218,134022500,13:40:22,25180,81032,73242,10174793275,32,14,4028800
zn2203,20220218,20220218,134023000,13:40:23,25180,81034,73241,10175045075,2,-1,251800
zn2203,20220218,20220218,134023500,13:40:23,25180,81034,73241,10175045075,0,0,0
zn2203,20220218,20220218,134024000,13:40:24,25180,81034,73241,10175045075,0,0,0
zn2203,20220218,20220218,134024500,13:40:25,25180,81034,73241,10175045075,0,0,0
zn2203,20220218,20220218,134025500,13:40:25,25180,81044,73237,10176304075,10,-4,1259000
zn2203,20220218,20220218,134026000,13:40:26,25180,81053,73228,10177437175,9,-9,1133100
zn2203,20220218,20220218,134026500,13:40:27,25175,81080,73217,10180836100,27,-11,3398925
zn2203,20220218,20220218,134027000,13:40:27,25180,81132,73186,10187381750,52,-31,6545650
zn2203,20220218,20220218,134027500,13:40:27,25175,81141,73186,10188514800,9,0,1133050
zn2203,20220218,20220218,134028000,13:40:28,25175,81149,73187,10189521800,8,1,1007000
zn2203,20220218,20220218,134028500,13:40:29,25175,81152,73188,10189899425,3,1,377625
zn2203,20220218,20220218,134029000,13:40:30,25175,81157,73185,10190528800,5,-3,629375
zn2203,20220218,20220218,134029500,13:40:30,25175,81158,73186,10190654675,1,1,125875
zn2203,20220218,20220218,134030000,13:40:30,25175,81158,73186,10190654675,0,0,0
zn2203,20220218,20220218,134030500,13:40:30,25175,81158,73186,10190654675,0,0,0
zn2203,20220218,20220218,134031000,13:40:31,25170,81173,73195,10192542425,15,9,1887750
zn2203,20220218,20220218,134031500,13:40:31,25170,81178,73199,10193171675,5,4,629250
zn2203,20220218,20220218,134032000,13:40:32,25170,81189,73196,10194556025,11,-3,1384350
zn2203,20220218,20220218,134032500,13:40:32,25170,81189,73196,10194556025,0,0,0
zn2203,20220218,20220218,134033000,13:40:33,25175,81190,73197,10194681900,1,1,125875
zn2203,20220218,20220218,134033500,13:40:34,25175,81190,73197,10194681900,0,0,0
zn2203,20220218,20220218,134035500,13:40:36,25175,81190,73197,10194681900,0,0,0
zn2203,20220218,20220218,134037000,13:40:37,25175,81190,73197,10194681900,0,0,0
zn2203,20220218,20220218,134037500,13:40:37,25175,81190,73197,10194681900,0,0,0
zn2203,20220218,20220218,134041500,13:40:42,25175,81190,73197,10194681900,0,0,0
zn2203,20220218,20220218,134042500,13:40:42,25175,81192,73197,10194933650,2,0,251750
zn2203,20220218,20220218,134043000,13:40:43,25175,81192,73197,10194933650,0,0,0
zn2203,20220218,20220218,134044000,13:40:44,25175,81192,73197,10194933650,0,0,0
zn2203,20220218,20220218,134048000,13:40:48,25175,81192,73197,10194933650,0,0,0
zn2203,20220218,20220218,134048500,13:40:48,25170,81194,73197,10195185350,2,0,251700
zn2203,20220218,20220218,134049000,13:40:49,25170,81194,73197,10195185350,0,0,0
zn2203,20220218,20220218,134049500,13:40:49,25170,81194,73197,10195185350,0,0,0
zn2203,20220218,20220218,134050000,13:40:50,25170,81194,73197,10195185350,0,0,0
zn2203,20220218,20220218,134050500,13:40:50,25170,81194,73197,10195185350,0,0,0
zn2203,20220218,20220218,134051000,13:40:51,25170,81194,73197,10195185350,0,0,0
zn2203,20220218,20220218,134055000,13:40:57,25170,81194,73197,10195185350,0,0,0
zn2203,20220218,20220218,134055500,13:40:57,25170,81195,73197,10195311200,1,0,125850
zn2203,20220218,20220218,134057500,13:40:58,25170,81195,73197,10195311200,0,0,0
zn2203,20220218,20220218,134102500,13:41:02,25170,81195,73197,10195311200,0,0,0
zn2203,20220218,20220218,134107000,13:41:07,25175,81210,73200,10197199325,15,3,1888125
zn2203,20220218,20220218,134107500,13:41:09,25175,81210,73200,10197199325,0,0,0
zn2203,20220218,20220218,134108000,13:41:09,25175,81212,73200,10197451075,2,0,251750
zn2203,20220218,20220218,134108500,13:41:10,25175,81212,73200,10197451075,0,0,0
zn2203,20220218,20220218,134109000,13:41:10,25175,81212,73200,10197451075,0,0,0
zn2203,20220218,20220218,134109500,13:41:10,25175,81212,73200,10197451075,0,0,0
zn2203,20220218,20220218,134112000,13:41:12,25175,81212,73200,10197451075,0,0,0
zn2203,20220218,20220218,134112500,13:41:12,25175,81212,73200,10197451075,0,0,0
zn2203,20220218,20220218,134113000,13:41:13,25175,81225,73197,10199087450,13,-3,1636375
zn2203,20220218,20220218,134113500,13:41:13,25175,81231,73196,10199842700,6,-1,755250
zn2203,20220218,20220218,134114000,13:41:14,25175,81254,73195,10202737825,23,-1,2895125
zn2203,20220218,20220218,134114500,13:41:15,25175,81259,73194,10203367200,5,-1,629375
zn2203,20220218,20220218,134115000,13:41:16,25175,81259,73194,10203367200,0,0,0
zn2203,20220218,20220218,134115500,13:41:16,25175,81259,73194,10203367200,0,0,0
zn2203,20220218,20220218,134116000,13:41:16,25175,81260,73194,10203493075,1,0,125875
zn2203,20220218,20220218,134117000,13:41:17,25175,81260,73194,10203493075,0,0,0
zn2203,20220218,20220218,134117500,13:41:18,25170,81261,73194,10203618925,1,0,125850
zn2203,20220218,20220218,134118000,13:41:19,25170,81261,73194,10203618925,0,0,0
zn2203,20220218,20220218,134119500,13:41:19,25170,81262,73194,10203744775,1,0,125850
zn2203,20220218,20220218,134121500,13:41:23,25175,81265,73192,10204122400,3,-2,377625
zn2203,20220218,20220218,134122000,13:41:24,25175,81267,73192,10204374150,2,0,251750
zn2203,20220218,20220218,134123000,13:41:24,25175,81267,73192,10204374150,0,0,0
zn2203,20220218,20220218,134124000,13:41:26,25175,81267,73192,10204374150,0,0,0
zn2203,20220218,20220218,134124500,13:41:26,25175,81267,73192,10204374150,0,0,0
zn2203,20220218,20220218,134126000,13:41:27,25175,81267,73192,10204374150,0,0,0
zn2203,20220218,20220218,134127500,13:41:27,25175,81267,73192,10204374150,0,0,0
zn2203,20220218,20220218,134128000,13:41:28,25175,81267,73192,10204374150,0,0,0
zn2203,20220218,20220218,134129500,13:41:30,25175,81267,73192,10204374150,0,0,0
zn2203,20220218,20220218,134131000,13:41:31,25175,81267,73192,10204374150,0,0,0
zn2203,20220218,20220218,134132500,13:41:33,25175,81267,73192,10204374150,0,0,0
zn2203,20220218,20220218,134133500,13:41:34,25175,81267,73192,10204374150,0,0,0
zn2203,20220218,20220218,134134000,13:41:34,25180,81268,73193,10204500050,1,1,125900
zn2203,20220218,20220218,134134500,13:41:34,25180,81268,73193,10204500050,0,0,0
zn2203,20220218,20220218,134135500,13:41:35,25180,81268,73193,10204500050,0,0,0
zn2203,20220218,20220218,134138000,13:41:42,25180,81268,73193,10204500050,0,0,0
zn2203,20220218,20220218,134142500,13:41:42,25180,81268,73193,10204500050,0,0,0
zn2203,20220218,20220218,134143000,13:41:43,25180,81268,73193,10204500050,0,0,0
zn2203,20220218,20220218,134143500,13:41:44,25180,81268,73193,10204500050,0,0,0
zn2203,20220218,20220218,134144000,13:41:44,25180,81269,73193,10204625950,1,0,125900
zn2203,20220218,20220218,134144500,13:41:44,25180,81269,73193,10204625950,0,0,0
zn2203,20220218,20220218,134145000,13:41:45,25180,81269,73193,10204625950,0,0,0
zn2203,20220218,20220218,134148000,13:41:48,25180,81269,73193,10204625950,0,0,0
zn2203,20220218,20220218,134148500,13:41:48,25180,81272,73190,10205003650,3,-3,377700
zn2203,20220218,20220218,134149000,13:41:49,25180,81272,73190,10205003650,0,0,0
zn2203,20220218,20220218,134153000,13:41:53,25180,81272,73190,10205003650,0,0,0
zn2203,20220218,20220218,134200500,13:42:11,25180,81272,73190,10205003650,0,0,0
zn2203,20220218,20220218,134209500,13:42:12,25180,81272,73190,10205003650,0,0,0
zn2203,20220218,20220218,134212000,13:42:13,25180,81272,73190,10205003650,0,0,0
zn2203,20220218,20220218,134213000,13:42:13,25180,81315,73184,10210416600,43,-6,5412950
zn2203,20220218,20220218,134213500,13:42:13,25180,81315,73184,10210416600,0,0,0
zn2203,20220218,20220218,134214000,13:42:14,25180,81315,73184,10210416600,0,0,0
zn2203,20220218,20220218,134214500,13:42:15,25180,81315,73184,10210416600,0,0,0
zn2203,20220218,20220218,134215000,13:42:15,25180,81315,73184,10210416600,0,0,0
zn2203,20220218,20220218,134216500,13:42:17,25180,81321,73184,10211172000,6,0,755400
zn2203,20220218,20220218,134217000,13:42:18,25180,81321,73184,10211172000,0,0,0
zn2203,20220218,20220218,134217500,13:42:19,25180,81322,73184,10211297900,1,0,125900
zn2203,20220218,20220218,134218000,13:42:20,25180,81325,73184,10211675600,3,0,377700
zn2203,20220218,20220218,134220500,13:42:21,25180,81325,73184,10211675600,0,0,0
zn2203,20220218,20220218,134221000,13:42:21,25175,81326,73185,10211801475,1,1,125875
zn2203,20220218,20220218,134222500,13:42:22,25175,81326,73185,10211801475,0,0,0
zn2203,20220218,20220218,134223500,13:42:24,25175,81326,73185,10211801475,0,0,0
zn2203,20220218,20220218,134224500,13:42:25,25175,81326,73185,10211801475,0,0,0
zn2203,20220218,20220218,134225000,13:42:25,25175,81326,73185,10211801475,0,0,0
zn2203,20220218,20220218,134225500,13:42:25,25175,81326,73185,10211801475,0,0,0
zn2203,20220218,20220218,134226500,13:42:27,25175,81326,73185,10211801475,0,0,0
zn2203,20220218,20220218,134227500,13:42:28,25175,81326,73185,10211801475,0,0,0
zn2203,20220218,20220218,134228000,13:42:29,25175,81326,73185,10211801475,0,0,0
zn2203,20220218,20220218,134239500,13:42:39,25175,81326,73185,10211801475,0,0,0
zn2203,20220218,20220218,134255000,13:42:55,25175,81326,73185,10211801475,0,0,0
zn2203,20220218,20220218,134255500,13:42:55,25175,81326,73185,10211801475,0,0,0
zn2203,20220218,20220218,134256000,13:42:56,25175,81326,73185,10211801475,0,0,0
zn2203,20220218,20220218,134256500,13:42:57,25175,81326,73185,10211801475,0,0,0
zn2203,20220218,20220218,134257000,13:42:59,25175,81335,73180,10212934525,9,-5,1133050
zn2203,20220218,20220218,134300000,13:43:01,25175,81336,73180,10213060400,1,0,125875
zn2203,20220218,20220218,134300500,13:43:02,25175,81380,73183,10218598900,44,3,5538500
zn2203,20220218,20220218,134301000,13:43:02,25175,81380,73183,10218598900,0,0,0
zn2203,20220218,20220218,134301500,13:43:02,25175,81385,73185,10219228275,5,2,629375
zn2203,20220218,20220218,134302000,13:43:02,25175,81389,73185,10219731775,4,0,503500
zn2203,20220218,20220218,134302500,13:43:02,25175,81389,73185,10219731775,0,0,0
zn2203,20220218,20220218,134303000,13:43:05,25175,81392,73184,10220109400,3,-1,377625
zn2203,20220218,20220218,134303500,13:43:11,25175,81394,73184,10220361150,2,0,251750
zn2203,20220218,20220218,134304000,13:43:11,25175,81401,73181,10221242275,7,-3,881125
zn2203,20220218,20220218,134305000,13:43:12,25175,81401,73181,10221242275,0,0,0
zn2203,20220218,20220218,134310500,13:43:13,25175,81401,73181,10221242275,0,0,0
zn2203,20220218,20220218,134311000,13:43:13,25170,81429,73194,10224766075,28,13,3523800
zn2203,20220218,20220218,134312500,13:43:14,25170,81433,73191,10225269475,4,-3,503400
zn2203,20220218,20220218,134313000,13:43:14,25170,81437,73189,10225772875,4,-2,503400
zn2203,20220218,20220218,134314000,13:43:14,25170,81442,73194,10226402125,5,5,629250
zn2203,20220218,20220218,134314500,13:43:15,25165,81443,73194,10226527950,1,0,125825
zn2203,20220218,20220218,134315000,13:43:15,25160,81475,73197,10230554200,32,3,4026250
zn2203,20220218,20220218,134315500,13:43:15,25165,81480,73202,10231183325,5,5,629125
zn2203,20220218,20220218,134316000,13:43:16,25165,81480,73202,10231183325,0,0,0
