zn2205,20220218,20220218,112003000,11:20:04,25145,15914,46812,1999344650,15914,2006,1999344650
zn2205,20220218,20220218,112004500,11:20:10,25160,15916,46813,1999596200,2,1,251550
zn2205,20220218,20220218,112005000,11:20:10,25160,15916,46813,1999596200,0,0,0
zn2205,20220218,20220218,112006000,11:20:10,25150,15918,46813,1999847700,2,0,251500
zn2205,20220218,20220218,112007000,11:20:10,25150,15918,46813,1999847700,0,0,0
zn2205,20220218,20220218,112007500,11:20:10,25150,15918,46813,1999847700,0,0,0
zn2205,20220218,20220218,112010500,11:20:10,25150,15918,46813,1999847700,0,0,0
zn2205,20220218,20220218,112012500,11:20:12,25150,15918,46813,1999847700,0,0,0
zn2205,20220218,20220218,112019000,11:20:19,25150,15918,46813,1999847700,0,0,0
zn2205,20220218,20220218,112019500,11:20:20,25150,15918,46813,1999847700,0,0,0
zn2205,20220218,20220218,112020000,11:20:20,25150,15918,46813,1999847700,0,0,0
zn2205,20220218,20220218,112020500,11:20:21,25150,15918,46813,1999847700,0,0,0
zn2205,20220218,20220218,112021500,11:20:21,25150,15918,46813,1999847700,0,0,0
zn2205,20220218,20220218,112022000,11:20:22,25150,15918,46813,1999847700,0,0,0
zn2205,20220218,20220218,112022500,11:20:23,25150,15918,46813,1999847700,0,0,0
zn2205,20220218,20220218,112027000,11:20:27,25150,15918,46813,1999847700,0,0,0
zn2205,20220218,20220218,112027500,11:20:28,25150,15918,46813,1999847700,0,0,0
zn2205,20220218,20220218,112028500,11:20:28,25155,15919,46814,1999973475,1,1,125775
zn2205,20220218,20220218,112030000,11:20:31,25150,15927,46817,2000979475,8,3,1006000
zn2205,20220218,20220218,112030500,11:20:31,25150,15927,46817,2000979475,0,0,0
zn2205,20220218,20220218,112031000,11:20:32,25150,15927,46817,2000979475,0,0,0
zn2205,20220218,20220218,112031500,11:20:32,25150,15927,46817,2000979475,0,0,0
zn2205,20220218,20220218,112032000,11:20:32,25150,15927,46817,2000979475,0,0,0
zn2205,20220218,20220218,112032500,11:20:32,25150,15927,46817,2000979475,0,0,0
zn2205,20220218,20220218,112033000,11:20:33,25150,15927,46817,2000979475,0,0,0
zn2205,20220218,20220218,112035000,11:20:35,25150,15927,46817,2000979475,0,0,0
zn2205,20220218,20220218,112038000,11:20:38,25145,15946,46808,2003368250,19,-9,2388775
zn2205,20220218,20220218,112038500,11:20:38,25145,15958,46808,2004876950,12,0,1508700
zn2205,20220218,20220218,112039000,11:20:39,25140,15964,46811,2005631275,6,3,754325
zn2205,20220218,20220218,112039500,11:20:40,25145,15966,46813,2005882725,2,2,251450
zn2205,20220218,20220218,112040000,11:20:40,25145,15966,46813,2005882725,0,0,0
zn2205,20220218,20220218,112040500,11:20:41,25145,15966,46813,2005882725,0,0,0
zn2205,20220218,20220218,112041000,11:20:41,25145,15966,46813,2005882725,0,0,0
zn2205,20220218,20220218,112043000,11:20:43,25145,15966,46813,2005882725,0,0,0
zn2205,20220218,20220218,112043500,11:20:44,25145,15966,46813,2005882725,0,0,0
zn2205,20220218,20220218,112047500,11:20:48,25145,15966,46813,2005882725,0,0,0
zn2205,20220218,20220218,112049500,11:20:50,25145,15966,46813,2005882725,0,0,0
zn2205,20220218,20220218,112050500,11:20:51,25145,15966,46813,2005882725,0,0,0
zn2205,20220218,20220218,112051000,11:20:51,25145,15966,46813,2005882725,0,0,0
zn2205,20220218,20220218,112051500,11:20:51,25145,15966,46813,2005882725,0,0,0
zn2205,20220218,20220218,112052000,11:20:52,25145,15966,46813,2005882725,0,0,0
zn2205,20220218,20220218,112052500,11:20:53,25150,15967,46814,2006008475,1,1,125750
zn2205,20220218,20220218,112054500,11:20:55,25150,15968,46815,2006134225,1,1,125750
zn2205,20220218,20220218,112055000,11:20:55,25150,15968,46815,2006134225,0,0,0
zn2205,20220218,20220218,112055500,11:20:56,25150,15968,46815,2006134225,0,0,0
zn2205,20220218,20220218,112056000,11:20:56,25150,15968,46815,2006134225,0,0,0
zn2205,20220218,20220218,112056500,11:20:56,25150,15968,46815,2006134225,0,0,0
zn2205,20220218,20220218,112057000,11:20:58,25150,15971,46816,2006511475,3,1,377250
zn2205,20220218,20220218,112057500,11:20:58,25150,15971,46816,2006511475,0,0,0
zn2205,20220218,20220218,112058000,11:20:58,25150,15971,46816,2006511475,0,0,0
zn2205,20220218,20220218,112059500,11:21:00,25150,15971,46816,2006511475,0,0,0
zn2205,20220218,20220218,112100000,11:21:00,25150,15971,46816,2006511475,0,0,0
zn2205,20220218,20220218,112100500,11:21:01,25150,15971,46816,2006511475,0,0,0
zn2205,20220218,20220218,112103000,11:21:03,25150,15971,46816,2006511475,0,0,0
zn2205,20220218,20220218,112103500,11:21:03,25150,15971,46816,2006511475,0,0,0
zn2205,20220218,20220218,112104000,11:21:04,25150,15971,46816,2006511475,0,0,0
zn2205,20220218,20220218,112104500,11:21:05,25150,15971,46816,2006511475,0,0,0
zn2205,20220218,20220218,112105000,11:21:05,25150,15971,46816,2006511475,0,0,0
zn2205,20220218,20220218,112105500,11:21:07,25150,15971,46816,2006511475,0,0,0
zn2205,20220218,20220218,112107000,11:21:09,25150,15971,46816,2006511475,0,0,0
zn2205,20220218,20220218,112107500,11:21:10,25150,15971,46816,2006511475,0,0,0
zn2205,20220218,20220218,112110000,11:21:11,25150,15971,46816,2006511475,0,0,0
zn2205,20220218,20220218,112116000,11:21:16,25150,15971,46816,2006511475,0,0,0
zn2205,20220218,20220218,112116500,11:21:16,25150,15971,46816,2006511475,0,0,0
zn2205,20220218,20220218,112117000,11:21:17,25150,15971,46816,2006511475,0,0,0
zn2205,20220218,20220218,112117500,11:21:18,25150,15971,46816,2006511475,0,0,0
zn2205,20220218,20220218,112118000,11:21:18,25150,15971,46816,2006511475,0,0,0
zn2205,20220218,20220218,112118500,11:21:18,25150,15971,46816,2006511475,0,0,0
zn2205,20220218,20220218,112119000,11:21:19,25150,15971,46816,2006511475,0,0,0
zn2205,20220218,20220218,112119500,11:21:19,25155,15972,46816,2006637250,1,0,125775
zn2205,20220218,20220218,112120000,11:21:20,25155,15972,46816,2006637250,0,0,0
zn2205,20220218,20220218,112120500,11:21:21,25155,15972,46816,2006637250,0,0,0
zn2205,20220218,20220218,112122000,11:21:22,25155,15972,46816,2006637250,0,0,0
zn2205,20220218,20220218,112123500,11:21:23,25155,15972,46816,2006637250,0,0,0
zn2205,20220218,20220218,112124000,11:21:24,25155,15972,46816,2006637250,0,0,0
zn2205,20220218,20220218,112124500,11:21:25,25155,15972,46816,2006637250,0,0,0
zn2205,20220218,20220218,112332500,11:23:33,25160,16109,46852,2023870875,137,36,17233625
zn2205,20220218,20220218,112333000,11:23:33,25160,16109,46852,2023870875,0,0,0
zn2205,20220218,20220218,112336500,11:23:38,25160,16109,46852,2023870875,0,0,0
zn2205,20220218,20220218,112340500,11:23:40,25160,16109,46852,2023870875,0,0,0
zn2205,20220218,20220218,112341000,11:23:41,25160,16109,46852,2023870875,0,0,0
zn2205,20220218,20220218,112343000,11:23:43,25160,16109,46852,2023870875,0,0,0
zn2205,20220218,20220218,112345500,11:23:48,25165,16110,46852,2023996700,1,0,125825
zn2205,20220218,20220218,112346000,11:23:48,25160,16114,46852,2024499900,4,0,503200
zn2205,20220218,20220218,112347500,11:23:48,25160,16115,46853,2024625700,1,1,125800
zn2205,20220218,20220218,112348500,11:23:49,25160,16115,46853,2024625700,0,0,0
zn2205,20220218,20220218,112350000,11:23:50,25160,16115,46853,2024625700,0,0,0
zn2205,20220218,20220218,112350500,11:23:50,25160,16115,46853,2024625700,0,0,0
zn2205,20220218,20220218,112351000,11:23:51,25160,16115,46853,2024625700,0,0,0
zn2205,20220218,20220218,112357500,11:23:57,25160,16115,46853,2024625700,0,0,0
zn2205,20220218,20220218,112358000,11:23:58,25160,16115,46853,2024625700,0,0,0
zn2205,20220218,20220218,112358500,11:23:58,25160,16115,46853,2024625700,0,0,0
zn2205,20220218,20220218,112400500,11:24:00,25160,16116,46854,2024751500,1,1,125800
zn2205,20220218,20220218,112401000,11:24:01,25160,16116,46854,2024751500,0,0,0
zn2205,20220218,20220218,112401500,11:24:01,25160,16116,46854,2024751500,0,0,0
zn2205,20220218,20220218,112402000,11:24:02,25160,16116,46854,2024751500,0,0,0
zn2205,20220218,20220218,112402500,11:24:02,25160,16116,46854,2024751500,0,0,0
zn2205,20220218,20220218,112403500,11:24:03,25160,16116,46854,2024751500,0,0,0
zn2205,20220218,20220218,112404000,11:24:04,25160,16116,46854,2024751500,0,0,0
zn2205,20220218,20220218,112404500,11:24:04,25165,16117,46855,2024877325,1,1,125825
zn2205,20220218,20220218,112405000,11:24:05,25165,16117,46855,2024877325,0,0,0
zn2205,20220218,20220218,112406000,11:24:06,25165,16117,46855,2024877325,0,0,0
zn2205,20220218,20220218,112406500,11:24:06,25165,16117,46855,2024877325,0,0,0
zn2205,20220218,20220218,112407000,11:24:07,25165,16117,46855,2024877325,0,0,0
zn2205,20220218,20220218,112408000,11:24:08,25165,16118,46856,2025003150,1,1,125825
zn2205,20220218,20220218,112409000,11:24:09,25165,16118,46856,2025003150,0,0,0
zn2205,20220218,20220218,112409500,11:24:11,25165,16118,46856,2025003150,0,0,0
zn2205,20220218,20220218,112412500,11:24:12,25165,16119,46857,2025128975,1,1,125825
zn2205,20220218,20220218,112416500,11:24:17,25165,16119,46857,2025128975,0,0,0
zn2205,20220218,20220218,112417000,11:24:17,25165,16119,46857,2025128975,0,0,0
zn2205,20220218,20220218,112417500,11:24:18,25165,16119,46857,2025128975,0,0,0
zn2205,20220218,20220218,112418000,11:24:18,25165,16120,46857,2025254800,1,0,125825
zn2205,20220218,20220218,112420500,11:24:20,25165,16120,46857,2025254800,0,0,0
zn2205,20220218,20220218,112424000,11:24:24,25165,16120,46857,2025254800,0,0,0
zn2205,20220218,20220218,112431500,11:24:31,25165,16120,46857,2025254800,0,0,0
zn2205,20220218,20220218,112434000,11:24:34,25165,16120,46857,2025254800,0,0,0
zn2205,20220218,20220218,112437500,11:24:37,25165,16121,46858,2025380625,1,1,125825
zn2205,20220218,20220218,112438000,11:24:39,25165,16121,46858,2025380625,0,0,0
zn2205,20220218,20220218,112439500,11:24:40,25160,16124,46859,2025758025,3,1,377400
zn2205,20220218,20220218,112440000,11:24:40,25160,16124,46859,2025758025,0,0,0
zn2205,20220218,20220218,112440500,11:24:40,25160,16124,46859,2025758025,0,0,0
zn2205,20220218,20220218,112441000,11:24:41,25160,16124,46859,2025758025,0,0,0
zn2205,20220218,20220218,112441500,11:24:41,25160,16124,46859,2025758025,0,0,0
zn2205,20220218,20220218,112443000,11:24:43,25160,16124,46859,2025758025,0,0,0
zn2205,20220218,20220218,112443500,11:24:43,25160,16124,46859,2025758025,0,0,0
zn2205,20220218,20220218,112444000,11:24:44,25160,16124,46859,2025758025,0,0,0
zn2205,20220218,20220218,112444500,11:24:44,25155,16126,46857,2026009575,2,-2,251550
zn2205,20220218,20220218,112445000,11:24:45,25155,16126,46857,2026009575,0,0,0
zn2205,20220218,20220218,112445500,11:24:45,25155,16127,46857,2026135350,1,0,125775
zn2205,20220218,20220218,112446000,11:24:46,25155,16127,46857,2026135350,0,0,0
zn2205,20220218,20220218,112447500,11:24:47,25155,16127,46857,2026135350,0,0,0
zn2205,20220218,20220218,112451000,11:24:51,25155,16127,46857,2026135350,0,0,0
zn2205,20220218,20220218,112502500,11:25:06,25160,16128,46857,2026261150,1,0,125800
zn2205,20220218,20220218,112503000,11:25:06,25160,16128,46857,2026261150,0,0,0
zn2205,20220218,20220218,112505000,11:25:06,25160,16128,46857,2026261150,0,0,0
zn2205,20220218,20220218,112505500,11:25:06,25160,16128,46857,2026261150,0,0,0
zn2205,20220218,20220218,112509500,11:25:09,25160,16128,46857,2026261150,0,0,0
zn2205,20220218,20220218,112518000,11:25:18,25160,16128,46857,2026261150,0,0,0
zn2205,20220218,20220218,112518500,11:25:19,25160,16128,46857,2026261150,0,0,0
zn2205,20220218,20220218,112519000,11:25:19,25160,16131,46857,2026638550,3,0,377400
zn2205,20220218,20220218,112519500,11:25:19,25160,16131,46857,2026638550,0,0,0
zn2205,20220218,20220218,112520000,11:25:20,25160,16131,46857,2026638550,0,0,0
zn2205,20220218,20220218,112524000,11:25:24,25160,16131,46857,2026638550,0,0,0
zn2205,20220218,20220218,112524500,11:25:25,25155,16135,46857,2027141650,4,0,503100
zn2205,20220218,20220218,112525000,11:25:25,25155,16137,46859,2027393200,2,2,251550
zn2205,20220218,20220218,112525500,11:25:26,25155,16137,46859,2027393200,0,0,0
zn2205,20220218,20220218,112526000,11:25:26,25155,16137,46859,2027393200,0,0,0
zn2205,20220218,20220218,112526500,11:25:27,25155,16137,46859,2027393200,0,0,0
zn2205,20220218,20220218,112527500,11:25:28,25155,16138,46859,2027518975,1,0,125775
zn2205,20220218,20220218,112530000,11:25:30,25155,16138,46859,2027518975,0,0,0
zn2205,20220218,20220218,112530500,11:25:31,25155,16138,46859,2027518975,0,0,0
zn2205,20220218,20220218,112533500,11:25:33,25155,16138,46859,2027518975,0,0,0
zn2205,20220218,20220218,112534000,11:25:34,25155,16138,46859,2027518975,0,0,0
zn2205,20220218,20220218,112534500,11:25:34,25155,16138,46859,2027518975,0,0,0
zn2205,20220218,20220218,112535000,11:25:36,25155,16138,46859,2027518975,0,0,0
zn2205,20220218,20220218,112535500,11:25:37,25155,16138,46859,2027518975,0,0,0
zn2205,20220218,20220218,112537500,11:25:38,25155,16138,46859,2027518975,0,0,0
zn2205,20220218,20220218,112546500,11:25:47,25155,16138,46859,2027518975,0,0,0
zn2205,20220218,20220218,112548500,11:25:48,25155,16138,46859,2027518975,0,0,0
zn2205,20220218,20220218,112549000,11:25:49,25150,16143,46860,2028147725,5,1,628750
zn2205,20220218,20220218,112549500,11:25:49,25150,16143,46860,2028147725,0,0,0
zn2205,20220218,20220218,112550000,11:25:50,25150,16143,46860,2028147725,0,0,0
zn2205,20220218,20220218,112550500,11:25:50,25150,16148,46860,2028776475,5,0,628750
zn2205,20220218,20220218,112551000,11:25:51,25150,16153,46860,2029405225,5,0,628750
zn2205,20220218,20220218,112551500,11:25:51,25150,16153,46860,2029405225,0,0,0
zn2205,20220218,20220218,112552000,11:25:52,25150,16158,46860,2030033975,5,0,628750
zn2205,20220218,20220218,112552500,11:25:52,25155,16159,46860,2030159750,1,0,125775
zn2205,20220218,20220218,112553000,11:25:53,25155,16159,46860,2030159750,0,0,0
zn2205,20220218,20220218,112553500,11:25:54,25155,16159,46860,2030159750,0,0,0
zn2205,20220218,20220218,112558500,11:25:59,25155,16159,46860,2030159750,0,0,0
zn2205,20220218,20220218,112559000,11:26:00,25155,16159,46860,2030159750,0,0,0
zn2205,20220218,20220218,112559500,11:26:00,25155,16159,46860,2030159750,0,0,0
zn2205,20220218,20220218,112601500,11:26:02,25150,16162,46860,2030537000,3,0,377250
zn2205,20220218,20220218,112602000,11:26:03,25150,16162,46860,2030537000,0,0,0
zn2205,20220218,20220218,112602500,11:26:03,25150,16162,46860,2030537000,0,0,0
zn2205,20220218,20220218,112603000,11:26:03,25150,16166,46858,2031040000,4,-2,503000
zn2205,20220218,20220218,112603500,11:26:03,25150,16166,46858,2031040000,0,0,0
zn2205,20220218,20220218,112605000,11:26:05,25150,16166,46858,2031040000,0,0,0
zn2205,20220218,20220218,112605500,11:26:05,25150,16167,46857,2031165750,1,-1,125750
zn2205,20220218,20220218,112606000,11:26:06,25150,16167,46857,2031165750,0,0,0
zn2205,20220218,20220218,112606500,11:26:07,25150,16167,46857,2031165750,0,0,0
zn2205,20220218,20220218,112607000,11:26:09,25150,16167,46857,2031165750,0,0,0
zn2205,20220218,20220218,112607500,11:26:09,25150,16167,46857,2031165750,0,0,0
zn2205,20220218,20220218,112608000,11:26:09,25150,16167,46857,2031165750,0,0,0
zn2205,20220218,20220218,112609000,11:26:10,25150,16167,46857,2031165750,0,0,0
zn2205,20220218,20220218,112609500,11:26:10,25150,16167,46857,2031165750,0,0,0
zn2205,20220218,20220218,112610000,11:26:10,25150,16167,46857,2031165750,0,0,0
zn2205,20220218,20220218,112610500,11:26:10,25150,16167,46857,2031165750,0,0,0
zn2205,20220218,20220218,112611500,11:26:13,25150,16168,46857,2031291500,1,0,125750
zn2205,20220218,20220218,112612000,11:26:14,25150,16168,46857,2031291500,0,0,0
zn2205,20220218,20220218,112612500,11:26:14,25150,16168,46857,2031291500,0,0,0
zn2205,20220218,20220218,112613000,11:26:15,25150,16168,46857,2031291500,0,0,0
zn2205,20220218,20220218,112616000,11:26:16,25150,16168,46857,2031291500,0,0,0
zn2205,20220218,20220218,112617500,11:26:17,25150,16169,46858,2031417250,1,1,125750
zn2205,20220218,20220218,112618000,11:26:18,25150,16169,46858,2031417250,0,0,0
zn2205,20220218,20220218,112619000,11:26:19,25150,16169,46858,2031417250,0,0,0
zn2205,20220218,20220218,112619500,11:26:20,25150,16169,46858,2031417250,0,0,0
zn2205,20220218,20220218,112620000,11:26:20,25150,16169,46858,2031417250,0,0,0
zn2205,20220218,20220218,112620500,11:26:20,25150,16170,46857,2031543000,1,-1,125750
zn2205,20220218,20220218,112621000,11:26:21,25150,16170,46857,2031543000,0,0,0
zn2205,20220218,20220218,112621500,11:26:21,25150,16170,46857,2031543000,0,0,0
zn2205,20220218,20220218,112622000,11:26:22,25150,16170,46857,2031543000,0,0,0
zn2205,20220218,20220218,112622500,11:26:22,25150,16170,46857,2031543000,0,0,0
zn2205,20220218,20220218,112623000,11:26:23,25150,16170,46857,2031543000,0,0,0
zn2205,20220218,20220218,112623500,11:26:23,25150,16170,46857,2031543000,0,0,0
zn2205,20220218,20220218,112624000,11:26:24,25150,16170,46857,2031543000,0,0,0
zn2205,20220218,20220218,112624500,11:26:24,25150,16170,46857,2031543000,0,0,0
zn2205,20220218,20220218,112625000,11:26:25,25150,16170,46857,2031543000,0,0,0
zn2205,20220218,20220218,112628000,11:26:28,25150,16170,46857,2031543000,0,0,0
zn2205,20220218,20220218,112631000,11:26:31,25150,16170,46857,2031543000,0,0,0
zn2205,20220218,20220218,112635500,11:26:37,25145,16174,46861,2032045900,4,4,502900
zn2205,20220218,20220218,112636000,11:26:38,25145,16174,46861,2032045900,0,0,0
zn2205,20220218,20220218,112637000,11:26:54,25145,16175,46860,2032171625,1,-1,125725
zn2205,20220218,20220218,112637500,11:26:54,25145,16175,46860,2032171625,0,0,0
zn2205,20220218,20220218,112638000,11:27:10,25145,16175,46860,2032171625,0,0,0
zn2205,20220218,20220218,112638500,11:27:10,25145,16175,46860,2032171625,0,0,0
zn2205,20220218,20220218,112653000,11:27:12,25145,16175,46860,2032171625,0,0,0
zn2205,20220218,20220218,112708500,11:27:12,25145,16175,46860,2032171625,0,0,0
zn2205,20220218,20220218,112711500,11:27:13,25145,16175,46860,2032171625,0,0,0
zn2205,20220218,20220218,112712500,11:27:13,25145,16175,46860,2032171625,0,0,0
zn2205,20220218,20220218,112713000,11:27:13,25145,16182,46859,2033051650,7,-1,880025
zn2205,20220218,20220218,112713500,11:27:14,25145,16182,46859,2033051650,0,0,0
zn2205,20220218,20220218,112714500,11:27:15,25145,16182,46859,2033051650,0,0,0
zn2205,20220218,20220218,112716000,11:27:16,25145,16182,46859,2033051650,0,0,0
zn2205,20220218,20220218,112719500,11:27:20,25145,16182,46859,2033051650,0,0,0
zn2205,20220218,20220218,112722500,11:27:22,25145,16182,46859,2033051650,0,0,0
zn2205,20220218,20220218,112723000,11:27:26,25145,16182,46859,2033051650,0,0,0
zn2205,20220218,20220218,112723500,11:27:27,25145,16182,46859,2033051650,0,0,0
zn2205,20220218,20220218,112726000,11:27:27,25145,16182,46859,2033051650,0,0,0
zn2205,20220218,20220218,112728500,11:27:28,25145,16182,46859,2033051650,0,0,0
zn2205,20220218,20220218,112731500,11:27:35,25150,16184,46859,2033303125,2,0,251475
zn2205,20220218,20220218,112732500,11:27:36,25150,16184,46859,2033303125,0,0,0
zn2205,20220218,20220218,112734500,11:27:36,25150,16184,46859,2033303125,0,0,0
zn2205,20220218,20220218,112744500,11:27:45,25150,16184,46859,2033303125,0,0,0
zn2205,20220218,20220218,112745000,11:27:45,25150,16184,46859,2033303125,0,0,0
zn2205,20220218,20220218,112745500,11:27:46,25150,16184,46859,2033303125,0,0,0
zn2205,20220218,20220218,112746000,11:27:46,25150,16184,46859,2033303125,0,0,0
zn2205,20220218,20220218,112746500,11:27:47,25150,16184,46859,2033303125,0,0,0
zn2205,20220218,20220218,112747000,11:27:47,25150,16184,46859,2033303125,0,0,0
zn2205,20220218,20220218,112747500,11:27:47,25150,16184,46859,2033303125,0,0,0
zn2205,20220218,20220218,112748000,11:27:49,25150,16184,46859,2033303125,0,0,0
zn2205,20220218,20220218,112748500,11:27:54,25145,16185,46858,2033428850,1,-1,125725
zn2205,20220218,20220218,112749000,11:27:54,25145,16185,46858,2033428850,0,0,0
zn2205,20220218,20220218,112749500,11:27:54,25145,16185,46858,2033428850,0,0,0
zn2205,20220218,20220218,112754000,11:27:54,25145,16185,46858,2033428850,0,0,0
zn2205,20220218,20220218,112754500,11:27:54,25145,16185,46858,2033428850,0,0,0
zn2205,20220218,20220218,112755000,11:27:55,25145,16185,46858,2033428850,0,0,0
zn2205,20220218,20220218,112756500,11:27:56,25150,16196,46857,2034811600,11,-1,1382750
zn2205,20220218,20220218,112757000,11:27:57,25150,16196,46857,2034811600,0,0,0
zn2205,20220218,20220218,112757500,11:27:57,25150,16196,46857,2034811600,0,0,0
zn2205,20220218,20220218,112758000,11:27:58,25150,16196,46857,2034811600,0,0,0
zn2205,20220218,20220218,112759000,11:27:59,25150,16196,46857,2034811600,0,0,0
zn2205,20220218,20220218,112759500,11:27:59,25145,16197,46857,2034937325,1,0,125725
zn2205,20220218,20220218,112800000,11:28:00,25145,16197,46857,2034937325,0,0,0
zn2205,20220218,20220218,112800500,11:28:01,25145,16197,46857,2034937325,0,0,0
zn2205,20220218,20220218,112801000,11:28:01,25145,16197,46857,2034937325,0,0,0
zn2205,20220218,20220218,112801500,11:28:02,25145,16197,46857,2034937325,0,0,0
zn2205,20220218,20220218,112802000,11:28:03,25145,16197,46857,2034937325,0,0,0
zn2205,20220218,20220218,112802500,11:28:03,25145,16197,46857,2034937325,0,0,0
zn2205,20220218,20220218,112803000,11:28:04,25145,16197,46857,2034937325,0,0,0
zn2205,20220218,20220218,112803500,11:28:04,25145,16197,46857,2034937325,0,0,0
zn2205,20220218,20220218,112804000,11:28:04,25145,16197,46857,2034937325,0,0,0
zn2205,20220218,20220218,112811000,11:28:12,25145,16197,46857,2034937325,0,0,0
zn2205,20220218,20220218,112811500,11:28:12,25145,16197,46857,2034937325,0,0,0
zn2205,20220218,20220218,112812000,11:28:13,25145,16197,46857,2034937325,0,0,0
zn2205,20220218,20220218,112813000,11:28:13,25145,16198,46856,2035063050,1,-1,125725
zn2205,20220218,20220218,112813500,11:28:14,25145,16199,46855,2035188775,1,-1,125725
zn2205,20220218,20220218,112814000,11:28:14,25145,16199,46855,2035188775,0,0,0
zn2205,20220218,20220218,112815500,11:28:15,25145,16199,46855,2035188775,0,0,0
zn2205,20220218,20220218,112817500,11:28:17,25145,16199,46855,2035188775,0,0,0
zn2205,20220218,20220218,112818000,11:28:18,25145,16199,46855,2035188775,0,0,0
zn2205,20220218,20220218,112820000,11:28:20,25145,16200,46854,2035314500,1,-1,125725
zn2205,20220218,20220218,112821500,11:28:22,25145,16201,46854,2035440225,1,0,125725
zn2205,20220218,20220218,112822000,11:28:22,25145,16201,46854,2035440225,0,0,0
zn2205,20220218,20220218,112822500,11:28:22,25145,16201,46854,2035440225,0,0,0
zn2205,20220218,20220218,112823500,11:28:23,25145,16201,46854,2035440225,0,0,0
zn2205,20220218,20220218,112824000,11:28:24,25145,16202,46853,2035565950,1,-1,125725
zn2205,20220218,20220218,112824500,11:28:24,25145,16202,46853,2035565950,0,0,0
zn2205,20220218,20220218,112825000,11:28:25,25145,16202,46853,2035565950,0,0,0
zn2205,20220218,20220218,112829000,11:28:29,25145,16203,46852,2035691675,1,-1,125725
zn2205,20220218,20220218,112829500,11:28:29,25145,16203,46852,2035691675,0,0,0
zn2205,20220218,20220218,112830000,11:28:30,25145,16203,46852,2035691675,0,0,0
zn2205,20220218,20220218,112830500,11:28:31,25145,16203,46852,2035691675,0,0,0
zn2205,20220218,20220218,112831000,11:28:31,25145,16203,46852,2035691675,0,0,0
zn2205,20220218,20220218,112831500,11:28:31,25145,16203,46852,2035691675,0,0,0
zn2205,20220218,20220218,112832000,11:28:32,25145,16203,46852,2035691675,0,0,0
zn2205,20220218,20220218,112832500,11:28:33,25145,16203,46852,2035691675,0,0,0
zn2205,20220218,20220218,112834000,11:28:34,25145,16203,46852,2035691675,0,0,0
zn2205,20220218,20220218,112834500,11:28:34,25145,16203,46852,2035691675,0,0,0
zn2205,20220218,20220218,112835000,11:28:35,25145,16204,46851,2035817400,1,-1,125725
zn2205,20220218,20220218,112835500,11:28:35,25145,16204,46851,2035817400,0,0,0
zn2205,20220218,20220218,112836000,11:28:37,25145,16204,46851,2035817400,0,0,0
zn2205,20220218,20220218,112838000,11:28:38,25145,16204,46851,2035817400,0,0,0
zn2205,20220218,20220218,112838500,11:28:38,25145,16204,46851,2035817400,0,0,0
zn2205,20220218,20220218,112841000,11:28:41,25145,16204,46851,2035817400,0,0,0
zn2205,20220218,20220218,112842000,11:28:42,25145,16204,46851,2035817400,0,0,0
zn2205,20220218,20220218,112843000,11:28:43,25145,16204,46851,2035817400,0,0,0
zn2205,20220218,20220218,112845500,11:28:46,25150,16205,46851,2035943150,1,0,125750
zn2205,20220218,20220218,112850500,11:28:50,25150,16206,46851,2036068900,1,0,125750
zn2205,20220218,20220218,112851000,11:28:51,25150,16206,46851,2036068900,0,0,0
zn2205,20220218,20220218,112852000,11:28:52,25150,16206,46851,2036068900,0,0,0
zn2205,20220218,20220218,112856500,11:28:56,25150,16206,46851,2036068900,0,0,0
zn2205,20220218,20220218,112857000,11:28:57,25150,16206,46851,2036068900,0,0,0
zn2205,20220218,20220218,112857500,11:28:58,25150,16206,46851,2036068900,0,0,0
zn2205,20220218,20220218,112858000,11:28:58,25150,16206,46851,2036068900,0,0,0
zn2205,20220218,20220218,112858500,11:28:59,25150,16206,46851,2036068900,0,0,0
zn2205,20220218,20220218,112859000,11:28:59,25150,16206,46851,2036068900,0,0,0
zn2205,20220218,20220218,112859500,11:29:00,25150,16206,46851,2036068900,0,0,0
zn2205,20220218,20220218,112900000,11:29:00,25150,16206,46851,2036068900,0,0,0
zn2205,20220218,20220218,112900500,11:29:01,25150,16206,46851,2036068900,0,0,0
zn2205,20220218,20220218,112901000,11:29:01,25150,16206,46851,2036068900,0,0,0
zn2205,20220218,20220218,112901500,11:29:01,25150,16206,46851,2036068900,0,0,0
zn2205,20220218,20220218,112903500,11:29:04,25150,16206,46851,2036068900,0,0,0
zn2205,20220218,20220218,112904000,11:29:04,25150,16206,46851,2036068900,0,0,0
zn2205,20220218,20220218,112905000,11:29:05,25150,16207,46852,2036194650,1,1,125750
zn2205,20220218,20220218,112905500,11:29:06,25150,16207,46852,2036194650,0,0,0
zn2205,20220218,20220218,112906000,11:29:06,25150,16207,46852,2036194650,0,0,0
zn2205,20220218,20220218,112906500,11:29:06,25150,16207,46852,2036194650,0,0,0
zn2205,20220218,20220218,112907500,11:29:08,25150,16207,46852,2036194650,0,0,0
zn2205,20220218,20220218,112908000,11:29:08,25150,16207,46852,2036194650,0,0,0
zn2205,20220218,20220218,112909000,11:29:09,25150,16207,46852,2036194650,0,0,0
zn2205,20220218,20220218,112909500,11:29:09,25150,16207,46852,2036194650,0,0,0
zn2205,20220218,20220218,112910000,11:29:10,25150,16207,46852,2036194650,0,0,0
zn2205,20220218,20220218,112910500,11:29:10,25155,16208,46852,2036320425,1,0,125775
zn2205,20220218,20220218,112911000,11:29:11,25155,16208,46852,2036320425,0,0,0
zn2205,20220218,20220218,112916000,11:29:16,25155,16208,46852,2036320425,0,0,0
zn2205,20220218,20220218,112918000,11:29:21,25155,16208,46852,2036320425,0,0,0
zn2205,20220218,20220218,112919500,11:29:22,25155,16208,46852,2036320425,0,0,0
zn2205,20220218,20220218,112924000,11:29:24,25155,16208,46852,2036320425,0,0,0
zn2205,20220218,20220218,112924500,11:29:24,25155,16208,46852,2036320425,0,0,0
zn2205,20220218,20220218,112929000,11:29:29,25150,16211,46849,2036697675,3,-3,377250
zn2205,20220218,20220218,112930500,11:29:30,25150,16211,46849,2036697675,0,0,0
zn2205,20220218,20220218,112931000,11:29:32,25150,16211,46849,2036697675,0,0,0
zn2205,20220218,20220218,112931500,11:29:32,25150,16211,46849,2036697675,0,0,0
zn2205,20220218,20220218,112932000,11:29:32,25150,16211,46849,2036697675,0,0,0
zn2205,20220218,20220218,112932500,11:29:36,25150,16211,46849,2036697675,0,0,0
zn2205,20220218,20220218,112933500,11:29:37,25150,16211,46849,2036697675,0,0,0
zn2205,20220218,20220218,112935500,11:29:38,25155,16212,46850,2036823450,1,1,125775
zn2205,20220218,20220218,112937500,11:29:38,25155,16212,46850,2036823450,0,0,0
zn2205,20220218,20220218,112942500,11:29:44,25155,16212,46850,2036823450,0,0,0
zn2205,20220218,20220218,112943000,11:29:45,25155,16212,46850,2036823450,0,0,0
zn2205,20220218,20220218,112943500,11:29:45,25155,16212,46850,2036823450,0,0,0
zn2205,20220218,20220218,112945500,11:29:46,25155,16212,46850,2036823450,0,0,0
zn2205,20220218,20220218,112946500,11:29:47,25155,16212,46850,2036823450,0,0,0
zn2205,20220218,20220218,112948500,11:29:49,25155,16212,46850,2036823450,0,0,0
zn2205,20220218,20220218,112950000,11:29:51,25155,16212,46850,2036823450,0,0,0
zn2205,20220218,20220218,112950500,11:29:51,25155,16219,46850,2037703875,7,0,880425
zn2205,20220218,20220218,112951500,11:29:52,25155,16219,46850,2037703875,0,0,0
zn2205,20220218,20220218,112952000,11:29:52,25155,16219,46850,2037703875,0,0,0
zn2205,20220218,20220218,112952500,11:29:53,25155,16219,46850,2037703875,0,0,0
zn2205,20220218,20220218,112955500,11:29:55,25155,16219,46850,2037703875,0,0,0
zn2205,20220218,20220218,112956000,11:29:56,25155,16219,46850,2037703875,0,0,0
zn2205,20220218,20220218,112956500,11:30:00,25155,16219,46850,2037703875,0,0,0
zn2205,20220218,20220218,112957000,11:30:01,25155,16219,46850,2037703875,0,0,0
zn2205,20220218,20220218,112957500,11:30:02,25155,16219,46850,2037703875,0,0,0
zn2205,20220218,20220218,112959500,11:30:03,25155,16219,46850,2037703875,0,0,0
zn2205,20220218,20220218,113000000,11:30:03,25155,16219,46850,2037703875,0,0,0
zn2205,20220218,20220218,113001500,11:30:03,25155,16219,46850,2037703875,0,0,0
zn2205,20220218,20220218,133002000,13:30:08,25165,16226,46854,2038584575,7,4,880700
zn2205,20220218,20220218,133002500,13:30:09,25170,16233,46853,2039465425,7,-1,880850
zn2205,20220218,20220218,133008500,13:30:10,25170,16233,46853,2039465425,0,0,0
zn2205,20220218,20220218,133009500,13:30:11,25170,16233,46853,2039465425,0,0,0
zn2205,20220218,20220218,133010000,13:30:11,25170,16233,46853,2039465425,0,0,0
zn2205,20220218,20220218,133010500,13:30:11,25165,16299,46837,2047771225,66,-16,8305800
zn2205,20220218,20220218,133011000,13:30:12,25165,16299,46837,2047771225,0,0,0
zn2205,20220218,20220218,133011500,13:30:13,25155,16311,46832,2049280750,12,-5,1509525
zn2205,20220218,20220218,133012500,13:30:13,25155,16321,46838,2050538500,10,6,1257750
zn2205,20220218,20220218,133013000,13:30:13,25160,16322,46838,2050664300,1,0,125800
zn2205,20220218,20220218,133013500,13:30:14,25160,16322,46838,2050664300,0,0,0
zn2205,20220218,20220218,133014000,13:30:15,25150,16323,46838,2050790050,1,0,125750
zn2205,20220218,20220218,133014500,13:30:16,25155,16328,46833,2051418925,5,-5,628875
zn2205,20220218,20220218,133015000,13:30:17,25155,16328,46833,2051418925,0,0,0
zn2205,20220218,20220218,133016500,13:30:18,25155,16328,46833,2051418925,0,0,0
zn2205,20220218,20220218,133017000,13:30:18,25155,16328,46833,2051418925,0,0,0
zn2205,20220218,20220218,133017500,13:30:19,25155,16328,46833,2051418925,0,0,0
zn2205,20220218,20220218,133018000,13:30:19,25155,16328,46833,2051418925,0,0,0
zn2205,20220218,20220218,133018500,13:30:20,25155,16328,46833,2051418925,0,0,0
zn2205,20220218,20220218,133019500,13:30:20,25155,16328,46833,2051418925,0,0,0
zn2205,20220218,20220218,133020000,13:30:21,25155,16328,46833,2051418925,0,0,0
zn2205,20220218,20220218,133020500,13:30:21,25155,16328,46833,2051418925,0,0,0
zn2205,20220218,20220218,133021000,13:30:21,25160,16331,46831,2051796325,3,-2,377400
zn2205,20220218,20220218,133021500,13:30:22,25160,16331,46831,2051796325,0,0,0
zn2205,20220218,20220218,133022000,13:30:38,25160,16331,46831,2051796325,0,0,0
zn2205,20220218,20220218,133022500,13:30:38,25160,16331,46831,2051796325,0,0,0
zn2205,20220218,20220218,133023000,13:30:38,25170,16334,46832,2052173875,3,1,377550
zn2205,20220218,20220218,133038000,13:30:41,25170,16334,46832,2052173875,0,0,0
zn2205,20220218,20220218,133038500,13:30:41,25170,16334,46832,2052173875,0,0,0
zn2205,20220218,20220218,133040500,13:30:43,25170,16334,46832,2052173875,0,0,0
zn2205,20220218,20220218,133041000,13:30:43,25185,16412,46827,2061993425,78,-5,9819550
zn2205,20220218,20220218,133041500,13:30:43,25185,16412,46827,2061993425,0,0,0
zn2205,20220218,20220218,133042500,13:30:44,25185,16412,46827,2061993425,0,0,0
zn2205,20220218,20220218,133043000,13:30:44,25185,16412,46827,2061993425,0,0,0
zn2205,20220218,20220218,133044500,13:30:46,25185,16412,46827,2061993425,0,0,0
zn2205,20220218,20220218,133045000,13:30:46,25185,16412,46827,2061993425,0,0,0
zn2205,20220218,20220218,133045500,13:30:46,25185,16412,46827,2061993425,0,0,0
zn2205,20220218,20220218,133046000,13:30:47,25185,16412,46827,2061993425,0,0,0
zn2205,20220218,20220218,133047000,13:30:47,25185,16412,46827,2061993425,0,0,0
zn2205,20220218,20220218,133047500,13:30:48,25180,16419,46831,2062874725,7,4,881300
zn2205,20220218,20220218,133048000,13:30:48,25180,16420,46832,2063000625,1,1,125900
zn2205,20220218,20220218,133048500,13:30:49,25180,16422,46834,2063252425,2,2,251800
zn2205,20220218,20220218,133049000,13:30:49,25180,16422,46834,2063252425,0,0,0
zn2205,20220218,20220218,133049500,13:30:50,25180,16423,46835,2063378325,1,1,125900
zn2205,20220218,20220218,133051000,13:30:52,25180,16423,46835,2063378325,0,0,0
zn2205,20220218,20220218,133051500,13:30:52,25180,16423,46835,2063378325,0,0,0
zn2205,20220218,20220218,133053500,13:30:54,25180,16423,46835,2063378325,0,0,0
zn2205,20220218,20220218,133054500,13:30:55,25180,16423,46835,2063378325,0,0,0
zn2205,20220218,20220218,133055000,13:30:55,25180,16425,46836,2063630100,2,1,251775
zn2205,20220218,20220218,133055500,13:30:56,25180,16425,46836,2063630100,0,0,0
zn2205,20220218,20220218,133056000,13:30:57,25180,16425,46836,2063630100,0,0,0
zn2205,20220218,20220218,133056500,13:30:57,25180,16430,46837,2064259600,5,1,629500
zn2205,20220218,20220218,133057000,13:30:58,25180,16430,46837,2064259600,0,0,0
zn2205,20220218,20220218,133058000,13:30:58,25180,16430,46837,2064259600,0,0,0
zn2205,20220218,20220218,133058500,13:30:59,25180,16430,46837,2064259600,0,0,0
zn2205,20220218,20220218,133059500,13:31:00,25180,16430,46837,2064259600,0,0,0
zn2205,20220218,20220218,133100500,13:31:00,25180,16431,46837,2064385500,1,0,125900
zn2205,20220218,20220218,133101000,13:31:01,25180,16431,46837,2064385500,0,0,0
zn2205,20220218,20220218,133101500,13:31:01,25180,16431,46837,2064385500,0,0,0
zn2205,20220218,20220218,133102000,13:31:02,25180,16431,46837,2064385500,0,0,0
zn2205,20220218,20220218,133102500,13:31:03,25180,16432,46836,2064511400,1,-1,125900
zn2205,20220218,20220218,133103000,13:31:03,25180,16432,46836,2064511400,0,0,0
zn2205,20220218,20220218,133103500,13:31:04,25180,16432,46836,2064511400,0,0,0
zn2205,20220218,20220218,133104000,13:31:06,25180,16432,46836,2064511400,0,0,0
zn2205,20220218,20220218,133104500,13:31:06,25180,16432,46836,2064511400,0,0,0
zn2205,20220218,20220218,133105500,13:31:08,25180,16432,46836,2064511400,0,0,0
zn2205,20220218,20220218,133106000,13:31:08,25180,16432,46836,2064511400,0,0,0
zn2205,20220218,20220218,133106500,13:31:09,25180,16432,46836,2064511400,0,0,0
zn2205,20220218,20220218,133108500,13:31:09,25180,16432,46836,2064511400,0,0,0
zn2205,20220218,20220218,133109000,13:31:09,25180,16432,46836,2064511400,0,0,0
zn2205,20220218,20220218,133110000,13:31:11,25180,16434,46836,2064763200,2,0,251800
zn2205,20220218,20220218,133110500,13:31:11,25180,16434,46836,2064763200,0,0,0
zn2205,20220218,20220218,133111000,13:31:11,25180,16434,46836,2064763200,0,0,0
zn2205,20220218,20220218,133112000,13:31:12,25180,16434,46836,2064763200,0,0,0
zn2205,20220218,20220218,133112500,13:31:13,25180,16434,46836,2064763200,0,0,0
zn2205,20220218,20220218,133113500,13:31:14,25180,16434,46836,2064763200,0,0,0
zn2205,20220218,20220218,133114500,13:31:15,25180,16440,46840,2065518475,6,4,755275
zn2205,20220218,20220218,133115000,13:31:15,25180,16440,46840,2065518475,0,0,0
zn2205,20220218,20220218,133115500,13:31:15,25180,16440,46840,2065518475,0,0,0
zn2205,20220218,20220218,133116000,13:31:16,25180,16440,46840,2065518475,0,0,0
zn2205,20220218,20220218,133117000,13:31:17,25180,16440,46840,2065518475,0,0,0
zn2205,20220218,20220218,133117500,13:31:18,25180,16441,46840,2065644375,1,0,125900
zn2205,20220218,20220218,133119500,13:31:20,25180,16441,46840,2065644375,0,0,0
zn2205,20220218,20220218,133120000,13:31:20,25180,16442,46840,2065770275,1,0,125900
zn2205,20220218,20220218,133120500,13:31:21,25180,16442,46840,2065770275,0,0,0
zn2205,20220218,20220218,133121500,13:31:22,25180,16442,46840,2065770275,0,0,0
zn2205,20220218,20220218,133122000,13:31:22,25180,16442,46840,2065770275,0,0,0
zn2205,20220218,20220218,133123000,13:31:25,25180,16442,46840,2065770275,0,0,0
zn2205,20220218,20220218,133156000,13:31:56,25180,16442,46840,2065770275,0,0,0
zn2205,20220218,20220218,133158000,13:31:58,25180,16442,46840,2065770275,0,0,0
zn2205,20220218,20220218,133158500,13:31:58,25180,16442,46840,2065770275,0,0,0
zn2205,20220218,20220218,133159500,13:32:00,25175,16451,46836,2066903150,9,-4,1132875
zn2205,20220218,20220218,133201000,13:32:01,25170,16479,46838,2070427900,28,2,3524750
zn2205,20220218,20220218,133201500,13:32:01,25175,16482,46835,2070805525,3,-3,377625
zn2205,20220218,20220218,133202000,13:32:03,25175,16482,46835,2070805525,0,0,0
zn2205,20220218,20220218,133202500,13:32:03,25175,16482,46835,2070805525,0,0,0
zn2205,20220218,20220218,133203000,13:32:04,25175,16482,46835,2070805525,0,0,0
zn2205,20220218,20220218,133203500,13:32:05,25175,16482,46835,2070805525,0,0,0
zn2205,20220218,20220218,133204000,13:32:05,25175,16482,46835,2070805525,0,0,0
zn2205,20220218,20220218,133205000,13:32:06,25175,16482,46835,2070805525,0,0,0
zn2205,20220218,20220218,133205500,13:32:06,25180,16483,46835,2070931425,1,0,125900
zn2205,20220218,20220218,133206000,13:32:06,25180,16483,46835,2070931425,0,0,0
zn2205,20220218,20220218,133207000,13:32:07,25180,16483,46835,2070931425,0,0,0
zn2205,20220218,20220218,133207500,13:32:07,25175,16484,46834,2071057300,1,-1,125875
zn2205,20220218,20220218,133208000,13:32:09,25175,16486,46834,2071309050,2,0,251750
zn2205,20220218,20220218,133208500,13:32:10,25175,16486,46834,2071309050,0,0,0
zn2205,20220218,20220218,133209000,13:32:10,25170,16492,46833,2072064150,6,-1,755100
zn2205,20220218,20220218,133209500,13:32:10,25170,16493,46832,2072190000,1,-1,125850
zn2205,20220218,20220218,133210000,13:32:10,25170,16493,46832,2072190000,0,0,0
zn2205,20220218,20220218,133210500,13:32:13,25170,16493,46832,2072190000,0,0,0
zn2205,20220218,20220218,133211000,13:32:14,25165,16503,46833,2073448250,10,1,1258250
zn2205,20220218,20220218,133213000,13:32:15,25165,16503,46833,2073448250,0,0,0
zn2205,20220218,20220218,133213500,13:32:15,25165,16503,46833,2073448250,0,0,0
zn2205,20220218,20220218,133214000,13:32:15,25165,16503,46833,2073448250,0,0,0
zn2205,20220218,20220218,133214500,13:32:16,25160,16506,46830,2073825675,3,-3,377425
zn2205,20220218,20220218,133215000,13:32:16,25160,16506,46830,2073825675,0,0,0
zn2205,20220218,20220218,133215500,13:32:16,25160,16506,46830,2073825675,0,0,0
zn2205,20220218,20220218,133216500,13:32:17,25160,16506,46830,2073825675,0,0,0
zn2205,20220218,20220218,133217000,13:32:17,25160,16511,46825,2074454750,5,-5,629075
zn2205,20220218,20220218,133217500,13:32:18,25160,16511,46825,2074454750,0,0,0
zn2205,20220218,20220218,133218000,13:32:18,25160,16511,46825,2074454750,0,0,0
zn2205,20220218,20220218,133218500,13:32:19,25160,16511,46825,2074454750,0,0,0
zn2205,20220218,20220218,133219000,13:32:19,25160,16511,46825,2074454750,0,0,0
zn2205,20220218,20220218,133219500,13:32:20,25160,16511,46825,2074454750,0,0,0
zn2205,20220218,20220218,133220000,13:32:20,25160,16511,46825,2074454750,0,0,0
zn2205,20220218,20220218,133220500,13:32:21,25165,16513,46825,2074706400,2,0,251650
zn2205,20220218,20220218,133221000,13:32:21,25165,16520,46828,2075587175,7,3,880775
zn2205,20220218,20220218,133221500,13:32:22,25160,16525,46832,2076216225,5,4,629050
zn2205,20220218,20220218,133222000,13:32:22,25160,16525,46832,2076216225,0,0,0
zn2205,20220218,20220218,133222500,13:32:23,25160,16525,46832,2076216225,0,0,0
zn2205,20220218,20220218,133223000,13:32:24,25160,16525,46832,2076216225,0,0,0
zn2205,20220218,20220218,133223500,13:32:24,25160,16525,46832,2076216225,0,0,0
zn2205,20220218,20220218,133224000,13:32:24,25160,16525,46832,2076216225,0,0,0
zn2205,20220218,20220218,133224500,13:32:24,25160,16525,46832,2076216225,0,0,0
zn2205,20220218,20220218,133225000,13:32:25,25160,16525,46832,2076216225,0,0,0
zn2205,20220218,20220218,133225500,13:32:25,25160,16525,46832,2076216225,0,0,0
zn2205,20220218,20220218,133227000,13:32:27,25160,16525,46832,2076216225,0,0,0
zn2205,20220218,20220218,133227500,13:32:28,25160,16525,46832,2076216225,0,0,0
zn2205,20220218,20220218,133228000,13:32:32,25160,16525,46832,2076216225,0,0,0
zn2205,20220218,20220218,133228500,13:32:32,25160,16525,46832,2076216225,0,0,0
zn2205,20220218,20220218,133232000,13:32:35,25160,16525,46832,2076216225,0,0,0
zn2205,20220218,20220218,133232500,13:32:35,25160,16525,46832,2076216225,0,0,0
zn2205,20220218,20220218,133236500,13:32:37,25160,16525,46832,2076216225,0,0,0
zn2205,20220218,20220218,133237000,13:32:37,25160,16525,46832,2076216225,0,0,0
zn2205,20220218,20220218,133239000,13:32:39,25160,16525,46832,2076216225,0,0,0
zn2205,20220218,20220218,133240500,13:32:40,25160,16525,46832,2076216225,0,0,0
zn2205,20220218,20220218,133244500,13:32:45,25160,16525,46832,2076216225,0,0,0
zn2205,20220218,20220218,133245000,13:32:45,25160,16525,46832,2076216225,0,0,0
zn2205,20220218,20220218,133246500,13:32:47,25160,16532,46835,2077096850,7,3,880625
zn2205,20220218,20220218,133247000,13:32:47,25160,16535,46834,2077474250,3,-1,377400
zn2205,20220218,20220218,133247500,13:32:48,25160,16535,46834,2077474250,0,0,0
zn2205,20220218,20220218,133248000,13:32:48,25160,16535,46834,2077474250,0,0,0
zn2205,20220218,20220218,133249000,13:32:49,25160,16535,46834,2077474250,0,0,0
zn2205,20220218,20220218,133251000,13:32:52,25160,16535,46834,2077474250,0,0,0
zn2205,20220218,20220218,133254500,13:32:55,25160,16536,46834,2077600050,1,0,125800
zn2205,20220218,20220218,133256500,13:32:56,25160,16536,46834,2077600050,0,0,0
zn2205,20220218,20220218,133257000,13:32:59,25160,16536,46834,2077600050,0,0,0
zn2205,20220218,20220218,133257500,13:33:00,25160,16536,46834,2077600050,0,0,0
zn2205,20220218,20220218,133258000,13:33:00,25160,16536,46834,2077600050,0,0,0
zn2205,20220218,20220218,133258500,13:33:00,25160,16537,46834,2077725850,1,0,125800
zn2205,20220218,20220218,133259500,13:33:01,25160,16537,46834,2077725850,0,0,0
zn2205,20220218,20220218,133300000,13:33:01,25160,16537,46834,2077725850,0,0,0
zn2205,20220218,20220218,133300500,13:33:01,25160,16537,46834,2077725850,0,0,0
zn2205,20220218,20220218,133302500,13:33:03,25160,16537,46834,2077725850,0,0,0
zn2205,20220218,20220218,133303000,13:33:03,25160,16537,46834,2077725850,0,0,0
zn2205,20220218,20220218,133305000,13:33:05,25160,16537,46834,2077725850,0,0,0
zn2205,20220218,20220218,133305500,13:33:05,25160,16539,46836,2077977450,2,2,251600
zn2205,20220218,20220218,133306000,13:33:06,25160,16539,46836,2077977450,0,0,0
zn2205,20220218,20220218,133306500,13:33:06,25160,16539,46836,2077977450,0,0,0
zn2205,20220218,20220218,133307500,13:33:08,25160,16539,46836,2077977450,0,0,0
zn2205,20220218,20220218,133308000,13:33:08,25160,16540,46836,2078103250,1,0,125800
zn2205,20220218,20220218,133309500,13:33:10,25160,16540,46836,2078103250,0,0,0
zn2205,20220218,20220218,133310000,13:33:11,25165,16545,46832,2078732375,5,-4,629125
zn2205,20220218,20220218,133310500,13:33:12,25165,16545,46832,2078732375,0,0,0
zn2205,20220218,20220218,133311500,13:33:14,25165,16545,46832,2078732375,0,0,0
zn2205,20220218,20220218,133312000,13:33:14,25165,16545,46832,2078732375,0,0,0
zn2205,20220218,20220218,133313000,13:33:15,25165,16545,46832,2078732375,0,0,0
zn2205,20220218,20220218,133314500,13:33:17,25165,16545,46832,2078732375,0,0,0
zn2205,20220218,20220218,133315000,13:33:18,25165,16545,46832,2078732375,0,0,0
zn2205,20220218,20220218,133315500,13:33:18,25165,16545,46832,2078732375,0,0,0
zn2205,20220218,20220218,133317000,13:33:19,25165,16545,46832,2078732375,0,0,0
zn2205,20220218,20220218,133317500,13:33:19,25165,16545,46832,2078732375,0,0,0
zn2205,20220218,20220218,133319500,13:33:20,25170,16546,46832,2078858225,1,0,125850
zn2205,20220218,20220218,133320000,13:33:21,25165,16547,46832,2078984050,1,0,125825
zn2205,20220218,20220218,133320500,13:33:21,25165,16547,46832,2078984050,0,0,0
zn2205,20220218,20220218,133322500,13:33:22,25165,16547,46832,2078984050,0,0,0
zn2205,20220218,20220218,133324000,13:33:24,25165,16547,46832,2078984050,0,0,0
zn2205,20220218,20220218,133324500,13:33:25,25165,16550,46833,2079361525,3,1,377475
zn2205,20220218,20220218,133325000,13:33:26,25165,16550,46833,2079361525,0,0,0
zn2205,20220218,20220218,133325500,13:33:27,25165,16550,46833,2079361525,0,0,0
zn2205,20220218,20220218,133332000,13:33:32,25165,16550,46833,2079361525,0,0,0
zn2205,20220218,20220218,133333500,13:33:33,25165,16550,46833,2079361525,0,0,0
zn2205,20220218,20220218,133334000,13:33:34,25165,16550,46833,2079361525,0,0,0
zn2205,20220218,20220218,133334500,13:33:34,25165,16550,46833,2079361525,0,0,0
zn2205,20220218,20220218,133335000,13:33:35,25165,16550,46833,2079361525,0,0,0
zn2205,20220218,20220218,133335500,13:33:35,25165,16550,46833,2079361525,0,0,0
zn2205,20220218,20220218,133336500,13:33:36,25165,16550,46833,2079361525,0,0,0
zn2205,20220218,20220218,133337500,13:33:37,25170,16566,46835,2081374975,16,2,2013450
zn2205,20220218,20220218,133338000,13:33:38,25170,16610,46869,2086912375,44,34,5537400
zn2205,20220218,20220218,133338500,13:33:39,25160,16615,46871,2087541375,5,2,629000
zn2205,20220218,20220218,133339000,13:33:39,25160,16615,46871,2087541375,0,0,0
zn2205,20220218,20220218,133339500,13:33:40,25160,16615,46871,2087541375,0,0,0
zn2205,20220218,20220218,133340000,13:33:40,25160,16615,46871,2087541375,0,0,0
zn2205,20220218,20220218,133340500,13:33:41,25160,16615,46871,2087541375,0,0,0
zn2205,20220218,20220218,133341000,13:33:41,25160,16615,46871,2087541375,0,0,0
zn2205,20220218,20220218,133341500,13:33:42,25160,16615,46871,2087541375,0,0,0
zn2205,20220218,20220218,133342500,13:33:42,25160,16615,46871,2087541375,0,0,0
zn2205,20220218,20220218,133343000,13:33:43,25160,16615,46871,2087541375,0,0,0
zn2205,20220218,20220218,133343500,13:33:44,25160,16615,46871,2087541375,0,0,0
zn2205,20220218,20220218,133344000,13:33:44,25160,16615,46871,2087541375,0,0,0
zn2205,20220218,20220218,133344500,13:33:45,25175,16616,46871,2087667250,1,0,125875
zn2205,20220218,20220218,133345000,13:33:45,25175,16616,46871,2087667250,0,0,0
zn2205,20220218,20220218,133346500,13:33:48,25175,16616,46871,2087667250,0,0,0
zn2205,20220218,20220218,133347000,13:33:48,25175,16616,46871,2087667250,0,0,0
zn2205,20220218,20220218,133347500,13:33:49,25175,16616,46871,2087667250,0,0,0
zn2205,20220218,20220218,133348000,13:33:49,25175,16616,46871,2087667250,0,0,0
zn2205,20220218,20220218,133354000,13:33:54,25175,16616,46871,2087667250,0,0,0
zn2205,20220218,20220218,133354500,13:33:54,25175,16616,46871,2087667250,0,0,0
zn2205,20220218,20220218,133355000,13:33:56,25175,16616,46871,2087667250,0,0,0
zn2205,20220218,20220218,133355500,13:33:56,25175,16616,46871,2087667250,0,0,0
zn2205,20220218,20220218,133356000,13:33:56,25175,16616,46871,2087667250,0,0,0
zn2205,20220218,20220218,133356500,13:33:57,25170,16617,46871,2087793100,1,0,125850
zn2205,20220218,20220218,133357000,13:33:57,25170,16617,46871,2087793100,0,0,0
zn2205,20220218,20220218,133357500,13:33:58,25170,16618,46872,2087918950,1,1,125850
zn2205,20220218,20220218,133358000,13:33:58,25170,16618,46872,2087918950,0,0,0
zn2205,20220218,20220218,133358500,13:33:58,25170,16618,46872,2087918950,0,0,0
zn2205,20220218,20220218,133359000,13:33:59,25170,16618,46872,2087918950,0,0,0
zn2205,20220218,20220218,133359500,13:33:59,25170,16618,46872,2087918950,0,0,0
zn2205,20220218,20220218,133400000,13:34:00,25170,16618,46872,2087918950,0,0,0
zn2205,20220218,20220218,133400500,13:34:00,25165,16619,46871,2088044775,1,-1,125825
zn2205,20220218,20220218,133401000,13:34:01,25165,16619,46871,2088044775,0,0,0
zn2205,20220218,20220218,133402500,13:34:10,25165,16619,46871,2088044775,0,0,0
zn2205,20220218,20220218,133403000,13:34:10,25165,16619,46871,2088044775,0,0,0
zn2205,20220218,20220218,133409000,13:34:12,25165,16619,46871,2088044775,0,0,0
zn2205,20220218,20220218,133410500,13:34:12,25170,16631,46879,2089554725,12,8,1509950
zn2205,20220218,20220218,133411000,13:34:12,25170,16632,46879,2089680575,1,0,125850
zn2205,20220218,20220218,133411500,13:34:12,25170,16636,46879,2090183975,4,0,503400
zn2205,20220218,20220218,133412000,13:34:12,25170,16636,46879,2090183975,0,0,0
zn2205,20220218,20220218,133412500,13:34:13,25170,16636,46879,2090183975,0,0,0
zn2205,20220218,20220218,133413000,13:34:13,25170,16636,46879,2090183975,0,0,0
zn2205,20220218,20220218,133413500,13:34:14,25170,16636,46879,2090183975,0,0,0
zn2205,20220218,20220218,133414000,13:34:14,25170,16636,46879,2090183975,0,0,0
zn2205,20220218,20220218,133415000,13:34:15,25170,16636,46879,2090183975,0,0,0
zn2205,20220218,20220218,133417000,13:34:17,25170,16636,46879,2090183975,0,0,0
zn2205,20220218,20220218,133420000,13:34:20,25170,16636,46879,2090183975,0,0,0
zn2205,20220218,20220218,133420500,13:34:21,25170,16636,46879,2090183975,0,0,0
zn2205,20220218,20220218,133421000,13:34:23,25170,16636,46879,2090183975,0,0,0
zn2205,20220218,20220218,133421500,13:34:23,25170,16636,46879,2090183975,0,0,0
zn2205,20220218,20220218,133422000,13:34:24,25170,16636,46879,2090183975,0,0,0
zn2205,20220218,20220218,133423500,13:34:24,25170,16640,46882,2090687375,4,3,503400
zn2205,20220218,20220218,133424000,13:34:24,25170,16644,46886,2091190775,4,4,503400
zn2205,20220218,20220218,133426500,13:34:26,25170,16644,46886,2091190775,0,0,0
zn2205,20220218,20220218,133427000,13:34:27,25170,16644,46886,2091190775,0,0,0
zn2205,20220218,20220218,133427500,13:34:27,25170,16644,46886,2091190775,0,0,0
zn2205,20220218,20220218,133428000,13:34:28,25170,16644,46886,2091190775,0,0,0
zn2205,20220218,20220218,133428500,13:34:29,25170,16644,46886,2091190775,0,0,0
zn2205,20220218,20220218,133430000,13:34:30,25170,16644,46886,2091190775,0,0,0
zn2205,20220218,20220218,133430500,13:34:30,25170,16644,46886,2091190775,0,0,0
zn2205,20220218,20220218,133432000,13:34:32,25170,16646,46888,2091442475,2,2,251700
zn2205,20220218,20220218,133432500,13:34:32,25170,16646,46888,2091442475,0,0,0
zn2205,20220218,20220218,133433000,13:34:33,25170,16646,46888,2091442475,0,0,0
zn2205,20220218,20220218,133433500,13:34:34,25175,16647,46889,2091568350,1,1,125875
zn2205,20220218,20220218,133434000,13:34:34,25175,16647,46889,2091568350,0,0,0
zn2205,20220218,20220218,133434500,13:34:35,25175,16647,46889,2091568350,0,0,0
zn2205,20220218,20220218,133435000,13:34:35,25175,16647,46889,2091568350,0,0,0
zn2205,20220218,20220218,133435500,13:34:36,25165,16652,46889,2092197475,5,0,629125
zn2205,20220218,20220218,133436000,13:34:36,25165,16654,46888,2092449125,2,-1,251650
zn2205,20220218,20220218,133436500,13:34:36,25165,16654,46888,2092449125,0,0,0
zn2205,20220218,20220218,133437000,13:34:37,25165,16654,46888,2092449125,0,0,0
zn2205,20220218,20220218,133437500,13:34:38,25165,16654,46888,2092449125,0,0,0
zn2205,20220218,20220218,133438000,13:34:38,25165,16654,46888,2092449125,0,0,0
zn2205,20220218,20220218,133439500,13:34:39,25165,16654,46888,2092449125,0,0,0
zn2205,20220218,20220218,133440000,13:34:40,25165,16654,46888,2092449125,0,0,0
zn2205,20220218,20220218,133440500,13:34:41,25165,16654,46888,2092449125,0,0,0
zn2205,20220218,20220218,133441000,13:34:41,25165,16654,46888,2092449125,0,0,0
zn2205,20220218,20220218,133441500,13:34:42,25165,16654,46888,2092449125,0,0,0
zn2205,20220218,20220218,133442500,13:34:44,25165,16654,46888,2092449125,0,0,0
zn2205,20220218,20220218,133443000,13:34:45,25165,16655,46887,2092574950,1,-1,125825
zn2205,20220218,20220218,133443500,13:34:45,25165,16655,46887,2092574950,0,0,0
zn2205,20220218,20220218,133444000,13:34:45,25160,16656,46888,2092700750,1,1,125800
zn2205,20220218,20220218,133445000,13:34:46,25160,16656,46888,2092700750,0,0,0
zn2205,20220218,20220218,133445500,13:34:46,25160,16656,46888,2092700750,0,0,0
zn2205,20220218,20220218,133446000,13:34:46,25160,16656,46888,2092700750,0,0,0
zn2205,20220218,20220218,133447500,13:34:47,25160,16656,46888,2092700750,0,0,0
zn2205,20220218,20220218,133448000,13:34:48,25160,16656,46888,2092700750,0,0,0
zn2205,20220218,20220218,133448500,13:34:49,25160,16656,46888,2092700750,0,0,0
zn2205,20220218,20220218,133449000,13:34:49,25160,16656,46888,2092700750,0,0,0
zn2205,20220218,20220218,133449500,13:34:49,25160,16656,46888,2092700750,0,0,0
zn2205,20220218,20220218,133450000,13:34:51,25160,16656,46888,2092700750,0,0,0
zn2205,20220218,20220218,133451500,13:34:51,25160,16656,46888,2092700750,0,0,0
zn2205,20220218,20220218,133452500,13:34:52,25160,16656,46888,2092700750,0,0,0
zn2205,20220218,20220218,133453000,13:34:53,25160,16656,46888,2092700750,0,0,0
zn2205,20220218,20220218,133453500,13:34:55,25160,16656,46888,2092700750,0,0,0
zn2205,20220218,20220218,133454500,13:34:56,25160,16656,46888,2092700750,0,0,0
zn2205,20220218,20220218,133455000,13:34:56,25160,16656,46888,2092700750,0,0,0
zn2205,20220218,20220218,133455500,13:34:56,25160,16656,46888,2092700750,0,0,0
zn2205,20220218,20220218,133456000,13:34:56,25165,16661,46889,2093329775,5,1,629025
zn2205,20220218,20220218,133456500,13:34:57,25165,16662,46889,2093455600,1,0,125825
zn2205,20220218,20220218,133457000,13:34:57,25165,16662,46889,2093455600,0,0,0
zn2205,20220218,20220218,133457500,13:34:58,25165,16662,46889,2093455600,0,0,0
zn2205,20220218,20220218,133458000,13:34:58,25165,16662,46889,2093455600,0,0,0
zn2205,20220218,20220218,133458500,13:34:59,25170,16663,46889,2093581450,1,0,125850
zn2205,20220218,20220218,133503500,13:35:10,25170,16664,46889,2093707300,1,0,125850
zn2205,20220218,20220218,133505000,13:35:10,25170,16664,46889,2093707300,0,0,0
zn2205,20220218,20220218,133506000,13:35:11,25170,16664,46889,2093707300,0,0,0
zn2205,20220218,20220218,133512000,13:35:12,25170,16664,46889,2093707300,0,0,0
zn2205,20220218,20220218,133513000,13:35:13,25170,16664,46889,2093707300,0,0,0
zn2205,20220218,20220218,133513500,13:35:14,25170,16664,46889,2093707300,0,0,0
zn2205,20220218,20220218,133514000,13:35:14,25170,16664,46889,2093707300,0,0,0
zn2205,20220218,20220218,133514500,13:35:14,25170,16664,46889,2093707300,0,0,0
zn2205,20220218,20220218,133515000,13:35:15,25170,16664,46889,2093707300,0,0,0
zn2205,20220218,20220218,133516500,13:35:16,25170,16668,46886,2094210700,4,-3,503400
zn2205,20220218,20220218,133517000,13:35:17,25170,16668,46886,2094210700,0,0,0
zn2205,20220218,20220218,133517500,13:35:18,25170,16668,46886,2094210700,0,0,0
zn2205,20220218,20220218,133518000,13:35:18,25165,16677,46892,2095343175,9,6,1132475
zn2205,20220218,20220218,133518500,13:35:19,25165,16677,46892,2095343175,0,0,0
zn2205,20220218,20220218,133519000,13:35:19,25165,16677,46892,2095343175,0,0,0
zn2205,20220218,20220218,133519500,13:35:20,25165,16677,46892,2095343175,0,0,0
zn2205,20220218,20220218,133520000,13:35:20,25165,16677,46892,2095343175,0,0,0
zn2205,20220218,20220218,133521500,13:35:22,25165,16677,46892,2095343175,0,0,0
zn2205,20220218,20220218,133522500,13:35:23,25175,16680,46890,2095720750,3,-2,377575
zn2205,20220218,20220218,133523000,13:35:23,25175,16680,46890,2095720750,0,0,0
zn2205,20220218,20220218,133523500,13:35:23,25175,16680,46890,2095720750,0,0,0
zn2205,20220218,20220218,133524000,13:35:25,25170,16681,46891,2095846600,1,1,125850
zn2205,20220218,20220218,133524500,13:35:25,25170,16682,46891,2095972450,1,0,125850
zn2205,20220218,20220218,133525000,13:35:25,25175,16684,46891,2096224200,2,0,251750
zn2205,20220218,20220218,133525500,13:35:26,25175,16684,46891,2096224200,0,0,0
zn2205,20220218,20220218,133526000,13:35:26,25175,16684,46891,2096224200,0,0,0
zn2205,20220218,20220218,133526500,13:35:27,25175,16684,46891,2096224200,0,0,0
zn2205,20220218,20220218,133527000,13:35:27,25175,16684,46891,2096224200,0,0,0
zn2205,20220218,20220218,133527500,13:35:31,25175,16684,46891,2096224200,0,0,0
zn2205,20220218,20220218,133528000,13:35:31,25175,16684,46891,2096224200,0,0,0
zn2205,20220218,20220218,133531000,13:35:37,25175,16684,46891,2096224200,0,0,0
zn2205,20220218,20220218,133531500,13:35:41,25175,16694,46894,2097483025,10,3,1258825
zn2205,20220218,20220218,133532000,13:35:42,25175,16694,46894,2097483025,0,0,0
zn2205,20220218,20220218,133532500,13:35:42,25175,16694,46894,2097483025,0,0,0
zn2205,20220218,20220218,133539500,13:35:43,25175,16694,46894,2097483025,0,0,0
zn2205,20220218,20220218,133543500,13:35:44,25175,16699,46899,2098112400,5,5,629375
zn2205,20220218,20220218,133544000,13:35:44,25175,16699,46899,2098112400,0,0,0
zn2205,20220218,20220218,133544500,13:35:45,25175,16699,46899,2098112400,0,0,0
zn2205,20220218,20220218,133545000,13:35:46,25175,16699,46899,2098112400,0,0,0
zn2205,20220218,20220218,133545500,13:35:46,25175,16699,46899,2098112400,0,0,0
zn2205,20220218,20220218,133546000,13:35:46,25175,16699,46899,2098112400,0,0,0
zn2205,20220218,20220218,133547500,13:35:48,25180,16700,46899,2098238300,1,0,125900
zn2205,20220218,20220218,133548000,13:35:48,25175,16701,46900,2098364175,1,1,125875
zn2205,20220218,20220218,133548500,13:35:48,25175,16701,46900,2098364175,0,0,0
zn2205,20220218,20220218,133550000,13:35:50,25175,16701,46900,2098364175,0,0,0
zn2205,20220218,20220218,133551500,13:35:51,25175,16701,46900,2098364175,0,0,0
zn2205,20220218,20220218,133552000,13:35:52,25175,16701,46900,2098364175,0,0,0
zn2205,20220218,20220218,133552500,13:35:52,25175,16701,46900,2098364175,0,0,0
zn2205,20220218,20220218,133553000,13:35:53,25185,16702,46899,2098490100,1,-1,125925
zn2205,20220218,20220218,133553500,13:35:55,25185,16702,46899,2098490100,0,0,0
zn2205,20220218,20220218,133554000,13:35:55,25185,16702,46899,2098490100,0,0,0
zn2205,20220218,20220218,133554500,13:35:55,25185,16702,46899,2098490100,0,0,0
zn2205,20220218,20220218,133555000,13:35:56,25185,16702,46899,2098490100,0,0,0
zn2205,20220218,20220218,133555500,13:35:56,25185,16703,46899,2098616025,1,0,125925
zn2205,20220218,20220218,133556000,13:35:56,25185,16704,46899,2098741950,1,0,125925
zn2205,20220218,20220218,133557500,13:35:59,25185,16705,46899,2098867875,1,0,125925
zn2205,20220218,20220218,133558000,13:36:01,25185,16705,46899,2098867875,0,0,0
zn2205,20220218,20220218,133558500,13:36:02,25185,16705,46899,2098867875,0,0,0
zn2205,20220218,20220218,133559500,13:36:03,25185,16705,46899,2098867875,0,0,0
zn2205,20220218,20220218,133600000,13:36:03,25185,16705,46899,2098867875,0,0,0
zn2205,20220218,20220218,133603500,13:36:05,25185,16705,46899,2098867875,0,0,0
zn2205,20220218,20220218,133604000,13:36:06,25185,16705,46899,2098867875,0,0,0
zn2205,20220218,20220218,133607500,13:36:08,25185,16705,46899,2098867875,0,0,0
zn2205,20220218,20220218,133608000,13:36:08,25180,16712,46900,2099749200,7,1,881325
zn2205,20220218,20220218,133608500,13:36:08,25180,16713,46900,2099875100,1,0,125900
zn2205,20220218,20220218,133609000,13:36:09,25180,16713,46900,2099875100,0,0,0
zn2205,20220218,20220218,133609500,13:36:10,25180,16713,46900,2099875100,0,0,0
zn2205,20220218,20220218,133610000,13:36:10,25180,16713,46900,2099875100,0,0,0
zn2205,20220218,20220218,133610500,13:36:11,25180,16713,46900,2099875100,0,0,0
zn2205,20220218,20220218,133611000,13:36:11,25180,16713,46900,2099875100,0,0,0
zn2205,20220218,20220218,133611500,13:36:12,25180,16713,46900,2099875100,0,0,0
zn2205,20220218,20220218,133612500,13:36:12,25180,16713,46900,2099875100,0,0,0
zn2205,20220218,20220218,133613500,13:36:14,25185,16714,46901,2100001025,1,1,125925
zn2205,20220218,20220218,133614000,13:36:14,25185,16714,46901,2100001025,0,0,0
zn2205,20220218,20220218,133614500,13:36:14,25185,16714,46901,2100001025,0,0,0
zn2205,20220218,20220218,133615000,13:36:15,25185,16714,46901,2100001025,0,0,0
zn2205,20220218,20220218,133615500,13:36:15,25185,16714,46901,2100001025,0,0,0
zn2205,20220218,20220218,133616000,13:36:16,25185,16714,46901,2100001025,0,0,0
zn2205,20220218,20220218,133616500,13:36:17,25185,16714,46901,2100001025,0,0,0
zn2205,20220218,20220218,133617000,13:36:19,25185,16714,46901,2100001025,0,0,0
zn2205,20220218,20220218,133617500,13:36:19,25185,16714,46901,2100001025,0,0,0
zn2205,20220218,20220218,133618000,13:36:19,25185,16714,46901,2100001025,0,0,0
zn2205,20220218,20220218,133618500,13:36:19,25185,16714,46901,2100001025,0,0,0
zn2205,20220218,20220218,133619500,13:36:19,25180,16721,46905,2100882325,7,4,881300
zn2205,20220218,20220218,133620000,13:36:20,25180,16721,46905,2100882325,0,0,0
zn2205,20220218,20220218,133620500,13:36:20,25180,16721,46905,2100882325,0,0,0
zn2205,20220218,20220218,133621000,13:36:21,25185,16723,46905,2101134175,2,0,251850
zn2205,20220218,20220218,133621500,13:36:21,25185,16724,46905,2101260100,1,0,125925
zn2205,20220218,20220218,133622000,13:36:22,25185,16724,46905,2101260100,0,0,0
zn2205,20220218,20220218,133622500,13:36:22,25185,16724,46905,2101260100,0,0,0
zn2205,20220218,20220218,133626500,13:36:27,25185,16724,46905,2101260100,0,0,0
zn2205,20220218,20220218,133627000,13:36:27,25180,16725,46904,2101386000,1,-1,125900
zn2205,20220218,20220218,133627500,13:36:28,25180,16725,46904,2101386000,0,0,0
zn2205,20220218,20220218,133628000,13:36:28,25180,16725,46904,2101386000,0,0,0
zn2205,20220218,20220218,133628500,13:36:29,25185,16727,46906,2101637850,2,2,251850
zn2205,20220218,20220218,133629000,13:36:29,25185,16727,46906,2101637850,0,0,0
zn2205,20220218,20220218,133629500,13:36:30,25185,16727,46906,2101637850,0,0,0
zn2205,20220218,20220218,133630000,13:36:30,25185,16732,46905,2102267475,5,-1,629625
zn2205,20220218,20220218,133630500,13:36:31,25185,16734,46905,2102519325,2,0,251850
zn2205,20220218,20220218,133631000,13:36:31,25185,16736,46905,2102771175,2,0,251850
zn2205,20220218,20220218,133631500,13:36:31,25185,16736,46905,2102771175,0,0,0
zn2205,20220218,20220218,133632000,13:36:32,25185,16736,46905,2102771175,0,0,0
zn2205,20220218,20220218,133632500,13:36:32,25185,16736,46905,2102771175,0,0,0
zn2205,20220218,20220218,133633000,13:36:33,25185,16739,46903,2103148950,3,-2,377775
zn2205,20220218,20220218,133633500,13:36:33,25185,16739,46903,2103148950,0,0,0
zn2205,20220218,20220218,133634000,13:36:34,25185,16739,46903,2103148950,0,0,0
zn2205,20220218,20220218,133635000,13:36:35,25185,16739,46903,2103148950,0,0,0
zn2205,20220218,20220218,133635500,13:36:36,25185,16739,46903,2103148950,0,0,0
zn2205,20220218,20220218,133636500,13:36:36,25185,16740,46903,2103274875,1,0,125925
zn2205,20220218,20220218,133637000,13:36:38,25185,16740,46903,2103274875,0,0,0
zn2205,20220218,20220218,133637500,13:36:38,25185,16740,46903,2103274875,0,0,0
zn2205,20220218,20220218,133638000,13:36:38,25190,16741,46904,2103400825,1,1,125950
zn2205,20220218,20220218,133638500,13:36:39,25190,16742,46905,2103526775,1,1,125950
zn2205,20220218,20220218,133639000,13:36:39,25190,16753,46910,2104912225,11,5,1385450
zn2205,20220218,20220218,133639500,13:36:39,25190,16756,46912,2105290075,3,2,377850
zn2205,20220218,20220218,133640000,13:36:40,25190,16757,46912,2105416025,1,0,125950
zn2205,20220218,20220218,133640500,13:36:40,25190,16757,46912,2105416025,0,0,0
zn2205,20220218,20220218,133641000,13:36:41,25190,16757,46912,2105416025,0,0,0
zn2205,20220218,20220218,133641500,13:36:41,25190,16757,46912,2105416025,0,0,0
zn2205,20220218,20220218,133643000,13:36:43,25190,16757,46912,2105416025,0,0,0
zn2205,20220218,20220218,133643500,13:36:44,25190,16757,46912,2105416025,0,0,0
zn2205,20220218,20220218,133644000,13:36:44,25190,16757,46912,2105416025,0,0,0
zn2205,20220218,20220218,133646500,13:36:46,25190,16757,46912,2105416025,0,0,0
zn2205,20220218,20220218,133647000,13:36:47,25190,16757,46912,2105416025,0,0,0
zn2205,20220218,20220218,133647500,13:36:48,25190,16757,46912,2105416025,0,0,0
zn2205,20220218,20220218,133648000,13:36:48,25190,16757,46912,2105416025,0,0,0
zn2205,20220218,20220218,133649500,13:36:49,25190,16757,46912,2105416025,0,0,0
zn2205,20220218,20220218,133650000,13:36:50,25190,16757,46912,2105416025,0,0,0
zn2205,20220218,20220218,133650500,13:36:50,25195,16759,46912,2105667975,2,0,251950
zn2205,20220218,20220218,133651000,13:36:51,25195,16762,46910,2106045900,3,-2,377925
zn2205,20220218,20220218,133651500,13:36:51,25195,16762,46910,2106045900,0,0,0
zn2205,20220218,20220218,133652000,13:36:52,25195,16762,46910,2106045900,0,0,0
zn2205,20220218,20220218,133652500,13:36:53,25190,16764,46909,2106297800,2,-1,251900
zn2205,20220218,20220218,133653000,13:36:53,25190,16764,46909,2106297800,0,0,0
zn2205,20220218,20220218,133654500,13:36:54,25190,16764,46909,2106297800,0,0,0
zn2205,20220218,20220218,133656000,13:36:56,25190,16764,46909,2106297800,0,0,0
zn2205,20220218,20220218,133656500,13:36:57,25190,16764,46909,2106297800,0,0,0
zn2205,20220218,20220218,133657000,13:36:58,25190,16764,46909,2106297800,0,0,0
zn2205,20220218,20220218,133659000,13:36:59,25190,16766,46909,2106549700,2,0,251900
zn2205,20220218,20220218,133659500,13:36:59,25190,16766,46909,2106549700,0,0,0
zn2205,20220218,20220218,133700000,13:37:00,25195,16767,46908,2106675675,1,-1,125975
zn2205,20220218,20220218,133700500,13:37:00,25195,16772,46906,2107305550,5,-2,629875
zn2205,20220218,20220218,133701000,13:37:01,25195,16772,46906,2107305550,0,0,0
zn2205,20220218,20220218,133701500,13:37:02,25195,16772,46906,2107305550,0,0,0
zn2205,20220218,20220218,133702000,13:37:02,25195,16772,46906,2107305550,0,0,0
zn2205,20220218,20220218,133702500,13:37:03,25200,16773,46906,2107431550,1,0,126000
zn2205,20220218,20220218,133703000,13:37:03,25200,16775,46905,2107683550,2,-1,252000
zn2205,20220218,20220218,133703500,13:37:03,25195,16788,46900,2109321225,13,-5,1637675
zn2205,20220218,20220218,133704000,13:37:04,25195,16795,46906,2110203050,7,6,881825
zn2205,20220218,20220218,133704500,13:37:05,25195,16798,46906,2110580975,3,0,377925
zn2205,20220218,20220218,133705000,13:37:05,25195,16798,46906,2110580975,0,0,0
zn2205,20220218,20220218,133706000,13:37:08,25195,16798,46906,2110580975,0,0,0
zn2205,20220218,20220218,133706500,13:37:08,25195,16798,46906,2110580975,0,0,0
zn2205,20220218,20220218,133707000,13:37:08,25195,16798,46906,2110580975,0,0,0
zn2205,20220218,20220218,133707500,13:37:08,25195,16799,46907,2110706950,1,1,125975
zn2205,20220218,20220218,133708000,13:37:08,25195,16808,46907,2111840725,9,0,1133775
zn2205,20220218,20220218,133708500,13:37:08,25195,16808,46907,2111840725,0,0,0
zn2205,20220218,20220218,133709000,13:37:09,25195,16808,46907,2111840725,0,0,0
zn2205,20220218,20220218,133709500,13:37:10,25195,16808,46907,2111840725,0,0,0
zn2205,20220218,20220218,133711000,13:37:11,25195,16809,46907,2111966700,1,0,125975
zn2205,20220218,20220218,133711500,13:37:13,25195,16809,46907,2111966700,0,0,0
zn2205,20220218,20220218,133712000,13:37:13,25190,16811,46907,2112218600,2,0,251900
zn2205,20220218,20220218,133712500,13:37:13,25190,16817,46909,2112974300,6,2,755700
zn2205,20220218,20220218,133713000,13:37:14,25190,16817,46909,2112974300,0,0,0
zn2205,20220218,20220218,133713500,13:37:14,25190,16817,46909,2112974300,0,0,0
zn2205,20220218,20220218,133714000,13:37:14,25190,16822,46905,2113604050,5,-4,629750
zn2205,20220218,20220218,133714500,13:37:15,25190,16822,46905,2113604050,0,0,0
zn2205,20220218,20220218,133715000,13:37:15,25190,16822,46905,2113604050,0,0,0
zn2205,20220218,20220218,133715500,13:37:16,25190,16822,46905,2113604050,0,0,0
zn2205,20220218,20220218,133716000,13:37:16,25190,16822,46905,2113604050,0,0,0
zn2205,20220218,20220218,133716500,13:37:17,25190,16822,46905,2113604050,0,0,0
zn2205,20220218,20220218,133717000,13:37:17,25190,16822,46905,2113604050,0,0,0
zn2205,20220218,20220218,133717500,13:37:18,25190,16822,46905,2113604050,0,0,0
zn2205,20220218,20220218,133718000,13:37:18,25185,16830,46902,2114611450,8,-3,1007400
zn2205,20220218,20220218,133718500,13:37:19,25185,16830,46902,2114611450,0,0,0
zn2205,20220218,20220218,133719000,13:37:19,25185,16830,46902,2114611450,0,0,0
zn2205,20220218,20220218,133719500,13:37:20,25185,16830,46902,2114611450,0,0,0
zn2205,20220218,20220218,133720000,13:37:21,25185,16832,46902,2114863300,2,0,251850
zn2205,20220218,20220218,133720500,13:37:21,25185,16832,46902,2114863300,0,0,0
zn2205,20220218,20220218,133721000,13:37:21,25185,16832,46902,2114863300,0,0,0
zn2205,20220218,20220218,133721500,13:37:21,25185,16834,46902,2115115150,2,0,251850
zn2205,20220218,20220218,133722000,13:37:22,25185,16834,46902,2115115150,0,0,0
zn2205,20220218,20220218,133722500,13:37:22,25185,16834,46902,2115115150,0,0,0
zn2205,20220218,20220218,133724500,13:37:25,25185,16834,46902,2115115150,0,0,0
zn2205,20220218,20220218,133725000,13:37:25,25185,16834,46902,2115115150,0,0,0
zn2205,20220218,20220218,133726500,13:37:27,25185,16834,46902,2115115150,0,0,0
zn2205,20220218,20220218,133727500,13:37:27,25190,16835,46902,2115241100,1,0,125950
zn2205,20220218,20220218,133728000,13:37:28,25180,16836,46902,2115367000,1,0,125900
zn2205,20220218,20220218,133731000,13:37:31,25180,16836,46902,2115367000,0,0,0
zn2205,20220218,20220218,133731500,13:37:31,25180,16836,46902,2115367000,0,0,0
zn2205,20220218,20220218,133732500,13:37:33,25180,16836,46902,2115367000,0,0,0
zn2205,20220218,20220218,133735500,13:37:36,25180,16836,46902,2115367000,0,0,0
zn2205,20220218,20220218,133736000,13:37:36,25180,16836,46902,2115367000,0,0,0
zn2205,20220218,20220218,133736500,13:37:37,25180,16836,46902,2115367000,0,0,0
zn2205,20220218,20220218,133737000,13:37:37,25180,16836,46902,2115367000,0,0,0
zn2205,20220218,20220218,133737500,13:37:37,25180,16836,46902,2115367000,0,0,0
zn2205,20220218,20220218,133738000,13:37:38,25185,16837,46902,2115492925,1,0,125925
zn2205,20220218,20220218,133738500,13:37:39,25185,16837,46902,2115492925,0,0,0
zn2205,20220218,20220218,133739000,13:37:39,25185,16837,46902,2115492925,0,0,0
zn2205,20220218,20220218,133742000,13:37:42,25185,16837,46902,2115492925,0,0,0
zn2205,20220218,20220218,133744000,13:37:44,25185,16837,46902,2115492925,0,0,0
zn2205,20220218,20220218,133747000,13:37:47,25185,16837,46902,2115492925,0,0,0
zn2205,20220218,20220218,133747500,13:37:48,25185,16837,46902,2115492925,0,0,0
zn2205,20220218,20220218,133749000,13:37:49,25185,16837,46902,2115492925,0,0,0
zn2205,20220218,20220218,133749500,13:37:49,25185,16837,46902,2115492925,0,0,0
zn2205,20220218,20220218,133750000,13:37:50,25185,16837,46902,2115492925,0,0,0
zn2205,20220218,20220218,133752000,13:37:53,25185,16837,46902,2115492925,0,0,0
zn2205,20220218,20220218,133752500,13:37:54,25190,16838,46903,2115618875,1,1,125950
zn2205,20220218,20220218,133753000,13:37:54,25190,16840,46904,2115870775,2,1,251900
zn2205,20220218,20220218,133753500,13:37:55,25190,16840,46904,2115870775,0,0,0
zn2205,20220218,20220218,133754000,13:37:55,25190,16841,46903,2115996725,1,-1,125950
zn2205,20220218,20220218,133754500,13:37:55,25185,16846,46906,2116626350,5,3,629625
zn2205,20220218,20220218,133756000,13:37:56,25190,16847,46906,2116752300,1,0,125950
zn2205,20220218,20220218,133756500,13:37:57,25190,16847,46906,2116752300,0,0,0
zn2205,20220218,20220218,133757000,13:37:57,25190,16851,46906,2117256100,4,0,503800
zn2205,20220218,20220218,133757500,13:37:58,25185,16856,46906,2117885725,5,0,629625
zn2205,20220218,20220218,133758000,13:37:58,25190,16857,46907,2118011675,1,1,125950
zn2205,20220218,20220218,133758500,13:37:59,25190,16857,46907,2118011675,0,0,0
zn2205,20220218,20220218,133759000,13:37:59,25190,16857,46907,2118011675,0,0,0
zn2205,20220218,20220218,133800000,13:38:02,25190,16857,46907,2118011675,0,0,0
zn2205,20220218,20220218,133800500,13:38:02,25190,16857,46907,2118011675,0,0,0
zn2205,20220218,20220218,133802000,13:38:05,25190,16857,46907,2118011675,0,0,0
zn2205,20220218,20220218,133802500,13:38:05,25190,16857,46907,2118011675,0,0,0
zn2205,20220218,20220218,133803000,13:38:06,25190,16857,46907,2118011675,0,0,0
zn2205,20220218,20220218,133805000,13:38:07,25190,16857,46907,2118011675,0,0,0
zn2205,20220218,20220218,133805500,13:38:07,25190,16857,46907,2118011675,0,0,0
zn2205,20220218,20220218,133806000,13:38:09,25190,16857,46907,2118011675,0,0,0
zn2205,20220218,20220218,133806500,13:38:09,25190,16857,46907,2118011675,0,0,0
zn2205,20220218,20220218,133809000,13:38:09,25185,16868,46913,2119397100,11,6,1385425
zn2205,20220218,20220218,133809500,13:38:10,25185,16868,46913,2119397100,0,0,0
zn2205,20220218,20220218,133811000,13:38:11,25185,16869,46912,2119523025,1,-1,125925
zn2205,20220218,20220218,133811500,13:38:14,25185,16869,46912,2119523025,0,0,0
zn2205,20220218,20220218,133813000,13:38:15,25185,16869,46912,2119523025,0,0,0
zn2205,20220218,20220218,133813500,13:38:15,25190,16875,46916,2120278725,6,4,755700
zn2205,20220218,20220218,133814000,13:38:15,25190,16875,46916,2120278725,0,0,0
zn2205,20220218,20220218,133814500,13:38:17,25190,16878,46916,2120656575,3,0,377850
zn2205,20220218,20220218,133815000,13:38:17,25190,16882,46916,2121160375,4,0,503800
zn2205,20220218,20220218,133815500,13:38:17,25190,16882,46916,2121160375,0,0,0
zn2205,20220218,20220218,133817000,13:38:18,25195,16884,46916,2121412325,2,0,251950
zn2205,20220218,20220218,133817500,13:38:18,25195,16889,46917,2122042200,5,1,629875
zn2205,20220218,20220218,133818000,13:38:18,25195,16889,46917,2122042200,0,0,0
zn2205,20220218,20220218,133818500,13:38:19,25195,16904,46921,2123931825,15,4,1889625
zn2205,20220218,20220218,133819000,13:38:19,25195,16904,46921,2123931825,0,0,0
zn2205,20220218,20220218,133819500,13:38:19,25190,16906,46923,2124183725,2,2,251900
zn2205,20220218,20220218,133820000,13:38:20,25190,16906,46923,2124183725,0,0,0
zn2205,20220218,20220218,133820500,13:38:22,25195,16908,46922,2124435675,2,-1,251950
zn2205,20220218,20220218,133821000,13:38:22,25195,16908,46922,2124435675,0,0,0
zn2205,20220218,20220218,133821500,13:38:22,25195,16908,46922,2124435675,0,0,0
zn2205,20220218,20220218,133822500,13:38:23,25195,16921,46919,2126073350,13,-3,1637675
zn2205,20220218,20220218,133823000,13:38:24,25190,16946,46938,2129222100,25,19,3148750
zn2205,20220218,20220218,133823500,13:38:24,25190,16948,46938,2129474000,2,0,251900
zn2205,20220218,20220218,133824000,13:38:24,25190,16955,46939,2130355650,7,1,881650
zn2205,20220218,20220218,133824500,13:38:32,25185,16965,46937,2131615025,10,-2,1259375
zn2205,20220218,20220218,133825000,13:38:41,25190,16966,46936,2131740975,1,-1,125950
zn2205,20220218,20220218,133825500,13:38:41,25190,16966,46936,2131740975,0,0,0
zn2205,20220218,20220218,133839500,13:38:43,25190,16966,46936,2131740975,0,0,0
zn2205,20220218,20220218,133841500,13:38:43,25195,16973,46937,2132622750,7,1,881775
zn2205,20220218,20220218,133844000,13:38:44,25195,16973,46937,2132622750,0,0,0
zn2205,20220218,20220218,133845000,13:38:45,25195,16974,46938,2132748725,1,1,125975
zn2205,20220218,20220218,133849500,13:38:49,25190,16979,46940,2133378475,5,2,629750
zn2205,20220218,20220218,133851000,13:38:51,25190,16980,46939,2133504425,1,-1,125950
zn2205,20220218,20220218,133853000,13:38:53,25190,16980,46939,2133504425,0,0,0
zn2205,20220218,20220218,133855000,13:38:55,25190,16981,46939,2133630375,1,0,125950
zn2205,20220218,20220218,133856500,13:38:56,25190,16983,46938,2133882275,2,-1,251900
zn2205,20220218,20220218,133858000,13:38:58,25190,16983,46938,2133882275,0,0,0
zn2205,20220218,20220218,133900500,13:39:01,25190,16983,46938,2133882275,0,0,0
zn2205,20220218,20220218,133902000,13:39:02,25190,16983,46938,2133882275,0,0,0
zn2205,20220218,20220218,133908000,13:39:08,25190,16983,46938,2133882275,0,0,0
zn2205,20220218,20220218,133910500,13:39:10,25190,16983,46938,2133882275,0,0,0
zn2205,20220218,20220218,133912000,13:39:12,25190,16983,46938,2133882275,0,0,0
zn2205,20220218,20220218,133913500,13:39:13,25190,16983,46938,2133882275,0,0,0
zn2205,20220218,20220218,133914000,13:39:14,25190,16997,46944,2135645575,14,6,1763300
zn2205,20220218,20220218,133914500,13:39:15,25190,16999,46945,2135897475,2,1,251900
zn2205,20220218,20220218,133915000,13:39:18,25190,16999,46945,2135897475,0,0,0
zn2205,20220218,20220218,133920500,13:39:20,25190,16999,46945,2135897475,0,0,0
zn2205,20220218,20220218,133922000,13:39:22,25190,16999,46945,2135897475,0,0,0
zn2205,20220218,20220218,133923500,13:39:23,25190,16999,46945,2135897475,0,0,0
zn2205,20220218,20220218,133925000,13:39:25,25190,16999,46945,2135897475,0,0,0
zn2205,20220218,20220218,133925500,13:39:26,25190,16999,46945,2135897475,0,0,0
zn2205,20220218,20220218,133927000,13:39:27,25190,17002,46946,2136275300,3,1,377825
zn2205,20220218,20220218,133928500,13:39:28,25190,17002,46946,2136275300,0,0,0
zn2205,20220218,20220218,133936500,13:39:36,25190,17002,46946,2136275300,0,0,0
zn2205,20220218,20220218,133938500,13:39:38,25185,17004,46948,2136527150,2,2,251850
zn2205,20220218,20220218,133939000,13:39:39,25185,17005,46947,2136653075,1,-1,125925
zn2205,20220218,20220218,133940000,13:39:40,25185,17005,46947,2136653075,0,0,0
zn2205,20220218,20220218,133940500,13:39:41,25185,17005,46947,2136653075,0,0,0
zn2205,20220218,20220218,133943000,13:39:43,25185,17005,46947,2136653075,0,0,0
zn2205,20220218,20220218,133945000,13:39:45,25185,17007,46947,2136904925,2,0,251850
zn2205,20220218,20220218,133945500,13:39:46,25185,17007,46947,2136904925,0,0,0
zn2205,20220218,20220218,133946000,13:39:47,25180,17009,46947,2137156750,2,0,251825
zn2205,20220218,20220218,133948000,13:39:48,25180,17009,46947,2137156750,0,0,0
zn2205,20220218,20220218,133948500,13:39:48,25180,17009,46947,2137156750,0,0,0
zn2205,20220218,20220218,133949000,13:39:49,25180,17009,46947,2137156750,0,0,0
zn2205,20220218,20220218,133949500,13:39:50,25180,17009,46947,2137156750,0,0,0
zn2205,20220218,20220218,133954000,13:39:54,25180,17009,46947,2137156750,0,0,0
zn2205,20220218,20220218,133954500,13:39:55,25185,17011,46947,2137408600,2,0,251850
zn2205,20220218,20220218,133955000,13:39:55,25185,17012,46948,2137534525,1,1,125925
zn2205,20220218,20220218,133955500,13:39:55,25185,17013,46947,2137660450,1,-1,125925
zn2205,20220218,20220218,133956000,13:39:56,25185,17013,46947,2137660450,0,0,0
zn2205,20220218,20220218,133956500,13:39:57,25190,17014,46947,2137786400,1,0,125950
zn2205,20220218,20220218,133957000,13:39:57,25190,17014,46947,2137786400,0,0,0
zn2205,20220218,20220218,133957500,13:40:13,25190,17014,46947,2137786400,0,0,0
zn2205,20220218,20220218,134012500,13:40:13,25190,17014,46947,2137786400,0,0,0
zn2205,20220218,20220218,134016000,13:40:16,25190,17014,46947,2137786400,0,0,0
zn2205,20220218,20220218,134018000,13:40:19,25190,17014,46947,2137786400,0,0,0
zn2205,20220218,20220218,134018500,13:40:19,25190,17014,46947,2137786400,0,0,0
zn2205,20220218,20220218,134019000,13:40:19,25190,17014,46947,2137786400,0,0,0
zn2205,20220218,20220218,134019500,13:40:20,25190,17014,46947,2137786400,0,0,0
zn2205,20220218,20220218,134020500,13:40:21,25190,17025,46948,2139171600,11,1,1385200
zn2205,20220218,20220218,134022000,13:40:22,25190,17025,46948,2139171600,0,0,0
zn2205,20220218,20220218,134022500,13:40:22,25190,17026,46949,2139297550,1,1,125950
zn2205,20220218,20220218,134023000,13:40:23,25190,17029,46950,2139675400,3,1,377850
zn2205,20220218,20220218,134023500,13:40:23,25190,17029,46950,2139675400,0,0,0
zn2205,20220218,20220218,134024000,13:40:24,25190,17030,46951,2139801350,1,1,125950
zn2205,20220218,20220218,134024500,13:40:25,25190,17030,46951,2139801350,0,0,0
zn2205,20220218,20220218,134026000,13:40:26,25190,17037,46953,2140683000,7,2,881650
zn2205,20220218,20220218,134026500,13:40:27,25190,17037,46953,2140683000,0,0,0
zn2205,20220218,20220218,134027000,13:40:27,25185,17044,46958,2141564475,7,5,881475
zn2205,20220218,20220218,134027500,13:40:27,25190,17054,46954,2142823875,10,-4,1259400
zn2205,20220218,20220218,134028000,13:40:28,25185,17059,46959,2143453500,5,5,629625
zn2205,20220218,20220218,134028500,13:40:29,25185,17062,46961,2143831275,3,2,377775
zn2205,20220218,20220218,134029000,13:40:30,25185,17066,46963,2144334975,4,2,503700
zn2205,20220218,20220218,134029500,13:40:30,25185,17068,46963,2144586825,2,0,251850
zn2205,20220218,20220218,134030000,13:40:30,25185,17069,46962,2144712750,1,-1,125925
zn2205,20220218,20220218,134030500,13:40:30,25185,17069,46962,2144712750,0,0,0
zn2205,20220218,20220218,134031500,13:40:31,25180,17074,46967,2145342250,5,5,629500
zn2205,20220218,20220218,134032000,13:40:32,25180,17074,46967,2145342250,0,0,0
zn2205,20220218,20220218,134032500,13:40:32,25180,17074,46967,2145342250,0,0,0
zn2205,20220218,20220218,134033000,13:40:33,25180,17074,46967,2145342250,0,0,0
zn2205,20220218,20220218,134035000,13:40:35,25180,17074,46967,2145342250,0,0,0
zn2205,20220218,20220218,134036000,13:40:36,25180,17074,46967,2145342250,0,0,0
zn2205,20220218,20220218,134036500,13:40:36,25180,17074,46967,2145342250,0,0,0
zn2205,20220218,20220218,134037000,13:40:37,25180,17074,46967,2145342250,0,0,0
zn2205,20220218,20220218,134038000,13:40:38,25180,17074,46967,2145342250,0,0,0
zn2205,20220218,20220218,134041000,13:40:42,25180,17074,46967,2145342250,0,0,0
zn2205,20220218,20220218,134042000,13:40:42,25180,17074,46967,2145342250,0,0,0
zn2205,20220218,20220218,134043500,13:40:44,25180,17074,46967,2145342250,0,0,0
zn2205,20220218,20220218,134045500,13:40:45,25180,17074,46967,2145342250,0,0,0
zn2205,20220218,20220218,134046000,13:40:46,25180,17074,46967,2145342250,0,0,0
zn2205,20220218,20220218,134046500,13:40:46,25185,17075,46967,2145468175,1,0,125925
zn2205,20220218,20220218,134048000,13:40:48,25185,17075,46967,2145468175,0,0,0
zn2205,20220218,20220218,134049000,13:40:49,25185,17075,46967,2145468175,0,0,0
zn2205,20220218,20220218,134049500,13:40:49,25185,17075,46967,2145468175,0,0,0
zn2205,20220218,20220218,134050000,13:40:50,25185,17075,46967,2145468175,0,0,0
zn2205,20220218,20220218,134051500,13:40:55,25185,17075,46967,2145468175,0,0,0
zn2205,20220218,20220218,134055000,13:40:57,25185,17075,46967,2145468175,0,0,0
zn2205,20220218,20220218,134056000,13:40:58,25185,17075,46967,2145468175,0,0,0
zn2205,20220218,20220218,134057000,13:40:58,25185,17075,46967,2145468175,0,0,0
zn2205,20220218,20220218,134057500,13:40:58,25185,17075,46967,2145468175,0,0,0
zn2205,20220218,20220218,134058500,13:40:59,25185,17075,46967,2145468175,0,0,0
zn2205,20220218,20220218,134059000,13:40:59,25185,17075,46967,2145468175,0,0,0
zn2205,20220218,20220218,134100000,13:41:00,25185,17075,46967,2145468175,0,0,0
zn2205,20220218,20220218,134102500,13:41:02,25185,17075,46967,2145468175,0,0,0
zn2205,20220218,20220218,134103000,13:41:04,25185,17075,46967,2145468175,0,0,0
zn2205,20220218,20220218,134104500,13:41:06,25185,17075,46967,2145468175,0,0,0
zn2205,20220218,20220218,134105000,13:41:06,25185,17075,46967,2145468175,0,0,0
zn2205,20220218,20220218,134105500,13:41:06,25185,17076,46967,2145594100,1,0,125925
zn2205,20220218,20220218,134106000,13:41:07,25185,17076,46967,2145594100,0,0,0
zn2205,20220218,20220218,134107000,13:41:07,25185,17076,46967,2145594100,0,0,0
zn2205,20220218,20220218,134107500,13:41:09,25185,17076,46967,2145594100,0,0,0
zn2205,20220218,20220218,134108000,13:41:09,25185,17076,46967,2145594100,0,0,0
zn2205,20220218,20220218,134108500,13:41:10,25185,17076,46967,2145594100,0,0,0
zn2205,20220218,20220218,134110500,13:41:10,25185,17076,46967,2145594100,0,0,0
zn2205,20220218,20220218,134111000,13:41:11,25185,17076,46967,2145594100,0,0,0
zn2205,20220218,20220218,134111500,13:41:11,25190,17077,46967,2145720050,1,0,125950
zn2205,20220218,20220218,134113000,13:41:13,25190,17077,46967,2145720050,0,0,0
zn2205,20220218,20220218,134113500,13:41:13,25185,17079,46968,2145971900,2,1,251850
zn2205,20220218,20220218,134114000,13:41:14,25190,17089,46972,2147231275,10,4,1259375
zn2205,20220218,20220218,134114500,13:41:16,25190,17089,46972,2147231275,0,0,0
zn2205,20220218,20220218,134115000,13:41:16,25185,17090,46972,2147357200,1,0,125925
zn2205,20220218,20220218,134115500,13:41:16,25185,17090,46972,2147357200,0,0,0
zn2205,20220218,20220218,134116500,13:41:17,25185,17090,46972,2147357200,0,0,0
zn2205,20220218,20220218,134117500,13:41:18,25185,17090,46972,2147357200,0,0,0
zn2205,20220218,20220218,134118000,13:41:19,25185,17090,46972,2147357200,0,0,0
zn2205,20220218,20220218,134118500,13:41:19,25185,17090,46972,2147357200,0,0,0
zn2205,20220218,20220218,134119000,13:41:19,25185,17090,46972,2147357200,0,0,0
zn2205,20220218,20220218,134119500,13:41:19,25185,17090,46972,2147357200,0,0,0
zn2205,20220218,20220218,134122000,13:41:24,25185,17091,46973,2147483125,1,1,125925
zn2205,20220218,20220218,134123000,13:41:24,25185,17091,46973,2147483125,0,0,0
zn2205,20220218,20220218,134124500,13:41:26,25190,17092,46972,2147609075,1,-1,125950
zn2205,20220218,20220218,134125000,13:41:26,25190,17092,46972,2147609075,0,0,0
zn2205,20220218,20220218,134126500,13:41:27,25190,17093,46972,2147735025,1,0,125950
zn2205,20220218,20220218,134127000,13:41:27,25185,17111,46966,2150001700,18,-6,2266675
zn2205,20220218,20220218,134127500,13:41:27,25185,17116,46963,2150631325,5,-3,629625
zn2205,20220218,20220218,134128000,13:41:28,25185,17116,46963,2150631325,0,0,0
zn2205,20220218,20220218,134128500,13:41:28,25190,17118,46963,2150883225,2,0,251900
zn2205,20220218,20220218,134129000,13:41:29,25190,17118,46963,2150883225,0,0,0
zn2205,20220218,20220218,134129500,13:41:30,25190,17119,46963,2151009175,1,0,125950
zn2205,20220218,20220218,134130000,13:41:30,25195,17121,46965,2151261125,2,2,251950
zn2205,20220218,20220218,134133500,13:41:34,25195,17121,46965,2151261125,0,0,0
zn2205,20220218,20220218,134134000,13:41:34,25195,17121,46965,2151261125,0,0,0
zn2205,20220218,20220218,134134500,13:41:34,25195,17121,46965,2151261125,0,0,0
zn2205,20220218,20220218,134135500,13:41:35,25195,17121,46965,2151261125,0,0,0
zn2205,20220218,20220218,134136000,13:41:39,25195,17121,46965,2151261125,0,0,0
zn2205,20220218,20220218,134136500,13:41:39,25195,17122,46966,2151387100,1,1,125975
zn2205,20220218,20220218,134146500,13:41:47,25195,17122,46966,2151387100,0,0,0
zn2205,20220218,20220218,134147000,13:41:47,25190,17123,46965,2151513050,1,-1,125950
zn2205,20220218,20220218,134147500,13:41:48,25190,17124,46966,2151639000,1,1,125950
zn2205,20220218,20220218,134148500,13:41:48,25190,17124,46966,2151639000,0,0,0
zn2205,20220218,20220218,134149000,13:41:49,25190,17124,46966,2151639000,0,0,0
zn2205,20220218,20220218,134153500,13:41:54,25190,17124,46966,2151639000,0,0,0
zn2205,20220218,20220218,134155000,13:42:06,25190,17124,46966,2151639000,0,0,0
zn2205,20220218,20220218,134202000,13:42:11,25190,17124,46966,2151639000,0,0,0
zn2205,20220218,20220218,134210000,13:42:12,25190,17124,46966,2151639000,0,0,0
zn2205,20220218,20220218,134212500,13:42:13,25190,17138,46970,2153402150,14,4,1763150
zn2205,20220218,20220218,134213000,13:42:13,25195,17142,46970,2153906050,4,0,503900
zn2205,20220218,20220218,134213500,13:42:14,25195,17142,46970,2153906050,0,0,0
zn2205,20220218,20220218,134214000,13:42:14,25195,17142,46970,2153906050,0,0,0
zn2205,20220218,20220218,134215000,13:42:15,25195,17142,46970,2153906050,0,0,0
zn2205,20220218,20220218,134215500,13:42:16,25195,17142,46970,2153906050,0,0,0
zn2205,20220218,20220218,134217000,13:42:19,25195,17143,46971,2154032025,1,1,125975
zn2205,20220218,20220218,134217500,13:42:19,25195,17143,46971,2154032025,0,0,0
zn2205,20220218,20220218,134218000,13:42:20,25195,17143,46971,2154032025,0,0,0
zn2205,20220218,20220218,134218500,13:42:20,25195,17143,46971,2154032025,0,0,0
zn2205,20220218,20220218,134219000,13:42:20,25195,17143,46971,2154032025,0,0,0
zn2205,20220218,20220218,134220500,13:42:21,25195,17143,46971,2154032025,0,0,0
zn2205,20220218,20220218,134221500,13:42:22,25195,17143,46971,2154032025,0,0,0
zn2205,20220218,20220218,134223500,13:42:24,25195,17143,46971,2154032025,0,0,0
zn2205,20220218,20220218,134224000,13:42:24,25195,17143,46971,2154032025,0,0,0
zn2205,20220218,20220218,134224500,13:42:25,25190,17144,46972,2154157975,1,1,125950
zn2205,20220218,20220218,134225000,13:42:25,25190,17144,46972,2154157975,0,0,0
zn2205,20220218,20220218,134225500,13:42:25,25195,17146,46973,2154409900,2,1,251925
zn2205,20220218,20220218,134226000,13:42:26,25190,17147,46974,2154535850,1,1,125950
zn2205,20220218,20220218,134227500,13:42:28,25190,17147,46974,2154535850,0,0,0
zn2205,20220218,20220218,134228000,13:42:29,25190,17147,46974,2154535850,0,0,0
zn2205,20220218,20220218,134228500,13:42:29,25190,17147,46974,2154535850,0,0,0
zn2205,20220218,20220218,134251500,13:42:51,25190,17147,46974,2154535850,0,0,0
zn2205,20220218,20220218,134255000,13:42:55,25190,17147,46974,2154535850,0,0,0
zn2205,20220218,20220218,134255500,13:42:55,25190,17147,46974,2154535850,0,0,0
zn2205,20220218,20220218,134256000,13:42:56,25195,17148,46975,2154661825,1,1,125975
zn2205,20220218,20220218,134256500,13:42:57,25190,17149,46975,2154787775,1,0,125950
zn2205,20220218,20220218,134257000,13:42:59,25190,17149,46975,2154787775,0,0,0
zn2205,20220218,20220218,134257500,13:42:59,25190,17149,46975,2154787775,0,0,0
zn2205,20220218,20220218,134258000,13:42:59,25190,17149,46975,2154787775,0,0,0
zn2205,20220218,20220218,134258500,13:43:01,25190,17149,46975,2154787775,0,0,0
zn2205,20220218,20220218,134259500,13:43:01,25190,17149,46975,2154787775,0,0,0
zn2205,20220218,20220218,134300000,13:43:01,25195,17158,46978,2155921400,9,3,1133625
zn2205,20220218,20220218,134300500,13:43:02,25195,17187,47007,2159574675,29,29,3653275
zn2205,20220218,20220218,134301000,13:43:02,25195,17187,47007,2159574675,0,0,0
zn2205,20220218,20220218,134301500,13:43:02,25185,17194,47008,2160456150,7,1,881475
zn2205,20220218,20220218,134302000,13:43:02,25185,17194,47008,2160456150,0,0,0
zn2205,20220218,20220218,134302500,13:43:03,25185,17195,47009,2160582075,1,1,125925
zn2205,20220218,20220218,134303000,13:43:05,25185,17196,47009,2160708000,1,0,125925
zn2205,20220218,20220218,134303500,13:43:11,25185,17196,47009,2160708000,0,0,0
zn2205,20220218,20220218,134304000,13:43:11,25185,17196,47009,2160708000,0,0,0
zn2205,20220218,20220218,134305000,13:43:12,25185,17196,47009,2160708000,0,0,0
zn2205,20220218,20220218,134310000,13:43:13,25185,17196,47009,2160708000,0,0,0
zn2205,20220218,20220218,134311000,13:43:14,25185,17196,47009,2160708000,0,0,0
zn2205,20220218,20220218,134312000,13:43:14,25185,17196,47009,2160708000,0,0,0
zn2205,20220218,20220218,134313000,13:43:14,25185,17196,47009,2160708000,0,0,0
zn2205,20220218,20220218,134314000,13:43:14,25180,17203,47013,2161589300,7,4,881300
zn2205,20220218,20220218,134314500,13:43:15,25180,17203,47013,2161589300,0,0,0
zn2205,20220218,20220218,134315000,13:43:15,25180,17203,47013,2161589300,0,0,0
zn2205,20220218,20220218,134315500,13:43:15,25180,17210,47018,2162470450,7,5,881150
zn2205,20220218,20220218,134316000,13:43:16,25180,17210,47018,2162470450,0,0,0
zn2205,20220218,20220218,134316500,13:43:16,25180,17210,47018,2162470450,0,0,0
zn2205,20220218,20220218,134317000,13:43:17,25175,17215,47020,2163099825,5,2,629375
zn2205,20220218,20220218,134317500,13:43:17,25175,17215,47020,2163099825,0,0,0
zn2205,20220218,20220218,134318000,13:43:18,25175,17215,47020,2163099825,0,0,0
zn2205,20220218,20220218,134321000,13:43:21,25175,17215,47020,2163099825,0,0,0
zn2205,20220218,20220218,134323000,13:43:23,25175,17215,47020,2163099825,0,0,0
zn2205,20220218,20220218,134324000,13:43:24,25175,17217,47019,2163351575,2,-1,251750
zn2205,20220218,20220218,134325000,13:43:25,25175,17217,47019,2163351575,0,0,0
zn2205,20220218,20220218,134326000,13:43:26,25175,17217,47019,2163351575,0,0,0
zn2205,20220218,20220218,134326500,13:43:27,25175,17217,47019,2163351575,0,0,0
zn2205,20220218,20220218,134328000,13:43:29,25175,17217,47019,2163351575,0,0,0
zn2205,20220218,20220218,134329000,13:43:29,25175,17217,47019,2163351575,0,0,0
zn2205,20220218,20220218,134331500,13:43:31,25175,17217,47019,2163351575,0,0,0
zn2205,20220218,20220218,134332000,13:43:32,25175,17217,47019,2163351575,0,0,0
zn2205,20220218,20220218,134332500,13:43:32,25175,17217,47019,2163351575,0,0,0
zn2205,20220218,20220218,134333000,13:43:33,25175,17217,47019,2163351575,0,0,0
zn2205,20220218,20220218,134339000,13:43:40,25175,17217,47019,2163351575,0,0,0
zn2205,20220218,20220218,134339500,13:43:55,25175,17218,47019,2163477450,1,0,125875
zn2205,20220218,20220218,134340000,13:43:57,25175,17218,47019,2163477450,0,0,0
zn2205,20220218,20220218,134340500,13:43:57,25175,17218,47019,2163477450,0,0,0
zn2205,20220218,20220218,134354000,13:44:04,25175,17218,47019,2163477450,0,0,0
zn2205,20220218,20220218,134357000,13:44:04,25180,17224,47016,2164232775,6,-3,755325
zn2205,20220218,20220218,134402500,13:44:04,25180,17224,47016,2164232775,0,0,0
zn2205,20220218,20220218,134404500,13:44:05,25180,17225,47016,2164358675,1,0,125900
zn2205,20220218,20220218,134407500,13:44:08,25180,17225,47016,2164358675,0,0,0
zn2205,20220218,20220218,134408000,13:44:08,25180,17225,47016,2164358675,0,0,0
zn2205,20220218,20220218,134408500,13:44:09,25180,17225,47016,2164358675,0,0,0
zn2205,20220218,20220218,134409500,13:44:17,25180,17225,47016,2164358675,0,0,0
zn2205,20220218,20220218,134410000,13:44:17,25180,17225,47016,2164358675,0,0,0
zn2205,20220218,20220218,134410500,13:44:17,25180,17225,47016,2164358675,0,0,0
zn2205,20220218,20220218,134411000,13:44:17,25180,17225,47016,2164358675,0,0,0
zn2205,20220218,20220218,134417000,13:44:18,25180,17225,47016,2164358675,0,0,0
zn2205,20220218,20220218,134420500,13:44:23,25180,17225,47016,2164358675,0,0,0
zn2205,20220218,20220218,134422500,13:44:23,25180,17225,47016,2164358675,0,0,0
zn2205,20220218,20220218,134425000,13:44:25,25180,17225,47016,2164358675,0,0,0
zn2205,20220218,20220218,134425500,13:44:25,25180,17225,47016,2164358675,0,0,0
zn2205,20220218,20220218,134426000,13:44:26,25180,17225,47016,2164358675,0,0,0
zn2205,20220218,20220218,134426500,13:44:26,25180,17225,47016,2164358675,0,0,0
zn2205,20220218,20220218,134427000,13:44:27,25180,17225,47016,2164358675,0,0,0
zn2205,20220218,20220218,134427500,13:44:28,25180,17225,47016,2164358675,0,0,0
zn2205,20220218,20220218,134428000,13:44:29,25180,17225,47016,2164358675,0,0,0
zn2205,20220218,20220218,134429500,13:44:31,25180,17226,47016,2164484575,1,0,125900
zn2205,20220218,20220218,134430000,13:44:37,25180,17226,47016,2164484575,0,0,0
zn2205,20220218,20220218,134430500,13:44:37,25180,17226,47016,2164484575,0,0,0
zn2205,20220218,20220218,134436500,13:44:37,25180,17226,47016,2164484575,0,0,0
zn2205,20220218,20220218,134439000,13:44:39,25180,17226,47016,2164484575,0,0,0
zn2205,20220218,20220218,134440000,13:44:40,25180,17226,47016,2164484575,0,0,0
zn2205,20220218,20220218,134441000,13:44:41,25180,17226,47016,2164484575,0,0,0
zn2205,20220218,20220218,134442000,13:44:42,25180,17226,47016,2164484575,0,0,0
zn2205,20220218,20220218,134442500,13:44:42,25180,17226,47016,2164484575,0,0,0
zn2205,20220218,20220218,134443000,13:44:43,25180,17226,47016,2164484575,0,0,0
zn2205,20220218,20220218,134443500,13:44:44,25180,17226,47016,2164484575,0,0,0
zn2205,20220218,20220218,134444500,13:44:45,25180,17226,47016,2164484575,0,0,0
zn2205,20220218,20220218,134446000,13:44:46,25180,17226,47016,2164484575,0,0,0
zn2205,20220218,20220218,134448000,13:44:48,25180,17226,47016,2164484575,0,0,0
zn2205,20220218,20220218,134449500,13:44:50,25185,17227,47016,2164610500,1,0,125925
zn2205,20220218,20220218,134450000,13:44:50,25185,17227,47016,2164610500,0,0,0
zn2205,20220218,20220218,134450500,13:44:50,25185,17227,47016,2164610500,0,0,0
zn2205,20220218,20220218,134451500,13:44:52,25185,17227,47016,2164610500,0,0,0
zn2205,20220218,20220218,134452000,13:44:53,25185,17227,47016,2164610500,0,0,0
zn2205,20220218,20220218,134454500,13:44:55,25185,17228,47016,2164736425,1,0,125925
zn2205,20220218,20220218,134457000,13:44:57,25185,17228,47016,2164736425,0,0,0
zn2205,20220218,20220218,134459500,13:44:59,25185,17228,47016,2164736425,0,0,0
zn2205,20220218,20220218,134501000,13:45:01,25175,17229,47017,2164862300,1,1,125875
zn2205,20220218,20220218,134502000,13:45:02,25175,17230,47018,2164988175,1,1,125875
zn2205,20220218,20220218,134502500,13:45:03,25175,17230,47018,2164988175,0,0,0
zn2205,20220218,20220218,134503500,13:45:04,25175,17230,47018,2164988175,0,0,0
zn2205,20220218,20220218,134504000,13:45:08,25175,17230,47018,2164988175,0,0,0
zn2205,20220218,20220218,134504500,13:45:08,25175,17230,47018,2164988175,0,0,0
zn2205,20220218,20220218,134505000,13:45:09,25175,17230,47018,2164988175,0,0,0
zn2205,20220218,20220218,134508000,13:45:09,25175,17230,47018,2164988175,0,0,0
zn2205,20220218,20220218,134508500,13:45:09,25175,17230,47018,2164988175,0,0,0
zn2205,20220218,20220218,134511000,13:45:11,25175,17230,47018,2164988175,0,0,0
zn2205,20220218,20220218,134511500,13:45:11,25175,17230,47018,2164988175,0,0,0
zn2205,20220218,20220218,134512000,13:45:12,25175,17230,47018,2164988175,0,0,0
zn2205,20220218,20220218,134512500,13:45:13,25175,17230,47018,2164988175,0,0,0
zn2205,20220218,20220218,134513000,13:45:13,25180,17233,47018,2165365850,3,0,377675
zn2205,20220218,20220218,134513500,13:45:14,25180,17233,47018,2165365850,0,0,0
zn2205,20220218,20220218,134514000,13:45:15,25180,17233,47018,2165365850,0,0,0
zn2205,20220218,20220218,134514500,13:45:16,25180,17233,47018,2165365850,0,0,0
zn2205,20220218,20220218,134515000,13:45:16,25180,17233,47018,2165365850,0,0,0
zn2205,20220218,20220218,134515500,13:45:17,25180,17233,47018,2165365850,0,0,0
zn2205,20220218,20220218,134516000,13:45:17,25180,17233,47018,2165365850,0,0,0
zn2205,20220218,20220218,134517500,13:45:20,25180,17233,47018,2165365850,0,0,0
zn2205,20220218,20220218,134518000,13:45:21,25180,17234,47017,2165491750,1,-1,125900
zn2205,20220218,20220218,134519500,13:45:23,25185,17235,47017,2165617675,1,0,125925
zn2205,20220218,20220218,134522000,13:45:24,25185,17236,47017,2165743600,1,0,125925
zn2205,20220218,20220218,134525000,13:45:26,25185,17236,47017,2165743600,0,0,0
zn2205,20220218,20220218,134525500,13:45:27,25180,17237,47016,2165869500,1,-1,125900
zn2205,20220218,20220218,134526000,13:45:27,25180,17237,47016,2165869500,0,0,0
zn2205,20220218,20220218,134526500,13:45:29,25180,17237,47016,2165869500,0,0,0
zn2205,20220218,20220218,134527000,13:45:30,25180,17237,47016,2165869500,0,0,0
zn2205,20220218,20220218,134527500,13:45:30,25180,17237,47016,2165869500,0,0,0
zn2205,20220218,20220218,134528000,13:45:30,25180,17237,47016,2165869500,0,0,0
zn2205,20220218,20220218,134529500,13:45:30,25180,17237,47016,2165869500,0,0,0
zn2205,20220218,20220218,134530500,13:45:31,25180,17237,47016,2165869500,0,0,0
zn2205,20220218,20220218,134532500,13:45:33,25180,17237,47016,2165869500,0,0,0
zn2205,20220218,20220218,134533000,13:45:33,25180,17237,47016,2165869500,0,0,0
zn2205,20220218,20220218,134533500,13:45:34,25180,17237,47016,2165869500,0,0,0
zn2205,20220218,20220218,134534000,13:45:35,25185,17238,47016,2165995425,1,0,125925
zn2205,20220218,20220218,134534500,13:45:35,25185,17238,47016,2165995425,0,0,0
zn2205,20220218,20220218,134536000,13:45:36,25185,17238,47016,2165995425,0,0,0
zn2205,20220218,20220218,134536500,13:45:37,25185,17238,47016,2165995425,0,0,0
zn2205,20220218,20220218,134537000,13:45:37,25185,17239,47017,2166121350,1,1,125925
zn2205,20220218,20220218,134540000,13:45:40,25185,17239,47017,2166121350,0,0,0
zn2205,20220218,20220218,134541500,13:45:41,25185,17240,47016,2166247275,1,-1,125925
zn2205,20220218,20220218,134542000,13:45:45,25185,17240,47016,2166247275,0,0,0
zn2205,20220218,20220218,134542500,13:45:45,25185,17240,47016,2166247275,0,0,0
zn2205,20220218,20220218,134543000,13:45:46,25185,17241,47017,2166373200,1,1,125925
zn2205,20220218,20220218,134545000,13:45:46,25185,17241,47017,2166373200,0,0,0
zn2205,20220218,20220218,134546000,13:45:47,25185,17241,47017,2166373200,0,0,0
zn2205,20220218,20220218,134546500,13:45:47,25185,17243,47018,2166625050,2,1,251850
zn2205,20220218,20220218,134547000,13:45:47,25185,17243,47018,2166625050,0,0,0
zn2205,20220218,20220218,134547500,13:45:47,25185,17243,47018,2166625050,0,0,0
zn2205,20220218,20220218,134549000,13:45:49,25190,17244,47018,2166751000,1,0,125950
zn2205,20220218,20220218,134553500,13:45:54,25185,17247,47015,2167128775,3,-3,377775
zn2205,20220218,20220218,134554000,13:45:54,25185,17247,47015,2167128775,0,0,0
zn2205,20220218,20220218,134604000,13:46:05,25185,17247,47015,2167128775,0,0,0
zn2205,20220218,20220218,134607000,13:46:07,25185,17247,47015,2167128775,0,0,0
zn2205,20220218,20220218,134607500,13:46:07,25185,17247,47015,2167128775,0,0,0
zn2205,20220218,20220218,134608000,13:46:08,25185,17247,47015,2167128775,0,0,0
zn2205,20220218,20220218,134608500,13:46:09,25185,17247,47015,2167128775,0,0,0
zn2205,20220218,20220218,134609500,13:46:10,25190,17248,47015,2167254725,1,0,125950
zn2205,20220218,20220218,134610000,13:46:11,25190,17248,47015,2167254725,0,0,0
zn2205,20220218,20220218,134610500,13:46:11,25190,17248,47015,2167254725,0,0,0
zn2205,20220218,20220218,134611000,13:46:11,25190,17248,47015,2167254725,0,0,0
zn2205,20220218,20220218,134611500,13:46:11,25190,17248,47015,2167254725,0,0,0
zn2205,20220218,20220218,134612000,13:46:13,25190,17248,47015,2167254725,0,0,0
zn2205,20220218,20220218,134612500,13:46:13,25190,17248,47015,2167254725,0,0,0
zn2205,20220218,20220218,134613000,13:46:13,25190,17249,47014,2167380675,1,-1,125950
