zn2204,20220218,20220218,112003000,11:20:04,25155,68886,111778,8654080475,68886,204,8654080475
zn2204,20220218,20220218,112004500,11:20:10,25155,68900,111768,8655841400,14,-10,1760925
zn2204,20220218,20220218,112005000,11:20:10,25155,68900,111768,8655841400,0,0,0
zn2204,20220218,20220218,112006000,11:20:10,25155,68900,111768,8655841400,0,0,0
zn2204,20220218,20220218,112006500,11:20:10,25155,68901,111767,8655967175,1,-1,125775
zn2204,20220218,20220218,112007500,11:20:10,25155,68901,111767,8655967175,0,0,0
zn2204,20220218,20220218,112008000,11:20:10,25155,68901,111767,8655967175,0,0,0
zn2204,20220218,20220218,112008500,11:20:10,25155,68901,111767,8655967175,0,0,0
zn2204,20220218,20220218,112009000,11:20:10,25155,68901,111767,8655967175,0,0,0
zn2204,20220218,20220218,112010500,11:20:10,25155,68901,111767,8655967175,0,0,0
zn2204,20220218,20220218,112013000,11:20:13,25155,68906,111772,8656596050,5,5,628875
zn2204,20220218,20220218,112013500,11:20:13,25155,68906,111772,8656596050,0,0,0
zn2204,20220218,20220218,112014000,11:20:14,25155,68910,111772,8657099150,4,0,503100
zn2204,20220218,20220218,112015500,11:20:16,25155,68910,111772,8657099150,0,0,0
zn2204,20220218,20220218,112016000,11:20:16,25155,68910,111772,8657099150,0,0,0
zn2204,20220218,20220218,112018500,11:20:18,25155,68914,111772,8657602250,4,0,503100
zn2204,20220218,20220218,112019000,11:20:19,25155,68914,111772,8657602250,0,0,0
zn2204,20220218,20220218,112019500,11:20:20,25155,68919,111770,8658231125,5,-2,628875
zn2204,20220218,20220218,112020500,11:20:21,25155,68919,111770,8658231125,0,0,0
zn2204,20220218,20220218,112021000,11:20:21,25155,68919,111770,8658231125,0,0,0
zn2204,20220218,20220218,112026500,11:20:26,25155,68919,111770,8658231125,0,0,0
zn2204,20220218,20220218,112027000,11:20:27,25160,68927,111765,8659237525,8,-5,1006400
zn2204,20220218,20220218,112027500,11:20:28,25160,68938,111757,8660621325,11,-8,1383800
zn2204,20220218,20220218,112028000,11:20:28,25160,68938,111757,8660621325,0,0,0
zn2204,20220218,20220218,112028500,11:20:28,25155,68939,111757,8660747100,1,0,125775
zn2204,20220218,20220218,112029500,11:20:30,25155,68939,111757,8660747100,0,0,0
zn2204,20220218,20220218,112030000,11:20:31,25155,68968,111772,8664394575,29,15,3647475
zn2204,20220218,20220218,112030500,11:20:31,25155,68968,111772,8664394575,0,0,0
zn2204,20220218,20220218,112031000,11:20:32,25155,68968,111772,8664394575,0,0,0
zn2204,20220218,20220218,112031500,11:20:32,25155,68968,111772,8664394575,0,0,0
zn2204,20220218,20220218,112032000,11:20:32,25155,68968,111772,8664394575,0,0,0
zn2204,20220218,20220218,112034000,11:20:34,25155,68968,111772,8664394575,0,0,0
zn2204,20220218,20220218,112035500,11:20:35,25155,68968,111772,8664394575,0,0,0
zn2204,20220218,20220218,112037500,11:20:38,25155,68968,111772,8664394575,0,0,0
zn2204,20220218,20220218,112038000,11:20:38,25155,68968,111772,8664394575,0,0,0
zn2204,20220218,20220218,112038500,11:20:38,25155,68968,111772,8664394575,0,0,0
zn2204,20220218,20220218,112039000,11:20:39,25155,68968,111772,8664394575,0,0,0
zn2204,20220218,20220218,112039500,11:20:40,25155,68968,111772,8664394575,0,0,0
zn2204,20220218,20220218,112041000,11:20:41,25155,68968,111772,8664394575,0,0,0
zn2204,20220218,20220218,112041500,11:20:41,25155,68968,111772,8664394575,0,0,0
zn2204,20220218,20220218,112042500,11:20:42,25155,68968,111772,8664394575,0,0,0
zn2204,20220218,20220218,112043000,11:20:43,25155,68968,111772,8664394575,0,0,0
zn2204,20220218,20220218,112048000,11:20:48,25150,68970,111772,8664646075,2,0,251500
zn2204,20220218,20220218,112048500,11:20:50,25150,68970,111772,8664646075,0,0,0
zn2204,20220218,20220218,112050500,11:20:51,25150,68970,111772,8664646075,0,0,0
zn2204,20220218,20220218,112051000,11:20:51,25150,68970,111772,8664646075,0,0,0
zn2204,20220218,20220218,112051500,11:20:52,25155,68981,111762,8666029600,11,-10,1383525
zn2204,20220218,20220218,112052000,11:20:53,25155,68981,111762,8666029600,0,0,0
zn2204,20220218,20220218,112052500,11:20:53,25150,68982,111762,8666155350,1,0,125750
zn2204,20220218,20220218,112053000,11:20:53,25150,68982,111762,8666155350,0,0,0
zn2204,20220218,20220218,112054000,11:20:54,25155,68983,111762,8666281125,1,0,125775
zn2204,20220218,20220218,112054500,11:20:55,25150,68984,111762,8666406875,1,0,125750
zn2204,20220218,20220218,112055000,11:20:55,25150,68984,111762,8666406875,0,0,0
zn2204,20220218,20220218,112056000,11:20:56,25155,68987,111762,8666784200,3,0,377325
zn2204,20220218,20220218,112056500,11:20:56,25155,68987,111762,8666784200,0,0,0
zn2204,20220218,20220218,112057500,11:20:58,25155,68987,111762,8666784200,0,0,0
zn2204,20220218,20220218,112058000,11:20:58,25160,68988,111761,8666910000,1,-1,125800
zn2204,20220218,20220218,112058500,11:20:59,25160,68988,111761,8666910000,0,0,0
zn2204,20220218,20220218,112059000,11:21:00,25160,68988,111761,8666910000,0,0,0
zn2204,20220218,20220218,112059500,11:21:00,25155,68990,111759,8667161550,2,-2,251550
zn2204,20220218,20220218,112100000,11:21:00,25160,68999,111761,8668293600,9,2,1132050
zn2204,20220218,20220218,112100500,11:21:01,25160,69001,111761,8668545200,2,0,251600
zn2204,20220218,20220218,112101000,11:21:01,25160,69001,111761,8668545200,0,0,0
zn2204,20220218,20220218,112102500,11:21:03,25160,69001,111761,8668545200,0,0,0
zn2204,20220218,20220218,112103000,11:21:03,25155,69002,111762,8668670975,1,1,125775
zn2204,20220218,20220218,112103500,11:21:04,25155,69003,111762,8668796750,1,0,125775
zn2204,20220218,20220218,112104000,11:21:04,25155,69004,111762,8668922525,1,0,125775
zn2204,20220218,20220218,112104500,11:21:05,25155,69006,111764,8669174075,2,2,251550
zn2204,20220218,20220218,112105000,11:21:06,25155,69008,111764,8669425625,2,0,251550
zn2204,20220218,20220218,112106000,11:21:07,25160,69009,111764,8669551425,1,0,125800
zn2204,20220218,20220218,112106500,11:21:08,25160,69010,111764,8669677225,1,0,125800
zn2204,20220218,20220218,112107000,11:21:09,25160,69010,111764,8669677225,0,0,0
zn2204,20220218,20220218,112107500,11:21:10,25160,69029,111746,8672067425,19,-18,2390200
zn2204,20220218,20220218,112108000,11:21:10,25160,69029,111746,8672067425,0,0,0
zn2204,20220218,20220218,112110500,11:21:11,25160,69029,111746,8672067425,0,0,0
zn2204,20220218,20220218,112116000,11:21:16,25160,69029,111746,8672067425,0,0,0
zn2204,20220218,20220218,112116500,11:21:17,25160,69047,111734,8674331825,18,-12,2264400
zn2204,20220218,20220218,112117000,11:21:17,25160,69075,111721,8677854225,28,-13,3522400
zn2204,20220218,20220218,112117500,11:21:18,25160,69075,111721,8677854225,0,0,0
zn2204,20220218,20220218,112118000,11:21:18,25160,69075,111721,8677854225,0,0,0
zn2204,20220218,20220218,112118500,11:21:18,25160,69075,111721,8677854225,0,0,0
zn2204,20220218,20220218,112119000,11:21:19,25160,69075,111721,8677854225,0,0,0
zn2204,20220218,20220218,112119500,11:21:19,25160,69076,111720,8677980025,1,-1,125800
zn2204,20220218,20220218,112120000,11:21:20,25160,69076,111720,8677980025,0,0,0
zn2204,20220218,20220218,112123000,11:21:23,25160,69076,111720,8677980025,0,0,0
zn2204,20220218,20220218,112123500,11:21:23,25160,69076,111720,8677980025,0,0,0
zn2204,20220218,20220218,112124000,11:21:24,25160,69076,111720,8677980025,0,0,0
zn2204,20220218,20220218,112125500,11:23:32,25160,69076,111720,8677980025,0,0,0
zn2204,20220218,20220218,112332500,11:23:33,25165,69226,111727,8696852675,150,7,18872650
zn2204,20220218,20220218,112333000,11:23:33,25165,69226,111727,8696852675,0,0,0
zn2204,20220218,20220218,112333500,11:23:33,25165,69227,111726,8696978500,1,-1,125825
zn2204,20220218,20220218,112334000,11:23:34,25165,69227,111726,8696978500,0,0,0
zn2204,20220218,20220218,112335000,11:23:35,25165,69227,111726,8696978500,0,0,0
zn2204,20220218,20220218,112335500,11:23:35,25165,69227,111726,8696978500,0,0,0
zn2204,20220218,20220218,112337000,11:23:38,25165,69227,111726,8696978500,0,0,0
zn2204,20220218,20220218,112337500,11:23:38,25165,69227,111726,8696978500,0,0,0
zn2204,20220218,20220218,112338500,11:23:38,25165,69227,111726,8696978500,0,0,0
zn2204,20220218,20220218,112339000,11:23:39,25165,69227,111726,8696978500,0,0,0
zn2204,20220218,20220218,112339500,11:23:39,25170,69228,111726,8697104350,1,0,125850
zn2204,20220218,20220218,112340000,11:23:40,25170,69228,111726,8697104350,0,0,0
zn2204,20220218,20220218,112340500,11:23:40,25170,69228,111726,8697104350,0,0,0
zn2204,20220218,20220218,112341000,11:23:41,25170,69228,111726,8697104350,0,0,0
zn2204,20220218,20220218,112341500,11:23:42,25170,69228,111726,8697104350,0,0,0
zn2204,20220218,20220218,112342000,11:23:42,25170,69228,111726,8697104350,0,0,0
zn2204,20220218,20220218,112342500,11:23:42,25170,69228,111726,8697104350,0,0,0
zn2204,20220218,20220218,112344000,11:23:45,25170,69228,111726,8697104350,0,0,0
zn2204,20220218,20220218,112344500,11:23:48,25165,69229,111726,8697230175,1,0,125825
zn2204,20220218,20220218,112345500,11:23:48,25165,69230,111726,8697356000,1,0,125825
zn2204,20220218,20220218,112348000,11:23:48,25165,69230,111726,8697356000,0,0,0
zn2204,20220218,20220218,112348500,11:23:49,25165,69230,111726,8697356000,0,0,0
zn2204,20220218,20220218,112350000,11:23:50,25165,69254,111720,8700375775,24,-6,3019775
zn2204,20220218,20220218,112350500,11:23:50,25165,69255,111720,8700501600,1,0,125825
zn2204,20220218,20220218,112352500,11:23:52,25165,69255,111720,8700501600,0,0,0
zn2204,20220218,20220218,112353000,11:23:53,25165,69255,111720,8700501600,0,0,0
zn2204,20220218,20220218,112353500,11:23:53,25165,69255,111720,8700501600,0,0,0
zn2204,20220218,20220218,112354000,11:23:54,25165,69255,111720,8700501600,0,0,0
zn2204,20220218,20220218,112355000,11:23:55,25165,69255,111720,8700501600,0,0,0
zn2204,20220218,20220218,112355500,11:23:55,25165,69255,111720,8700501600,0,0,0
zn2204,20220218,20220218,112357000,11:23:57,25165,69255,111720,8700501600,0,0,0
zn2204,20220218,20220218,112357500,11:23:57,25165,69255,111720,8700501600,0,0,0
zn2204,20220218,20220218,112358000,11:23:58,25165,69255,111720,8700501600,0,0,0
zn2204,20220218,20220218,112358500,11:23:58,25165,69261,111717,8701256550,6,-3,754950
zn2204,20220218,20220218,112359000,11:23:59,25170,69271,111707,8702515050,10,-10,1258500
zn2204,20220218,20220218,112400000,11:24:00,25170,69271,111707,8702515050,0,0,0
zn2204,20220218,20220218,112401000,11:24:01,25170,69293,111697,8705283750,22,-10,2768700
zn2204,20220218,20220218,112401500,11:24:01,25170,69308,111700,8707171500,15,3,1887750
zn2204,20220218,20220218,112402000,11:24:02,25170,69308,111700,8707171500,0,0,0
zn2204,20220218,20220218,112402500,11:24:02,25170,69308,111700,8707171500,0,0,0
zn2204,20220218,20220218,112403000,11:24:03,25170,69308,111700,8707171500,0,0,0
zn2204,20220218,20220218,112403500,11:24:04,25170,69308,111700,8707171500,0,0,0
zn2204,20220218,20220218,112404000,11:24:04,25170,69308,111700,8707171500,0,0,0
zn2204,20220218,20220218,112404500,11:24:04,25170,69308,111700,8707171500,0,0,0
zn2204,20220218,20220218,112405000,11:24:05,25170,69308,111700,8707171500,0,0,0
zn2204,20220218,20220218,112405500,11:24:05,25170,69317,111705,8708304150,9,5,1132650
zn2204,20220218,20220218,112406000,11:24:06,25170,69318,111705,8708430000,1,0,125850
zn2204,20220218,20220218,112406500,11:24:06,25170,69318,111705,8708430000,0,0,0
zn2204,20220218,20220218,112407000,11:24:07,25170,69318,111705,8708430000,0,0,0
zn2204,20220218,20220218,112408500,11:24:08,25170,69318,111705,8708430000,0,0,0
zn2204,20220218,20220218,112409000,11:24:11,25170,69318,111705,8708430000,0,0,0
zn2204,20220218,20220218,112410500,11:24:12,25170,69318,111705,8708430000,0,0,0
zn2204,20220218,20220218,112411000,11:24:12,25170,69318,111705,8708430000,0,0,0
zn2204,20220218,20220218,112411500,11:24:12,25170,69318,111705,8708430000,0,0,0
zn2204,20220218,20220218,112412500,11:24:13,25170,69319,111705,8708555850,1,0,125850
zn2204,20220218,20220218,112415000,11:24:15,25170,69320,111705,8708681700,1,0,125850
zn2204,20220218,20220218,112416500,11:24:17,25170,69327,111705,8709562650,7,0,880950
zn2204,20220218,20220218,112417000,11:24:17,25170,69327,111705,8709562650,0,0,0
zn2204,20220218,20220218,112417500,11:24:18,25170,69327,111705,8709562650,0,0,0
zn2204,20220218,20220218,112418000,11:24:18,25170,69327,111705,8709562650,0,0,0
zn2204,20220218,20220218,112418500,11:24:19,25170,69327,111705,8709562650,0,0,0
zn2204,20220218,20220218,112419500,11:24:20,25170,69328,111705,8709688500,1,0,125850
zn2204,20220218,20220218,112420000,11:24:20,25170,69329,111705,8709814350,1,0,125850
zn2204,20220218,20220218,112421500,11:24:22,25170,69329,111705,8709814350,0,0,0
zn2204,20220218,20220218,112424000,11:24:24,25170,69329,111705,8709814350,0,0,0
zn2204,20220218,20220218,112424500,11:24:24,25170,69329,111705,8709814350,0,0,0
zn2204,20220218,20220218,112425000,11:24:25,25170,69329,111705,8709814350,0,0,0
zn2204,20220218,20220218,112425500,11:24:25,25170,69329,111705,8709814350,0,0,0
zn2204,20220218,20220218,112426500,11:24:26,25170,69329,111705,8709814350,0,0,0
zn2204,20220218,20220218,112427000,11:24:27,25170,69329,111705,8709814350,0,0,0
zn2204,20220218,20220218,112428000,11:24:28,25170,69329,111705,8709814350,0,0,0
zn2204,20220218,20220218,112428500,11:24:28,25170,69329,111705,8709814350,0,0,0
zn2204,20220218,20220218,112431500,11:24:31,25170,69329,111705,8709814350,0,0,0
zn2204,20220218,20220218,112432000,11:24:32,25170,69329,111705,8709814350,0,0,0
zn2204,20220218,20220218,112432500,11:24:32,25170,69330,111705,8709940200,1,0,125850
zn2204,20220218,20220218,112434000,11:24:34,25170,69330,111705,8709940200,0,0,0
zn2204,20220218,20220218,112434500,11:24:34,25170,69330,111705,8709940200,0,0,0
zn2204,20220218,20220218,112436000,11:24:36,25170,69330,111705,8709940200,0,0,0
zn2204,20220218,20220218,112437500,11:24:37,25165,69331,111705,8710066025,1,0,125825
zn2204,20220218,20220218,112438000,11:24:39,25165,69331,111705,8710066025,0,0,0
zn2204,20220218,20220218,112438500,11:24:39,25165,69331,111705,8710066025,0,0,0
zn2204,20220218,20220218,112439000,11:24:40,25165,69331,111705,8710066025,0,0,0
zn2204,20220218,20220218,112440000,11:24:40,25165,69332,111706,8710191850,1,1,125825
zn2204,20220218,20220218,112440500,11:24:40,25165,69356,111709,8713211650,24,3,3019800
zn2204,20220218,20220218,112441000,11:24:41,25165,69356,111709,8713211650,0,0,0
zn2204,20220218,20220218,112441500,11:24:41,25165,69358,111707,8713463300,2,-2,251650
zn2204,20220218,20220218,112442000,11:24:42,25165,69358,111707,8713463300,0,0,0
zn2204,20220218,20220218,112442500,11:24:42,25165,69358,111707,8713463300,0,0,0
zn2204,20220218,20220218,112443000,11:24:43,25165,69358,111707,8713463300,0,0,0
zn2204,20220218,20220218,112443500,11:24:43,25165,69358,111707,8713463300,0,0,0
zn2204,20220218,20220218,112444000,11:24:44,25165,69358,111707,8713463300,0,0,0
zn2204,20220218,20220218,112444500,11:24:44,25160,69362,111707,8713966500,4,0,503200
zn2204,20220218,20220218,112445000,11:24:45,25160,69362,111707,8713966500,0,0,0
zn2204,20220218,20220218,112445500,11:24:45,25160,69362,111707,8713966500,0,0,0
zn2204,20220218,20220218,112447500,11:24:47,25160,69362,111707,8713966500,0,0,0
zn2204,20220218,20220218,112451500,11:24:52,25160,69362,111707,8713966500,0,0,0
zn2204,20220218,20220218,112452000,11:24:52,25160,69362,111707,8713966500,0,0,0
zn2204,20220218,20220218,112459500,11:24:59,25160,69362,111707,8713966500,0,0,0
zn2204,20220218,20220218,112500000,11:25:00,25160,69362,111707,8713966500,0,0,0
zn2204,20220218,20220218,112501500,11:25:04,25160,69362,111707,8713966500,0,0,0
zn2204,20220218,20220218,112502000,11:25:05,25160,69362,111707,8713966500,0,0,0
zn2204,20220218,20220218,112502500,11:25:06,25160,69363,111707,8714092300,1,0,125800
zn2204,20220218,20220218,112504500,11:25:06,25160,69363,111707,8714092300,0,0,0
zn2204,20220218,20220218,112505000,11:25:06,25170,69397,111685,8718370725,34,-22,4278425
zn2204,20220218,20220218,112505500,11:25:06,25170,69397,111685,8718370725,0,0,0
zn2204,20220218,20220218,112506000,11:25:06,25170,69397,111685,8718370725,0,0,0
zn2204,20220218,20220218,112506500,11:25:07,25170,69397,111685,8718370725,0,0,0
zn2204,20220218,20220218,112508000,11:25:08,25170,69399,111685,8718622425,2,0,251700
zn2204,20220218,20220218,112513000,11:25:13,25170,69399,111685,8718622425,0,0,0
zn2204,20220218,20220218,112515000,11:25:16,25170,69399,111685,8718622425,0,0,0
zn2204,20220218,20220218,112515500,11:25:16,25170,69399,111685,8718622425,0,0,0
zn2204,20220218,20220218,112516000,11:25:16,25170,69402,111685,8718999975,3,0,377550
zn2204,20220218,20220218,112516500,11:25:16,25170,69402,111685,8718999975,0,0,0
zn2204,20220218,20220218,112517000,11:25:18,25170,69402,111685,8718999975,0,0,0
zn2204,20220218,20220218,112517500,11:25:18,25170,69402,111685,8718999975,0,0,0
zn2204,20220218,20220218,112518000,11:25:18,25170,69402,111685,8718999975,0,0,0
zn2204,20220218,20220218,112519000,11:25:19,25170,69402,111685,8718999975,0,0,0
zn2204,20220218,20220218,112519500,11:25:19,25170,69402,111685,8718999975,0,0,0
zn2204,20220218,20220218,112523000,11:25:23,25170,69402,111685,8718999975,0,0,0
zn2204,20220218,20220218,112524000,11:25:25,25165,69426,111702,8722019775,24,17,3019800
zn2204,20220218,20220218,112524500,11:25:25,25165,69426,111702,8722019775,0,0,0
zn2204,20220218,20220218,112525000,11:25:25,25160,69431,111704,8722648775,5,2,629000
zn2204,20220218,20220218,112525500,11:25:26,25160,69436,111704,8723277775,5,0,629000
zn2204,20220218,20220218,112526000,11:25:26,25160,69437,111703,8723403575,1,-1,125800
zn2204,20220218,20220218,112526500,11:25:27,25160,69443,111701,8724158375,6,-2,754800
zn2204,20220218,20220218,112527000,11:25:27,25165,69444,111701,8724284200,1,0,125825
zn2204,20220218,20220218,112527500,11:25:28,25155,69445,111700,8724409975,1,-1,125775
zn2204,20220218,20220218,112529000,11:25:29,25155,69445,111700,8724409975,0,0,0
zn2204,20220218,20220218,112533000,11:25:33,25155,69445,111700,8724409975,0,0,0
zn2204,20220218,20220218,112533500,11:25:33,25160,69452,111702,8725290575,7,2,880600
zn2204,20220218,20220218,112534000,11:25:34,25160,69452,111702,8725290575,0,0,0
zn2204,20220218,20220218,112534500,11:25:35,25160,69452,111702,8725290575,0,0,0
zn2204,20220218,20220218,112537500,11:25:38,25160,69452,111702,8725290575,0,0,0
zn2204,20220218,20220218,112538000,11:25:38,25160,69452,111702,8725290575,0,0,0
zn2204,20220218,20220218,112540500,11:25:41,25160,69452,111702,8725290575,0,0,0
zn2204,20220218,20220218,112542000,11:25:42,25160,69452,111702,8725290575,0,0,0
zn2204,20220218,20220218,112543000,11:25:43,25160,69452,111702,8725290575,0,0,0
zn2204,20220218,20220218,112546500,11:25:48,25155,69463,111698,8726674100,11,-4,1383525
zn2204,20220218,20220218,112547000,11:25:48,25155,69463,111698,8726674100,0,0,0
zn2204,20220218,20220218,112547500,11:25:48,25155,69463,111698,8726674100,0,0,0
zn2204,20220218,20220218,112548000,11:25:48,25155,69463,111698,8726674100,0,0,0
zn2204,20220218,20220218,112548500,11:25:48,25155,69466,111700,8727051425,3,2,377325
zn2204,20220218,20220218,112549000,11:25:49,25155,69466,111700,8727051425,0,0,0
zn2204,20220218,20220218,112549500,11:25:49,25155,69466,111700,8727051425,0,0,0
zn2204,20220218,20220218,112550500,11:25:51,25155,69466,111700,8727051425,0,0,0
zn2204,20220218,20220218,112551000,11:25:51,25155,69470,111700,8727554525,4,0,503100
zn2204,20220218,20220218,112551500,11:25:51,25160,69475,111700,8728183525,5,0,629000
zn2204,20220218,20220218,112552000,11:25:52,25160,69475,111700,8728183525,0,0,0
zn2204,20220218,20220218,112552500,11:25:52,25155,69476,111700,8728309300,1,0,125775
zn2204,20220218,20220218,112553000,11:25:53,25155,69476,111700,8728309300,0,0,0
zn2204,20220218,20220218,112553500,11:25:54,25155,69476,111700,8728309300,0,0,0
zn2204,20220218,20220218,112554000,11:25:54,25155,69476,111700,8728309300,0,0,0
zn2204,20220218,20220218,112556500,11:25:57,25155,69476,111700,8728309300,0,0,0
zn2204,20220218,20220218,112557000,11:25:57,25155,69476,111700,8728309300,0,0,0
zn2204,20220218,20220218,112557500,11:25:57,25155,69477,111700,8728435075,1,0,125775
zn2204,20220218,20220218,112558000,11:25:59,25155,69477,111700,8728435075,0,0,0
zn2204,20220218,20220218,112558500,11:25:59,25155,69477,111700,8728435075,0,0,0
zn2204,20220218,20220218,112559000,11:26:00,25155,69477,111700,8728435075,0,0,0
zn2204,20220218,20220218,112559500,11:26:00,25155,69477,111700,8728435075,0,0,0
zn2204,20220218,20220218,112600000,11:26:00,25155,69477,111700,8728435075,0,0,0
zn2204,20220218,20220218,112600500,11:26:01,25155,69477,111700,8728435075,0,0,0
zn2204,20220218,20220218,112602000,11:26:03,25155,69477,111700,8728435075,0,0,0
zn2204,20220218,20220218,112604000,11:26:05,25155,69477,111700,8728435075,0,0,0
zn2204,20220218,20220218,112604500,11:26:05,25155,69478,111701,8728560850,1,1,125775
zn2204,20220218,20220218,112605000,11:26:05,25155,69478,111701,8728560850,0,0,0
zn2204,20220218,20220218,112605500,11:26:06,25155,69480,111701,8728812400,2,0,251550
zn2204,20220218,20220218,112606000,11:26:06,25155,69481,111701,8728938175,1,0,125775
zn2204,20220218,20220218,112606500,11:26:09,25155,69481,111701,8728938175,0,0,0
zn2204,20220218,20220218,112607000,11:26:09,25155,69481,111701,8728938175,0,0,0
zn2204,20220218,20220218,112609000,11:26:10,25155,69481,111701,8728938175,0,0,0
zn2204,20220218,20220218,112610500,11:26:11,25155,69481,111701,8728938175,0,0,0
zn2204,20220218,20220218,112611000,11:26:11,25155,69481,111701,8728938175,0,0,0
zn2204,20220218,20220218,112611500,11:26:13,25150,69482,111701,8729063925,1,0,125750
zn2204,20220218,20220218,112612000,11:26:14,25155,69483,111700,8729189700,1,-1,125775
zn2204,20220218,20220218,112614000,11:26:15,25155,69483,111700,8729189700,0,0,0
zn2204,20220218,20220218,112616000,11:26:16,25155,69483,111700,8729189700,0,0,0
zn2204,20220218,20220218,112617000,11:26:17,25155,69483,111700,8729189700,0,0,0
zn2204,20220218,20220218,112617500,11:26:17,25150,69484,111700,8729315450,1,0,125750
zn2204,20220218,20220218,112618000,11:26:18,25150,69484,111700,8729315450,0,0,0
zn2204,20220218,20220218,112620000,11:26:20,25150,69484,111700,8729315450,0,0,0
zn2204,20220218,20220218,112620500,11:26:20,25150,69484,111700,8729315450,0,0,0
zn2204,20220218,20220218,112621000,11:26:21,25150,69484,111700,8729315450,0,0,0
zn2204,20220218,20220218,112621500,11:26:21,25155,69488,111700,8729818550,4,0,503100
zn2204,20220218,20220218,112622000,11:26:22,25155,69488,111700,8729818550,0,0,0
zn2204,20220218,20220218,112622500,11:26:22,25155,69488,111700,8729818550,0,0,0
zn2204,20220218,20220218,112623000,11:26:23,25155,69488,111700,8729818550,0,0,0
zn2204,20220218,20220218,112628000,11:26:28,25155,69489,111700,8729944325,1,0,125775
zn2204,20220218,20220218,112628500,11:26:28,25155,69489,111700,8729944325,0,0,0
zn2204,20220218,20220218,112634500,11:26:37,25150,69496,111705,8730824575,7,5,880250
zn2204,20220218,20220218,112635000,11:26:37,25150,69496,111705,8730824575,0,0,0
zn2204,20220218,20220218,112637000,11:26:54,25150,69512,111706,8732836575,16,1,2012000
zn2204,20220218,20220218,112637500,11:27:10,25150,69512,111706,8732836575,0,0,0
zn2204,20220218,20220218,112638000,11:27:10,25150,69512,111706,8732836575,0,0,0
zn2204,20220218,20220218,112638500,11:27:10,25150,69512,111706,8732836575,0,0,0
zn2204,20220218,20220218,112653500,11:27:12,25150,69512,111706,8732836575,0,0,0
zn2204,20220218,20220218,112710000,11:27:12,25150,69512,111706,8732836575,0,0,0
zn2204,20220218,20220218,112710500,11:27:12,25150,69512,111706,8732836575,0,0,0
zn2204,20220218,20220218,112711500,11:27:13,25150,69512,111706,8732836575,0,0,0
zn2204,20220218,20220218,112712500,11:27:13,25150,69512,111706,8732836575,0,0,0
zn2204,20220218,20220218,112713000,11:27:14,25150,69512,111706,8732836575,0,0,0
zn2204,20220218,20220218,112714000,11:27:15,25150,69512,111706,8732836575,0,0,0
zn2204,20220218,20220218,112714500,11:27:15,25145,69552,111707,8737866100,40,1,5029525
zn2204,20220218,20220218,112718000,11:27:18,25145,69552,111707,8737866100,0,0,0
zn2204,20220218,20220218,112719500,11:27:20,25145,69552,111707,8737866100,0,0,0
zn2204,20220218,20220218,112723000,11:27:26,25145,69552,111707,8737866100,0,0,0
zn2204,20220218,20220218,112729500,11:27:29,25145,69552,111707,8737866100,0,0,0
zn2204,20220218,20220218,112731000,11:27:32,25145,69552,111707,8737866100,0,0,0
zn2204,20220218,20220218,112731500,11:27:35,25145,69554,111706,8738117550,2,-1,251450
zn2204,20220218,20220218,112732000,11:27:36,25150,69556,111707,8738369050,2,1,251500
zn2204,20220218,20220218,112734000,11:27:36,25150,69556,111707,8738369050,0,0,0
zn2204,20220218,20220218,112736500,11:27:38,25150,69556,111707,8738369050,0,0,0
zn2204,20220218,20220218,112737500,11:27:38,25150,69556,111707,8738369050,0,0,0
zn2204,20220218,20220218,112738000,11:27:38,25150,69556,111707,8738369050,0,0,0
zn2204,20220218,20220218,112739000,11:27:39,25150,69556,111707,8738369050,0,0,0
zn2204,20220218,20220218,112739500,11:27:39,25150,69556,111707,8738369050,0,0,0
zn2204,20220218,20220218,112740000,11:27:40,25150,69556,111707,8738369050,0,0,0
zn2204,20220218,20220218,112741500,11:27:42,25155,69558,111706,8738620600,2,-1,251550
zn2204,20220218,20220218,112742000,11:27:42,25155,69558,111706,8738620600,0,0,0
zn2204,20220218,20220218,112742500,11:27:43,25155,69558,111706,8738620600,0,0,0
zn2204,20220218,20220218,112743500,11:27:43,25155,69558,111706,8738620600,0,0,0
zn2204,20220218,20220218,112744500,11:27:45,25155,69558,111706,8738620600,0,0,0
zn2204,20220218,20220218,112745000,11:27:45,25155,69565,111702,8739501025,7,-4,880425
zn2204,20220218,20220218,112745500,11:27:46,25155,69566,111701,8739626800,1,-1,125775
zn2204,20220218,20220218,112746000,11:27:46,25155,69569,111700,8740004125,3,-1,377325
zn2204,20220218,20220218,112746500,11:27:47,25155,69569,111700,8740004125,0,0,0
zn2204,20220218,20220218,112747000,11:27:47,25155,69569,111700,8740004125,0,0,0
zn2204,20220218,20220218,112747500,11:27:47,25155,69569,111700,8740004125,0,0,0
zn2204,20220218,20220218,112748000,11:27:53,25155,69569,111700,8740004125,0,0,0
zn2204,20220218,20220218,112748500,11:27:54,25155,69569,111700,8740004125,0,0,0
zn2204,20220218,20220218,112749000,11:27:54,25150,69574,111701,8740632875,5,1,628750
zn2204,20220218,20220218,112749500,11:27:54,25150,69575,111701,8740758625,1,0,125750
zn2204,20220218,20220218,112754000,11:27:54,25150,69576,111701,8740884375,1,0,125750
zn2204,20220218,20220218,112755000,11:27:55,25150,69576,111701,8740884375,0,0,0
zn2204,20220218,20220218,112756500,11:27:56,25145,69577,111701,8741010100,1,0,125725
zn2204,20220218,20220218,112757000,11:27:57,25145,69577,111701,8741010100,0,0,0
zn2204,20220218,20220218,112757500,11:27:57,25145,69577,111701,8741010100,0,0,0
zn2204,20220218,20220218,112758000,11:27:58,25145,69577,111701,8741010100,0,0,0
zn2204,20220218,20220218,112758500,11:27:59,25145,69577,111701,8741010100,0,0,0
zn2204,20220218,20220218,112759000,11:27:59,25145,69578,111701,8741135825,1,0,125725
zn2204,20220218,20220218,112759500,11:27:59,25145,69578,111701,8741135825,0,0,0
zn2204,20220218,20220218,112800000,11:28:00,25145,69579,111701,8741261550,1,0,125725
zn2204,20220218,20220218,112800500,11:28:01,25145,69579,111701,8741261550,0,0,0
zn2204,20220218,20220218,112801000,11:28:01,25150,69584,111701,8741890300,5,0,628750
zn2204,20220218,20220218,112801500,11:28:02,25150,69584,111701,8741890300,0,0,0
zn2204,20220218,20220218,112802000,11:28:03,25150,69584,111701,8741890300,0,0,0
zn2204,20220218,20220218,112802500,11:28:03,25150,69587,111702,8742267550,3,1,377250
zn2204,20220218,20220218,112803000,11:28:04,25150,69588,111703,8742393300,1,1,125750
zn2204,20220218,20220218,112803500,11:28:04,25150,69588,111703,8742393300,0,0,0
zn2204,20220218,20220218,112807000,11:28:10,25150,69588,111703,8742393300,0,0,0
zn2204,20220218,20220218,112810000,11:28:11,25150,69588,111703,8742393300,0,0,0
zn2204,20220218,20220218,112810500,11:28:12,25145,69589,111703,8742519025,1,0,125725
zn2204,20220218,20220218,112813500,11:28:14,25145,69589,111703,8742519025,0,0,0
zn2204,20220218,20220218,112814000,11:28:14,25145,69589,111703,8742519025,0,0,0
zn2204,20220218,20220218,112815000,11:28:15,25150,69590,111703,8742644775,1,0,125750
zn2204,20220218,20220218,112819000,11:28:19,25150,69594,111703,8743147775,4,0,503000
zn2204,20220218,20220218,112819500,11:28:19,25150,69595,111703,8743273525,1,0,125750
zn2204,20220218,20220218,112820000,11:28:20,25150,69596,111704,8743399275,1,1,125750
zn2204,20220218,20220218,112821000,11:28:21,25150,69596,111704,8743399275,0,0,0
zn2204,20220218,20220218,112821500,11:28:22,25145,69598,111703,8743650750,2,-1,251475
zn2204,20220218,20220218,112822000,11:28:22,25145,69598,111703,8743650750,0,0,0
zn2204,20220218,20220218,112823000,11:28:23,25145,69598,111703,8743650750,0,0,0
zn2204,20220218,20220218,112823500,11:28:23,25145,69598,111703,8743650750,0,0,0
zn2204,20220218,20220218,112824500,11:28:24,25145,69598,111703,8743650750,0,0,0
zn2204,20220218,20220218,112825000,11:28:25,25145,69598,111703,8743650750,0,0,0
zn2204,20220218,20220218,112825500,11:28:25,25145,69598,111703,8743650750,0,0,0
zn2204,20220218,20220218,112826500,11:28:27,25145,69598,111703,8743650750,0,0,0
zn2204,20220218,20220218,112828500,11:28:28,25145,69598,111703,8743650750,0,0,0
zn2204,20220218,20220218,112829000,11:28:29,25150,69602,111704,8744153750,4,1,503000
zn2204,20220218,20220218,112829500,11:28:30,25150,69602,111704,8744153750,0,0,0
zn2204,20220218,20220218,112830000,11:28:30,25150,69603,111703,8744279500,1,-1,125750
zn2204,20220218,20220218,112830500,11:28:31,25150,69604,111704,8744405250,1,1,125750
zn2204,20220218,20220218,112831500,11:28:31,25150,69604,111704,8744405250,0,0,0
zn2204,20220218,20220218,112832000,11:28:32,25150,69604,111704,8744405250,0,0,0
zn2204,20220218,20220218,112832500,11:28:33,25150,69606,111702,8744656750,2,-2,251500
zn2204,20220218,20220218,112833000,11:28:33,25150,69606,111702,8744656750,0,0,0
zn2204,20220218,20220218,112833500,11:28:34,25150,69606,111702,8744656750,0,0,0
zn2204,20220218,20220218,112834000,11:28:34,25150,69609,111701,8745034000,3,-1,377250
zn2204,20220218,20220218,112834500,11:28:34,25150,69609,111701,8745034000,0,0,0
zn2204,20220218,20220218,112835000,11:28:35,25150,69609,111701,8745034000,0,0,0
zn2204,20220218,20220218,112835500,11:28:37,25150,69611,111702,8745285500,2,1,251500
zn2204,20220218,20220218,112836000,11:28:37,25150,69611,111702,8745285500,0,0,0
zn2204,20220218,20220218,112836500,11:28:37,25150,69611,111702,8745285500,0,0,0
zn2204,20220218,20220218,112838000,11:28:38,25150,69611,111702,8745285500,0,0,0
zn2204,20220218,20220218,112838500,11:28:38,25150,69611,111702,8745285500,0,0,0
zn2204,20220218,20220218,112839000,11:28:40,25150,69611,111702,8745285500,0,0,0
zn2204,20220218,20220218,112839500,11:28:40,25150,69611,111702,8745285500,0,0,0
zn2204,20220218,20220218,112840000,11:28:40,25150,69611,111702,8745285500,0,0,0
zn2204,20220218,20220218,112841500,11:28:41,25150,69611,111702,8745285500,0,0,0
zn2204,20220218,20220218,112842000,11:28:42,25150,69611,111702,8745285500,0,0,0
zn2204,20220218,20220218,112845500,11:28:46,25150,69612,111701,8745411250,1,-1,125750
zn2204,20220218,20220218,112846500,11:28:46,25150,69612,111701,8745411250,0,0,0
zn2204,20220218,20220218,112849500,11:28:50,25155,69614,111701,8745662800,2,0,251550
zn2204,20220218,20220218,112850000,11:28:50,25155,69616,111700,8745914350,2,-1,251550
zn2204,20220218,20220218,112850500,11:28:50,25150,69618,111698,8746165875,2,-2,251525
zn2204,20220218,20220218,112851000,11:28:51,25150,69618,111698,8746165875,0,0,0
zn2204,20220218,20220218,112852000,11:28:53,25150,69618,111698,8746165875,0,0,0
zn2204,20220218,20220218,112853500,11:28:54,25150,69618,111698,8746165875,0,0,0
zn2204,20220218,20220218,112854000,11:28:54,25150,69618,111698,8746165875,0,0,0
zn2204,20220218,20220218,112854500,11:28:54,25150,69618,111698,8746165875,0,0,0
zn2204,20220218,20220218,112856500,11:28:56,25150,69618,111698,8746165875,0,0,0
zn2204,20220218,20220218,112857000,11:28:57,25150,69618,111698,8746165875,0,0,0
zn2204,20220218,20220218,112857500,11:28:58,25150,69618,111698,8746165875,0,0,0
zn2204,20220218,20220218,112858500,11:28:59,25150,69618,111698,8746165875,0,0,0
zn2204,20220218,20220218,112859000,11:28:59,25150,69618,111698,8746165875,0,0,0
zn2204,20220218,20220218,112859500,11:29:00,25150,69618,111698,8746165875,0,0,0
zn2204,20220218,20220218,112900000,11:29:00,25150,69618,111698,8746165875,0,0,0
zn2204,20220218,20220218,112900500,11:29:01,25150,69618,111698,8746165875,0,0,0
zn2204,20220218,20220218,112901000,11:29:01,25150,69618,111698,8746165875,0,0,0
zn2204,20220218,20220218,112901500,11:29:02,25150,69618,111698,8746165875,0,0,0
zn2204,20220218,20220218,112902500,11:29:03,25155,69628,111697,8747423625,10,-1,1257750
zn2204,20220218,20220218,112903000,11:29:03,25155,69628,111697,8747423625,0,0,0
zn2204,20220218,20220218,112903500,11:29:04,25155,69628,111697,8747423625,0,0,0
zn2204,20220218,20220218,112904500,11:29:04,25155,69629,111698,8747549400,1,1,125775
zn2204,20220218,20220218,112905000,11:29:05,25155,69638,111698,8748681375,9,0,1131975
zn2204,20220218,20220218,112905500,11:29:06,25160,69639,111698,8748807175,1,0,125800
zn2204,20220218,20220218,112906000,11:29:06,25160,69639,111698,8748807175,0,0,0
zn2204,20220218,20220218,112906500,11:29:06,25160,69639,111698,8748807175,0,0,0
zn2204,20220218,20220218,112907000,11:29:08,25155,69642,111701,8749184500,3,3,377325
zn2204,20220218,20220218,112908000,11:29:08,25155,69642,111701,8749184500,0,0,0
zn2204,20220218,20220218,112908500,11:29:08,25155,69642,111701,8749184500,0,0,0
zn2204,20220218,20220218,112909000,11:29:09,25160,69644,111699,8749436100,2,-2,251600
zn2204,20220218,20220218,112909500,11:29:09,25155,69651,111692,8750316525,7,-7,880425
zn2204,20220218,20220218,112910000,11:29:10,25155,69651,111692,8750316525,0,0,0
zn2204,20220218,20220218,112910500,11:29:10,25150,69652,111691,8750442275,1,-1,125750
zn2204,20220218,20220218,112911000,11:29:11,25150,69652,111691,8750442275,0,0,0
zn2204,20220218,20220218,112911500,11:29:12,25150,69652,111691,8750442275,0,0,0
zn2204,20220218,20220218,112912000,11:29:12,25150,69653,111692,8750568025,1,1,125750
zn2204,20220218,20220218,112913000,11:29:13,25150,69653,111692,8750568025,0,0,0
zn2204,20220218,20220218,112913500,11:29:14,25150,69653,111692,8750568025,0,0,0
zn2204,20220218,20220218,112914000,11:29:14,25150,69653,111692,8750568025,0,0,0
zn2204,20220218,20220218,112914500,11:29:15,25150,69653,111692,8750568025,0,0,0
zn2204,20220218,20220218,112920000,11:29:22,25150,69653,111692,8750568025,0,0,0
zn2204,20220218,20220218,112921000,11:29:22,25150,69653,111692,8750568025,0,0,0
zn2204,20220218,20220218,112921500,11:29:24,25150,69653,111692,8750568025,0,0,0
zn2204,20220218,20220218,112922000,11:29:24,25150,69654,111692,8750693775,1,0,125750
zn2204,20220218,20220218,112922500,11:29:24,25150,69654,111692,8750693775,0,0,0
zn2204,20220218,20220218,112924500,11:29:24,25150,69654,111692,8750693775,0,0,0
zn2204,20220218,20220218,112925000,11:29:25,25150,69654,111692,8750693775,0,0,0
zn2204,20220218,20220218,112926500,11:29:26,25150,69654,111692,8750693775,0,0,0
zn2204,20220218,20220218,112927000,11:29:27,25150,69654,111692,8750693775,0,0,0
zn2204,20220218,20220218,112928500,11:29:28,25150,69654,111692,8750693775,0,0,0
zn2204,20220218,20220218,112929000,11:29:29,25150,69654,111692,8750693775,0,0,0
zn2204,20220218,20220218,112929500,11:29:29,25150,69654,111692,8750693775,0,0,0
zn2204,20220218,20220218,112930000,11:29:30,25150,69654,111692,8750693775,0,0,0
zn2204,20220218,20220218,112930500,11:29:31,25150,69654,111692,8750693775,0,0,0
zn2204,20220218,20220218,112931500,11:29:32,25150,69654,111692,8750693775,0,0,0
zn2204,20220218,20220218,112932000,11:29:32,25150,69654,111692,8750693775,0,0,0
zn2204,20220218,20220218,112932500,11:29:36,25150,69654,111692,8750693775,0,0,0
zn2204,20220218,20220218,112933000,11:29:37,25150,69654,111692,8750693775,0,0,0
zn2204,20220218,20220218,112933500,11:29:38,25150,69654,111692,8750693775,0,0,0
zn2204,20220218,20220218,112936500,11:29:38,25150,69654,111692,8750693775,0,0,0
zn2204,20220218,20220218,112937500,11:29:38,25150,69654,111692,8750693775,0,0,0
zn2204,20220218,20220218,112938000,11:29:38,25150,69654,111692,8750693775,0,0,0
zn2204,20220218,20220218,112938500,11:29:39,25150,69654,111692,8750693775,0,0,0
zn2204,20220218,20220218,112939000,11:29:39,25150,69654,111692,8750693775,0,0,0
zn2204,20220218,20220218,112940000,11:29:40,25150,69654,111692,8750693775,0,0,0
zn2204,20220218,20220218,112940500,11:29:40,25150,69654,111692,8750693775,0,0,0
zn2204,20220218,20220218,112942000,11:29:44,25150,69654,111692,8750693775,0,0,0
zn2204,20220218,20220218,112943000,11:29:45,25155,69662,111686,8751699875,8,-6,1006100
zn2204,20220218,20220218,112943500,11:29:45,25155,69662,111686,8751699875,0,0,0
zn2204,20220218,20220218,112945000,11:29:46,25155,69664,111686,8751951425,2,0,251550
zn2204,20220218,20220218,112945500,11:29:46,25155,69664,111686,8751951425,0,0,0
zn2204,20220218,20220218,112946000,11:29:47,25155,69664,111686,8751951425,0,0,0
zn2204,20220218,20220218,112946500,11:29:47,25155,69664,111686,8751951425,0,0,0
zn2204,20220218,20220218,112947000,11:29:47,25155,69666,111684,8752202975,2,-2,251550
zn2204,20220218,20220218,112947500,11:29:48,25155,69666,111684,8752202975,0,0,0
zn2204,20220218,20220218,112948000,11:29:49,25155,69666,111684,8752202975,0,0,0
zn2204,20220218,20220218,112948500,11:29:50,25160,69667,111683,8752328775,1,-1,125800
zn2204,20220218,20220218,112950000,11:29:51,25160,69682,111668,8754215775,15,-15,1887000
zn2204,20220218,20220218,112950500,11:29:51,25160,69682,111668,8754215775,0,0,0
zn2204,20220218,20220218,112951500,11:29:52,25160,69682,111668,8754215775,0,0,0
zn2204,20220218,20220218,112952000,11:29:53,25160,69682,111668,8754215775,0,0,0
zn2204,20220218,20220218,112952500,11:29:53,25160,69682,111668,8754215775,0,0,0
zn2204,20220218,20220218,112955500,11:29:56,25160,69682,111668,8754215775,0,0,0
zn2204,20220218,20220218,112956000,11:29:56,25160,69682,111668,8754215775,0,0,0
zn2204,20220218,20220218,112956500,11:30:00,25160,69682,111668,8754215775,0,0,0
zn2204,20220218,20220218,112957000,11:30:02,25165,69699,111663,8756354450,17,-5,2138675
zn2204,20220218,20220218,112957500,11:30:02,25160,69703,111663,8756857650,4,0,503200
zn2204,20220218,20220218,112959500,11:30:03,25160,69703,111663,8756857650,0,0,0
zn2204,20220218,20220218,113000000,11:30:03,25160,69703,111663,8756857650,0,0,0
zn2204,20220218,20220218,113001000,11:30:03,25160,69703,111663,8756857650,0,0,0
zn2204,20220218,20220218,113001500,11:30:03,25160,69703,111663,8756857650,0,0,0
zn2204,20220218,20220218,133002000,13:30:08,25175,69759,111674,8763905075,56,11,7047425
zn2204,20220218,20220218,133002500,13:30:10,25175,69787,111679,8767429000,28,5,3523925
zn2204,20220218,20220218,133008000,13:30:10,25175,69787,111679,8767429000,0,0,0
zn2204,20220218,20220218,133009500,13:30:11,25175,69787,111679,8767429000,0,0,0
zn2204,20220218,20220218,133010000,13:30:11,25175,69940,111733,8786690625,153,54,19261625
zn2204,20220218,20220218,133010500,13:30:12,25175,69940,111733,8786690625,0,0,0
zn2204,20220218,20220218,133011000,13:30:13,25170,69953,111727,8788326675,13,-6,1636050
zn2204,20220218,20220218,133011500,13:30:13,25170,69978,111719,8791472325,25,-8,3145650
zn2204,20220218,20220218,133012500,13:30:13,25160,69989,111716,8792856300,11,-3,1383975
zn2204,20220218,20220218,133013000,13:30:14,25160,69998,111714,8793988550,9,-2,1132250
zn2204,20220218,20220218,133013500,13:30:14,25160,70026,111687,8797510950,28,-27,3522400
zn2204,20220218,20220218,133014000,13:30:15,25160,70034,111691,8798517400,8,4,1006450
zn2204,20220218,20220218,133014500,13:30:16,25160,70036,111691,8798769000,2,0,251600
zn2204,20220218,20220218,133015000,13:30:17,25160,70036,111691,8798769000,0,0,0
zn2204,20220218,20220218,133016500,13:30:18,25160,70036,111691,8798769000,0,0,0
zn2204,20220218,20220218,133017500,13:30:19,25160,70036,111691,8798769000,0,0,0
zn2204,20220218,20220218,133018000,13:30:19,25170,70053,111693,8800908075,17,2,2139075
zn2204,20220218,20220218,133018500,13:30:20,25170,70064,111693,8802292425,11,0,1384350
zn2204,20220218,20220218,133019000,13:30:20,25170,70064,111693,8802292425,0,0,0
zn2204,20220218,20220218,133019500,13:30:20,25170,70065,111693,8802418275,1,0,125850
zn2204,20220218,20220218,133020000,13:30:21,25170,70065,111693,8802418275,0,0,0
zn2204,20220218,20220218,133020500,13:30:21,25170,70065,111693,8802418275,0,0,0
zn2204,20220218,20220218,133021000,13:30:21,25170,70066,111694,8802544125,1,1,125850
zn2204,20220218,20220218,133021500,13:30:22,25170,70069,111696,8802921675,3,2,377550
zn2204,20220218,20220218,133022000,13:30:38,25170,70069,111696,8802921675,0,0,0
zn2204,20220218,20220218,133022500,13:30:38,25170,70069,111696,8802921675,0,0,0
zn2204,20220218,20220218,133023000,13:30:38,25175,70071,111696,8803173425,2,0,251750
zn2204,20220218,20220218,133038000,13:30:41,25175,70071,111696,8803173425,0,0,0
zn2204,20220218,20220218,133038500,13:30:41,25190,70169,111685,8815514300,98,-11,12340875
zn2204,20220218,20220218,133040500,13:30:43,25190,70196,111681,8818914950,27,-4,3400650
zn2204,20220218,20220218,133041000,13:30:43,25190,70197,111681,8819040900,1,0,125950
zn2204,20220218,20220218,133042500,13:30:44,25190,70197,111681,8819040900,0,0,0
zn2204,20220218,20220218,133043000,13:30:44,25185,70203,111682,8819796450,6,1,755550
zn2204,20220218,20220218,133044500,13:30:46,25185,70203,111682,8819796450,0,0,0
zn2204,20220218,20220218,133045000,13:30:46,25185,70210,111680,8820677925,7,-2,881475
zn2204,20220218,20220218,133045500,13:30:46,25185,70216,111674,8821433475,6,-6,755550
zn2204,20220218,20220218,133046500,13:30:47,25185,70221,111674,8822063100,5,0,629625
zn2204,20220218,20220218,133047000,13:30:48,25185,70225,111671,8822566800,4,-3,503700
zn2204,20220218,20220218,133047500,13:30:48,25185,70225,111671,8822566800,0,0,0
zn2204,20220218,20220218,133048000,13:30:48,25185,70225,111671,8822566800,0,0,0
zn2204,20220218,20220218,133048500,13:30:49,25185,70225,111671,8822566800,0,0,0
zn2204,20220218,20220218,133049000,13:30:49,25185,70225,111671,8822566800,0,0,0
zn2204,20220218,20220218,133049500,13:30:50,25185,70226,111670,8822692725,1,-1,125925
zn2204,20220218,20220218,133050000,13:30:51,25185,70226,111670,8822692725,0,0,0
zn2204,20220218,20220218,133050500,13:30:51,25185,70227,111669,8822818650,1,-1,125925
zn2204,20220218,20220218,133051500,13:30:52,25185,70228,111670,8822944575,1,1,125925
zn2204,20220218,20220218,133052500,13:30:54,25185,70229,111670,8823070500,1,0,125925
zn2204,20220218,20220218,133053000,13:30:54,25185,70229,111670,8823070500,0,0,0
zn2204,20220218,20220218,133053500,13:30:54,25185,70230,111670,8823196425,1,0,125925
zn2204,20220218,20220218,133054000,13:30:55,25190,70238,111666,8824203850,8,-4,1007425
zn2204,20220218,20220218,133054500,13:30:55,25185,70240,111667,8824455700,2,1,251850
zn2204,20220218,20220218,133055000,13:30:56,25190,70255,111674,8826344950,15,7,1889250
zn2204,20220218,20220218,133055500,13:30:56,25190,70273,111682,8828612050,18,8,2267100
zn2204,20220218,20220218,133056000,13:30:57,25190,70281,111681,8829619650,8,-1,1007600
zn2204,20220218,20220218,133056500,13:30:57,25190,70281,111681,8829619650,0,0,0
zn2204,20220218,20220218,133057000,13:30:58,25190,70281,111681,8829619650,0,0,0
zn2204,20220218,20220218,133059000,13:30:59,25190,70281,111681,8829619650,0,0,0
zn2204,20220218,20220218,133059500,13:31:00,25190,70281,111681,8829619650,0,0,0
zn2204,20220218,20220218,133100000,13:31:00,25190,70289,111682,8830627250,8,1,1007600
zn2204,20220218,20220218,133100500,13:31:00,25190,70289,111682,8830627250,0,0,0
zn2204,20220218,20220218,133101000,13:31:01,25185,70290,111683,8830753175,1,1,125925
zn2204,20220218,20220218,133101500,13:31:01,25190,70291,111683,8830879125,1,0,125950
zn2204,20220218,20220218,133102000,13:31:02,25190,70291,111683,8830879125,0,0,0
zn2204,20220218,20220218,133102500,13:31:03,25190,70293,111682,8831131025,2,-1,251900
zn2204,20220218,20220218,133103000,13:31:03,25190,70293,111682,8831131025,0,0,0
zn2204,20220218,20220218,133103500,13:31:04,25190,70297,111679,8831634825,4,-3,503800
zn2204,20220218,20220218,133104000,13:31:06,25195,70305,111685,8832642625,8,6,1007800
zn2204,20220218,20220218,133104500,13:31:07,25195,70316,111686,8834028100,11,1,1385475
zn2204,20220218,20220218,133105500,13:31:08,25195,70316,111686,8834028100,0,0,0
zn2204,20220218,20220218,133106000,13:31:09,25195,70316,111686,8834028100,0,0,0
zn2204,20220218,20220218,133108000,13:31:09,25195,70316,111686,8834028100,0,0,0
zn2204,20220218,20220218,133110000,13:31:11,25195,70316,111686,8834028100,0,0,0
zn2204,20220218,20220218,133110500,13:31:11,25195,70316,111686,8834028100,0,0,0
zn2204,20220218,20220218,133111000,13:31:11,25190,70322,111688,8834783800,6,2,755700
zn2204,20220218,20220218,133111500,13:31:12,25190,70327,111688,8835413550,5,0,629750
zn2204,20220218,20220218,133112000,13:31:12,25190,70328,111689,8835539500,1,1,125950
zn2204,20220218,20220218,133112500,13:31:13,25190,70328,111689,8835539500,0,0,0
zn2204,20220218,20220218,133113500,13:31:14,25185,70330,111691,8835791350,2,2,251850
zn2204,20220218,20220218,133114000,13:31:15,25190,70333,111692,8836169175,3,1,377825
zn2204,20220218,20220218,133114500,13:31:15,25180,70340,111698,8837050625,7,6,881450
zn2204,20220218,20220218,133115000,13:31:15,25185,70350,111704,8838309875,10,6,1259250
zn2204,20220218,20220218,133115500,13:31:16,25190,70352,111704,8838561775,2,0,251900
zn2204,20220218,20220218,133116000,13:31:16,25190,70352,111704,8838561775,0,0,0
zn2204,20220218,20220218,133116500,13:31:17,25190,70352,111704,8838561775,0,0,0
zn2204,20220218,20220218,133117000,13:31:17,25190,70352,111704,8838561775,0,0,0
zn2204,20220218,20220218,133117500,13:31:18,25185,70353,111704,8838687700,1,0,125925
zn2204,20220218,20220218,133118000,13:31:19,25190,70354,111704,8838813650,1,0,125950
zn2204,20220218,20220218,133118500,13:31:19,25185,70355,111705,8838939575,1,1,125925
zn2204,20220218,20220218,133119000,13:31:19,25190,70356,111705,8839065525,1,0,125950
zn2204,20220218,20220218,133119500,13:31:20,25190,70356,111705,8839065525,0,0,0
zn2204,20220218,20220218,133120000,13:31:20,25190,70356,111705,8839065525,0,0,0
zn2204,20220218,20220218,133120500,13:31:21,25190,70362,111700,8839821200,6,-5,755675
zn2204,20220218,20220218,133121000,13:31:21,25190,70362,111700,8839821200,0,0,0
zn2204,20220218,20220218,133122500,13:31:25,25190,70362,111700,8839821200,0,0,0
zn2204,20220218,20220218,133124000,13:31:25,25190,70362,111700,8839821200,0,0,0
zn2204,20220218,20220218,133124500,13:31:25,25185,70367,111700,8840450825,5,0,629625
zn2204,20220218,20220218,133156000,13:31:56,25185,70367,111700,8840450825,0,0,0
zn2204,20220218,20220218,133158000,13:31:58,25185,70367,111700,8840450825,0,0,0
zn2204,20220218,20220218,133158500,13:31:58,25185,70367,111700,8840450825,0,0,0
zn2204,20220218,20220218,133159500,13:32:00,25185,70370,111702,8840828600,3,2,377775
zn2204,20220218,20220218,133201000,13:32:01,25180,70484,111736,8855183775,114,34,14355175
zn2204,20220218,20220218,133201500,13:32:01,25180,70484,111736,8855183775,0,0,0
zn2204,20220218,20220218,133202000,13:32:03,25185,70485,111735,8855309700,1,-1,125925
zn2204,20220218,20220218,133202500,13:32:04,25185,70485,111735,8855309700,0,0,0
zn2204,20220218,20220218,133203000,13:32:05,25185,70485,111735,8855309700,0,0,0
zn2204,20220218,20220218,133203500,13:32:05,25185,70486,111734,8855435625,1,-1,125925
zn2204,20220218,20220218,133204000,13:32:05,25185,70487,111734,8855561550,1,0,125925
zn2204,20220218,20220218,133205000,13:32:06,25185,70493,111730,8856317100,6,-4,755550
zn2204,20220218,20220218,133205500,13:32:06,25185,70494,111729,8856443025,1,-1,125925
zn2204,20220218,20220218,133206000,13:32:07,25185,70494,111729,8856443025,0,0,0
zn2204,20220218,20220218,133207000,13:32:07,25190,70499,111730,8857072775,5,1,629750
zn2204,20220218,20220218,133207500,13:32:07,25185,70502,111732,8857450550,3,2,377775
zn2204,20220218,20220218,133208000,13:32:09,25185,70504,111732,8857702400,2,0,251850
zn2204,20220218,20220218,133208500,13:32:10,25180,70509,111731,8858331925,5,-1,629525
zn2204,20220218,20220218,133209000,13:32:10,25175,70523,111727,8860094425,14,-4,1762500
zn2204,20220218,20220218,133209500,13:32:10,25180,70537,111728,8861856925,14,1,1762500
zn2204,20220218,20220218,133210000,13:32:11,25180,70537,111728,8861856925,0,0,0
zn2204,20220218,20220218,133210500,13:32:13,25175,70541,111726,8862360425,4,-2,503500
zn2204,20220218,20220218,133211000,13:32:14,25175,70545,111726,8862863925,4,0,503500
zn2204,20220218,20220218,133213000,13:32:15,25175,70549,111726,8863367400,4,0,503475
zn2204,20220218,20220218,133214000,13:32:15,25170,70560,111718,8864751750,11,-8,1384350
zn2204,20220218,20220218,133214500,13:32:16,25165,70562,111717,8865003400,2,-1,251650
zn2204,20220218,20220218,133215000,13:32:16,25165,70562,111717,8865003400,0,0,0
zn2204,20220218,20220218,133215500,13:32:16,25165,70562,111717,8865003400,0,0,0
zn2204,20220218,20220218,133216000,13:32:17,25175,70563,111717,8865129275,1,0,125875
zn2204,20220218,20220218,133216500,13:32:17,25175,70563,111717,8865129275,0,0,0
zn2204,20220218,20220218,133217500,13:32:18,25170,70565,111715,8865380975,2,-2,251700
zn2204,20220218,20220218,133218000,13:32:18,25170,70565,111715,8865380975,0,0,0
zn2204,20220218,20220218,133218500,13:32:19,25170,70565,111715,8865380975,0,0,0
zn2204,20220218,20220218,133219000,13:32:20,25170,70565,111715,8865380975,0,0,0
zn2204,20220218,20220218,133219500,13:32:20,25170,70565,111715,8865380975,0,0,0
zn2204,20220218,20220218,133220000,13:32:20,25170,70565,111715,8865380975,0,0,0
zn2204,20220218,20220218,133220500,13:32:21,25170,70565,111715,8865380975,0,0,0
zn2204,20220218,20220218,133221000,13:32:21,25170,70565,111715,8865380975,0,0,0
zn2204,20220218,20220218,133221500,13:32:22,25170,70568,111715,8865758525,3,0,377550
zn2204,20220218,20220218,133222000,13:32:22,25175,70569,111714,8865884400,1,-1,125875
zn2204,20220218,20220218,133222500,13:32:24,25175,70569,111714,8865884400,0,0,0
zn2204,20220218,20220218,133223000,13:32:24,25175,70570,111714,8866010275,1,0,125875
zn2204,20220218,20220218,133223500,13:32:24,25175,70570,111714,8866010275,0,0,0
zn2204,20220218,20220218,133224000,13:32:24,25175,70570,111714,8866010275,0,0,0
zn2204,20220218,20220218,133224500,13:32:25,25175,70570,111714,8866010275,0,0,0
zn2204,20220218,20220218,133225000,13:32:25,25175,70570,111714,8866010275,0,0,0
zn2204,20220218,20220218,133225500,13:32:25,25175,70570,111714,8866010275,0,0,0
zn2204,20220218,20220218,133226000,13:32:27,25175,70570,111714,8866010275,0,0,0
zn2204,20220218,20220218,133226500,13:32:27,25170,70582,111715,8867520475,12,1,1510200
zn2204,20220218,20220218,133227000,13:32:27,25170,70582,111715,8867520475,0,0,0
zn2204,20220218,20220218,133227500,13:32:28,25170,70585,111716,8867898025,3,1,377550
zn2204,20220218,20220218,133228000,13:32:32,25175,70586,111717,8868023900,1,1,125875
zn2204,20220218,20220218,133228500,13:32:32,25175,70586,111717,8868023900,0,0,0
zn2204,20220218,20220218,133229000,13:32:33,25175,70586,111717,8868023900,0,0,0
zn2204,20220218,20220218,133231000,13:32:35,25175,70586,111717,8868023900,0,0,0
zn2204,20220218,20220218,133232500,13:32:35,25175,70586,111717,8868023900,0,0,0
zn2204,20220218,20220218,133234500,13:32:36,25175,70586,111717,8868023900,0,0,0
zn2204,20220218,20220218,133235000,13:32:36,25175,70586,111717,8868023900,0,0,0
zn2204,20220218,20220218,133235500,13:32:36,25175,70586,111717,8868023900,0,0,0
zn2204,20220218,20220218,133236000,13:32:37,25175,70586,111717,8868023900,0,0,0
zn2204,20220218,20220218,133236500,13:32:37,25175,70586,111717,8868023900,0,0,0
zn2204,20220218,20220218,133237000,13:32:37,25175,70586,111717,8868023900,0,0,0
zn2204,20220218,20220218,133237500,13:32:37,25175,70586,111717,8868023900,0,0,0
zn2204,20220218,20220218,133238500,13:32:39,25175,70586,111717,8868023900,0,0,0
zn2204,20220218,20220218,133239000,13:32:39,25175,70586,111717,8868023900,0,0,0
zn2204,20220218,20220218,133240500,13:32:41,25175,70586,111717,8868023900,0,0,0
zn2204,20220218,20220218,133241500,13:32:42,25165,70588,111716,8868275550,2,-1,251650
zn2204,20220218,20220218,133243500,13:32:43,25165,70588,111716,8868275550,0,0,0
zn2204,20220218,20220218,133244000,13:32:44,25170,70589,111717,8868401400,1,1,125850
zn2204,20220218,20220218,133244500,13:32:45,25170,70589,111717,8868401400,0,0,0
zn2204,20220218,20220218,133245000,13:32:45,25170,70589,111717,8868401400,0,0,0
zn2204,20220218,20220218,133246000,13:32:47,25170,70589,111717,8868401400,0,0,0
zn2204,20220218,20220218,133246500,13:32:47,25170,70591,111717,8868653100,2,0,251700
zn2204,20220218,20220218,133247000,13:32:47,25165,70601,111721,8869911500,10,4,1258400
zn2204,20220218,20220218,133247500,13:32:48,25165,70607,111716,8870666450,6,-5,754950
zn2204,20220218,20220218,133248000,13:32:48,25165,70607,111716,8870666450,0,0,0
zn2204,20220218,20220218,133248500,13:32:49,25170,70608,111716,8870792300,1,0,125850
zn2204,20220218,20220218,133249000,13:32:49,25165,70609,111715,8870918125,1,-1,125825
zn2204,20220218,20220218,133252500,13:32:53,25165,70609,111715,8870918125,0,0,0
zn2204,20220218,20220218,133253000,13:32:53,25165,70609,111715,8870918125,0,0,0
zn2204,20220218,20220218,133253500,13:32:54,25165,70609,111715,8870918125,0,0,0
zn2204,20220218,20220218,133254000,13:32:54,25165,70610,111714,8871043950,1,-1,125825
zn2204,20220218,20220218,133254500,13:32:55,25165,70611,111713,8871169775,1,-1,125825
zn2204,20220218,20220218,133255000,13:32:55,25165,70611,111713,8871169775,0,0,0
zn2204,20220218,20220218,133256000,13:32:56,25165,70620,111718,8872302200,9,5,1132425
zn2204,20220218,20220218,133256500,13:32:56,25165,70621,111718,8872428025,1,0,125825
zn2204,20220218,20220218,133257000,13:32:59,25165,70621,111718,8872428025,0,0,0
zn2204,20220218,20220218,133257500,13:33:00,25165,70621,111718,8872428025,0,0,0
zn2204,20220218,20220218,133258000,13:33:00,25165,70625,111714,8872931325,4,-4,503300
zn2204,20220218,20220218,133258500,13:33:00,25165,70629,111710,8873434625,4,-4,503300
zn2204,20220218,20220218,133259500,13:33:01,25165,70629,111710,8873434625,0,0,0
zn2204,20220218,20220218,133300500,13:33:01,25165,70629,111710,8873434625,0,0,0
zn2204,20220218,20220218,133301000,13:33:02,25165,70629,111710,8873434625,0,0,0
zn2204,20220218,20220218,133301500,13:33:02,25165,70629,111710,8873434625,0,0,0
zn2204,20220218,20220218,133302000,13:33:03,25165,70629,111710,8873434625,0,0,0
zn2204,20220218,20220218,133302500,13:33:03,25165,70629,111710,8873434625,0,0,0
zn2204,20220218,20220218,133303000,13:33:04,25165,70629,111710,8873434625,0,0,0
zn2204,20220218,20220218,133303500,13:33:04,25165,70629,111710,8873434625,0,0,0
zn2204,20220218,20220218,133304000,13:33:04,25165,70629,111710,8873434625,0,0,0
zn2204,20220218,20220218,133305000,13:33:05,25170,70635,111710,8874189725,6,0,755100
zn2204,20220218,20220218,133305500,13:33:05,25170,70635,111710,8874189725,0,0,0
zn2204,20220218,20220218,133306000,13:33:06,25170,70635,111710,8874189725,0,0,0
zn2204,20220218,20220218,133306500,13:33:06,25170,70635,111710,8874189725,0,0,0
zn2204,20220218,20220218,133307000,13:33:07,25170,70635,111710,8874189725,0,0,0
zn2204,20220218,20220218,133307500,13:33:08,25170,70636,111710,8874315575,1,0,125850
zn2204,20220218,20220218,133309000,13:33:09,25170,70636,111710,8874315575,0,0,0
zn2204,20220218,20220218,133309500,13:33:10,25170,70636,111710,8874315575,0,0,0
zn2204,20220218,20220218,133310000,13:33:11,25170,70640,111710,8874818975,4,0,503400
zn2204,20220218,20220218,133310500,13:33:12,25175,70642,111711,8875070725,2,1,251750
zn2204,20220218,20220218,133311000,13:33:14,25175,70642,111711,8875070725,0,0,0
zn2204,20220218,20220218,133311500,13:33:14,25175,70644,111712,8875322475,2,1,251750
zn2204,20220218,20220218,133312000,13:33:14,25175,70644,111712,8875322475,0,0,0
zn2204,20220218,20220218,133313500,13:33:15,25175,70644,111712,8875322475,0,0,0
zn2204,20220218,20220218,133314000,13:33:17,25175,70651,111713,8876203600,7,1,881125
zn2204,20220218,20220218,133314500,13:33:17,25175,70651,111713,8876203600,0,0,0
zn2204,20220218,20220218,133315000,13:33:18,25175,70651,111713,8876203600,0,0,0
zn2204,20220218,20220218,133315500,13:33:18,25175,70651,111713,8876203600,0,0,0
zn2204,20220218,20220218,133317000,13:33:19,25175,70651,111713,8876203600,0,0,0
zn2204,20220218,20220218,133318000,13:33:19,25175,70651,111713,8876203600,0,0,0
zn2204,20220218,20220218,133319000,13:33:20,25175,70651,111713,8876203600,0,0,0
zn2204,20220218,20220218,133319500,13:33:20,25175,70654,111713,8876581250,3,0,377650
zn2204,20220218,20220218,133320000,13:33:21,25175,70655,111714,8876707125,1,1,125875
zn2204,20220218,20220218,133320500,13:33:21,25175,70655,111714,8876707125,0,0,0
zn2204,20220218,20220218,133321000,13:33:22,25175,70655,111714,8876707125,0,0,0
zn2204,20220218,20220218,133322000,13:33:22,25175,70655,111714,8876707125,0,0,0
zn2204,20220218,20220218,133323000,13:33:23,25175,70655,111714,8876707125,0,0,0
zn2204,20220218,20220218,133323500,13:33:24,25180,70656,111714,8876833025,1,0,125900
zn2204,20220218,20220218,133324000,13:33:24,25175,70658,111715,8877084775,2,1,251750
zn2204,20220218,20220218,133324500,13:33:25,25170,70659,111715,8877210625,1,0,125850
zn2204,20220218,20220218,133325000,13:33:26,25170,70659,111715,8877210625,0,0,0
zn2204,20220218,20220218,133325500,13:33:27,25175,70671,111706,8878721125,12,-9,1510500
zn2204,20220218,20220218,133326000,13:33:28,25175,70671,111706,8878721125,0,0,0
zn2204,20220218,20220218,133328000,13:33:30,25175,70671,111706,8878721125,0,0,0
zn2204,20220218,20220218,133330000,13:33:30,25175,70671,111706,8878721125,0,0,0
zn2204,20220218,20220218,133330500,13:33:31,25175,70671,111706,8878721125,0,0,0
zn2204,20220218,20220218,133331000,13:33:32,25175,70671,111706,8878721125,0,0,0
zn2204,20220218,20220218,133332000,13:33:32,25175,70671,111706,8878721125,0,0,0
zn2204,20220218,20220218,133333500,13:33:33,25175,70671,111706,8878721125,0,0,0
zn2204,20220218,20220218,133334000,13:33:34,25175,70671,111706,8878721125,0,0,0
zn2204,20220218,20220218,133334500,13:33:34,25175,70671,111706,8878721125,0,0,0
zn2204,20220218,20220218,133335500,13:33:35,25175,70671,111706,8878721125,0,0,0
zn2204,20220218,20220218,133336000,13:33:36,25175,70671,111706,8878721125,0,0,0
zn2204,20220218,20220218,133338000,13:33:38,25175,70678,111701,8879602250,7,-5,881125
zn2204,20220218,20220218,133338500,13:33:39,25175,70684,111700,8880357425,6,-1,755175
zn2204,20220218,20220218,133339000,13:33:39,25180,70690,111697,8881112700,6,-3,755275
zn2204,20220218,20220218,133339500,13:33:40,25180,70691,111697,8881238600,1,0,125900
zn2204,20220218,20220218,133340000,13:33:40,25180,70691,111697,8881238600,0,0,0
zn2204,20220218,20220218,133340500,13:33:41,25180,70691,111697,8881238600,0,0,0
zn2204,20220218,20220218,133341000,13:33:41,25180,70691,111697,8881238600,0,0,0
zn2204,20220218,20220218,133341500,13:33:42,25180,70691,111697,8881238600,0,0,0
zn2204,20220218,20220218,133342000,13:33:42,25180,70691,111697,8881238600,0,0,0
zn2204,20220218,20220218,133342500,13:33:42,25180,70691,111697,8881238600,0,0,0
zn2204,20220218,20220218,133343000,13:33:43,25180,70691,111697,8881238600,0,0,0
zn2204,20220218,20220218,133343500,13:33:44,25180,70691,111697,8881238600,0,0,0
zn2204,20220218,20220218,133344000,13:33:45,25180,70691,111697,8881238600,0,0,0
zn2204,20220218,20220218,133344500,13:33:45,25175,70692,111697,8881364475,1,0,125875
zn2204,20220218,20220218,133345000,13:33:45,25175,70692,111697,8881364475,0,0,0
zn2204,20220218,20220218,133345500,13:33:47,25175,70692,111697,8881364475,0,0,0
zn2204,20220218,20220218,133346000,13:33:47,25175,70692,111697,8881364475,0,0,0
zn2204,20220218,20220218,133347000,13:33:48,25175,70692,111697,8881364475,0,0,0
zn2204,20220218,20220218,133347500,13:33:49,25175,70692,111697,8881364475,0,0,0
zn2204,20220218,20220218,133348000,13:33:49,25175,70692,111697,8881364475,0,0,0
zn2204,20220218,20220218,133349000,13:33:50,25175,70692,111697,8881364475,0,0,0
zn2204,20220218,20220218,133350500,13:33:50,25175,70692,111697,8881364475,0,0,0
zn2204,20220218,20220218,133352000,13:33:52,25180,70694,111697,8881616275,2,0,251800
zn2204,20220218,20220218,133354500,13:33:55,25180,70694,111697,8881616275,0,0,0
zn2204,20220218,20220218,133355500,13:33:56,25175,70696,111697,8881868025,2,0,251750
zn2204,20220218,20220218,133356000,13:33:57,25175,70696,111697,8881868025,0,0,0
zn2204,20220218,20220218,133356500,13:33:57,25175,70696,111697,8881868025,0,0,0
zn2204,20220218,20220218,133357000,13:33:57,25175,70696,111697,8881868025,0,0,0
zn2204,20220218,20220218,133357500,13:33:58,25175,70696,111697,8881868025,0,0,0
zn2204,20220218,20220218,133358000,13:33:58,25175,70696,111697,8881868025,0,0,0
zn2204,20220218,20220218,133358500,13:33:59,25175,70696,111697,8881868025,0,0,0
zn2204,20220218,20220218,133359000,13:33:59,25175,70696,111697,8881868025,0,0,0
zn2204,20220218,20220218,133359500,13:33:59,25175,70696,111697,8881868025,0,0,0
zn2204,20220218,20220218,133400000,13:34:00,25175,70697,111697,8881993900,1,0,125875
zn2204,20220218,20220218,133400500,13:34:01,25175,70697,111697,8881993900,0,0,0
zn2204,20220218,20220218,133401000,13:34:01,25175,70697,111697,8881993900,0,0,0
zn2204,20220218,20220218,133401500,13:34:02,25175,70697,111697,8881993900,0,0,0
zn2204,20220218,20220218,133402500,13:34:10,25175,70698,111697,8882119775,1,0,125875
zn2204,20220218,20220218,133403000,13:34:10,25175,70698,111697,8882119775,0,0,0
zn2204,20220218,20220218,133410000,13:34:12,25175,70698,111697,8882119775,0,0,0
zn2204,20220218,20220218,133410500,13:34:12,25170,70705,111691,8883000850,7,-6,881075
zn2204,20220218,20220218,133411500,13:34:12,25170,70705,111691,8883000850,0,0,0
zn2204,20220218,20220218,133412000,13:34:12,25180,70706,111692,8883126750,1,1,125900
zn2204,20220218,20220218,133412500,13:34:13,25180,70706,111692,8883126750,0,0,0
zn2204,20220218,20220218,133413000,13:34:13,25180,70708,111693,8883378550,2,1,251800
zn2204,20220218,20220218,133415500,13:34:16,25180,70709,111693,8883504450,1,0,125900
zn2204,20220218,20220218,133416000,13:34:16,25180,70709,111693,8883504450,0,0,0
zn2204,20220218,20220218,133418000,13:34:18,25180,70709,111693,8883504450,0,0,0
zn2204,20220218,20220218,133420000,13:34:20,25180,70717,111693,8884511650,8,0,1007200
zn2204,20220218,20220218,133420500,13:34:23,25180,70717,111693,8884511650,0,0,0
zn2204,20220218,20220218,133421000,13:34:23,25180,70717,111693,8884511650,0,0,0
zn2204,20220218,20220218,133421500,13:34:23,25180,70717,111693,8884511650,0,0,0
zn2204,20220218,20220218,133423000,13:34:24,25180,70725,111699,8885518850,8,6,1007200
zn2204,20220218,20220218,133423500,13:34:24,25180,70726,111699,8885644750,1,0,125900
zn2204,20220218,20220218,133424000,13:34:24,25180,70726,111699,8885644750,0,0,0
zn2204,20220218,20220218,133425500,13:34:25,25180,70731,111699,8886274250,5,0,629500
zn2204,20220218,20220218,133429500,13:34:29,25180,70731,111699,8886274250,0,0,0
zn2204,20220218,20220218,133430000,13:34:30,25180,70731,111699,8886274250,0,0,0
zn2204,20220218,20220218,133430500,13:34:30,25180,70731,111699,8886274250,0,0,0
zn2204,20220218,20220218,133431000,13:34:31,25180,70731,111699,8886274250,0,0,0
zn2204,20220218,20220218,133431500,13:34:31,25175,70732,111700,8886400125,1,1,125875
zn2204,20220218,20220218,133432000,13:34:32,25175,70732,111700,8886400125,0,0,0
zn2204,20220218,20220218,133432500,13:34:32,25175,70732,111700,8886400125,0,0,0
zn2204,20220218,20220218,133433000,13:34:33,25175,70732,111700,8886400125,0,0,0
zn2204,20220218,20220218,133433500,13:34:34,25175,70733,111700,8886526000,1,0,125875
zn2204,20220218,20220218,133434000,13:34:34,25175,70740,111702,8887407125,7,2,881125
zn2204,20220218,20220218,133434500,13:34:35,25175,70740,111702,8887407125,0,0,0
zn2204,20220218,20220218,133435000,13:34:35,25170,70748,111704,8888413925,8,2,1006800
zn2204,20220218,20220218,133435500,13:34:36,25170,70748,111704,8888413925,0,0,0
zn2204,20220218,20220218,133436000,13:34:36,25170,70748,111704,8888413925,0,0,0
zn2204,20220218,20220218,133436500,13:34:36,25175,70753,111707,8889043250,5,3,629325
zn2204,20220218,20220218,133437000,13:34:37,25175,70753,111707,8889043250,0,0,0
zn2204,20220218,20220218,133437500,13:34:38,25175,70753,111707,8889043250,0,0,0
zn2204,20220218,20220218,133438000,13:34:38,25175,70753,111707,8889043250,0,0,0
zn2204,20220218,20220218,133438500,13:34:38,25175,70754,111708,8889169125,1,1,125875
zn2204,20220218,20220218,133439000,13:34:39,25170,70758,111708,8889672525,4,0,503400
zn2204,20220218,20220218,133439500,13:34:39,25170,70758,111708,8889672525,0,0,0
zn2204,20220218,20220218,133440000,13:34:40,25170,70758,111708,8889672525,0,0,0
zn2204,20220218,20220218,133440500,13:34:41,25170,70759,111708,8889798375,1,0,125850
zn2204,20220218,20220218,133441000,13:34:41,25170,70759,111708,8889798375,0,0,0
zn2204,20220218,20220218,133441500,13:34:42,25175,70760,111708,8889924250,1,0,125875
zn2204,20220218,20220218,133442000,13:34:44,25175,70760,111708,8889924250,0,0,0
zn2204,20220218,20220218,133442500,13:34:44,25175,70760,111708,8889924250,0,0,0
zn2204,20220218,20220218,133443500,13:34:45,25175,70760,111708,8889924250,0,0,0
zn2204,20220218,20220218,133444000,13:34:45,25175,70760,111708,8889924250,0,0,0
zn2204,20220218,20220218,133444500,13:34:46,25175,70760,111708,8889924250,0,0,0
zn2204,20220218,20220218,133447000,13:34:47,25175,70760,111708,8889924250,0,0,0
zn2204,20220218,20220218,133447500,13:34:47,25175,70760,111708,8889924250,0,0,0
zn2204,20220218,20220218,133448000,13:34:48,25175,70760,111708,8889924250,0,0,0
zn2204,20220218,20220218,133448500,13:34:49,25175,70760,111708,8889924250,0,0,0
zn2204,20220218,20220218,133449000,13:34:49,25175,70760,111708,8889924250,0,0,0
zn2204,20220218,20220218,133449500,13:34:49,25175,70760,111708,8889924250,0,0,0
zn2204,20220218,20220218,133450500,13:34:51,25175,70760,111708,8889924250,0,0,0
zn2204,20220218,20220218,133451500,13:34:52,25175,70760,111708,8889924250,0,0,0
zn2204,20220218,20220218,133452000,13:34:52,25175,70760,111708,8889924250,0,0,0
zn2204,20220218,20220218,133452500,13:34:53,25170,70769,111705,8891056900,9,-3,1132650
zn2204,20220218,20220218,133453000,13:34:53,25170,70769,111705,8891056900,0,0,0
zn2204,20220218,20220218,133453500,13:34:55,25170,70769,111705,8891056900,0,0,0
zn2204,20220218,20220218,133454000,13:34:56,25170,70769,111705,8891056900,0,0,0
zn2204,20220218,20220218,133454500,13:34:56,25170,70769,111705,8891056900,0,0,0
zn2204,20220218,20220218,133455000,13:34:56,25170,70775,111703,8891812000,6,-2,755100
zn2204,20220218,20220218,133455500,13:34:56,25170,70775,111703,8891812000,0,0,0
zn2204,20220218,20220218,133456000,13:34:57,25170,70775,111703,8891812000,0,0,0
zn2204,20220218,20220218,133456500,13:34:57,25170,70775,111703,8891812000,0,0,0
zn2204,20220218,20220218,133457500,13:34:58,25170,70782,111710,8892692950,7,7,880950
zn2204,20220218,20220218,133458000,13:34:58,25170,70785,111713,8893070500,3,3,377550
zn2204,20220218,20220218,133458500,13:34:59,25165,70786,111712,8893196325,1,-1,125825
zn2204,20220218,20220218,133459500,13:35:00,25175,70787,111713,8893322200,1,1,125875
zn2204,20220218,20220218,133502000,13:35:10,25175,70787,111713,8893322200,0,0,0
zn2204,20220218,20220218,133504000,13:35:10,25175,70787,111713,8893322200,0,0,0
zn2204,20220218,20220218,133505000,13:35:10,25175,70787,111713,8893322200,0,0,0
zn2204,20220218,20220218,133510000,13:35:11,25175,70787,111713,8893322200,0,0,0
zn2204,20220218,20220218,133511000,13:35:11,25170,70792,111716,8893951450,5,3,629250
zn2204,20220218,20220218,133511500,13:35:12,25170,70792,111716,8893951450,0,0,0
zn2204,20220218,20220218,133513000,13:35:13,25170,70792,111716,8893951450,0,0,0
zn2204,20220218,20220218,133513500,13:35:14,25170,70793,111717,8894077300,1,1,125850
zn2204,20220218,20220218,133514000,13:35:14,25170,70795,111718,8894329000,2,1,251700
zn2204,20220218,20220218,133514500,13:35:15,25170,70795,111718,8894329000,0,0,0
zn2204,20220218,20220218,133515000,13:35:15,25170,70795,111718,8894329000,0,0,0
zn2204,20220218,20220218,133515500,13:35:16,25170,70795,111718,8894329000,0,0,0
zn2204,20220218,20220218,133516000,13:35:16,25175,70802,111721,8895210125,7,3,881125
zn2204,20220218,20220218,133516500,13:35:17,25175,70802,111721,8895210125,0,0,0
zn2204,20220218,20220218,133517000,13:35:17,25175,70802,111721,8895210125,0,0,0
zn2204,20220218,20220218,133517500,13:35:18,25175,70802,111721,8895210125,0,0,0
zn2204,20220218,20220218,133518000,13:35:19,25175,70813,111720,8896594750,11,-1,1384625
zn2204,20220218,20220218,133518500,13:35:19,25175,70817,111717,8897098250,4,-3,503500
zn2204,20220218,20220218,133519000,13:35:19,25175,70817,111717,8897098250,0,0,0
zn2204,20220218,20220218,133520000,13:35:20,25175,70817,111717,8897098250,0,0,0
zn2204,20220218,20220218,133522000,13:35:22,25175,70817,111717,8897098250,0,0,0
zn2204,20220218,20220218,133522500,13:35:23,25175,70818,111717,8897224125,1,0,125875
zn2204,20220218,20220218,133523000,13:35:23,25175,70818,111717,8897224125,0,0,0
zn2204,20220218,20220218,133523500,13:35:23,25175,70826,111724,8898231125,8,7,1007000
zn2204,20220218,20220218,133524000,13:35:25,25175,70828,111724,8898482875,2,0,251750
zn2204,20220218,20220218,133524500,13:35:25,25180,70833,111720,8899112375,5,-4,629500
zn2204,20220218,20220218,133525000,13:35:25,25180,70852,111704,8901504475,19,-16,2392100
zn2204,20220218,20220218,133525500,13:35:26,25180,70852,111704,8901504475,0,0,0
zn2204,20220218,20220218,133526000,13:35:26,25180,70852,111704,8901504475,0,0,0
zn2204,20220218,20220218,133526500,13:35:27,25185,70863,111706,8902889650,11,2,1385175
zn2204,20220218,20220218,133527000,13:35:27,25185,70872,111698,8904022975,9,-8,1133325
zn2204,20220218,20220218,133527500,13:35:31,25190,70888,111697,8906037850,16,-1,2014875
zn2204,20220218,20220218,133528000,13:35:31,25185,70890,111696,8906289700,2,-1,251850
zn2204,20220218,20220218,133531000,13:35:37,25185,70890,111696,8906289700,0,0,0
zn2204,20220218,20220218,133531500,13:35:41,25185,70901,111701,8907675000,11,5,1385300
zn2204,20220218,20220218,133532000,13:35:42,25185,70906,111701,8908304625,5,0,629625
zn2204,20220218,20220218,133540500,13:35:43,25185,70906,111701,8908304625,0,0,0
zn2204,20220218,20220218,133541000,13:35:43,25185,70906,111701,8908304625,0,0,0
zn2204,20220218,20220218,133542000,13:35:44,25185,70906,111701,8908304625,0,0,0
zn2204,20220218,20220218,133542500,13:35:44,25190,70926,111705,8910823475,20,4,2518850
zn2204,20220218,20220218,133543500,13:35:44,25185,70934,111705,8911830875,8,0,1007400
zn2204,20220218,20220218,133544000,13:35:44,25185,70939,111703,8912460500,5,-2,629625
zn2204,20220218,20220218,133544500,13:35:45,25185,70939,111703,8912460500,0,0,0
zn2204,20220218,20220218,133545000,13:35:46,25185,70941,111704,8912712350,2,1,251850
zn2204,20220218,20220218,133545500,13:35:46,25185,70941,111704,8912712350,0,0,0
zn2204,20220218,20220218,133546500,13:35:46,25185,70942,111704,8912838275,1,0,125925
zn2204,20220218,20220218,133547000,13:35:47,25185,70942,111704,8912838275,0,0,0
zn2204,20220218,20220218,133547500,13:35:48,25185,70943,111704,8912964200,1,0,125925
zn2204,20220218,20220218,133548000,13:35:48,25185,70944,111705,8913090125,1,1,125925
zn2204,20220218,20220218,133548500,13:35:48,25185,70944,111705,8913090125,0,0,0
zn2204,20220218,20220218,133550000,13:35:50,25185,70945,111706,8913216050,1,1,125925
zn2204,20220218,20220218,133550500,13:35:50,25185,70945,111706,8913216050,0,0,0
zn2204,20220218,20220218,133551000,13:35:51,25185,70945,111706,8913216050,0,0,0
zn2204,20220218,20220218,133551500,13:35:51,25185,70945,111706,8913216050,0,0,0
zn2204,20220218,20220218,133552000,13:35:52,25190,70949,111709,8913719850,4,3,503800
zn2204,20220218,20220218,133552500,13:35:53,25190,70962,111713,8915357200,13,4,1637350
zn2204,20220218,20220218,133553000,13:35:53,25190,70962,111713,8915357200,0,0,0
zn2204,20220218,20220218,133553500,13:35:55,25195,70963,111713,8915483175,1,0,125975
zn2204,20220218,20220218,133554000,13:35:55,25195,70967,111709,8915987075,4,-4,503900
zn2204,20220218,20220218,133554500,13:35:55,25195,70967,111709,8915987075,0,0,0
zn2204,20220218,20220218,133555000,13:35:56,25195,70967,111709,8915987075,0,0,0
zn2204,20220218,20220218,133555500,13:35:56,25195,70967,111709,8915987075,0,0,0
zn2204,20220218,20220218,133556500,13:35:57,25190,70968,111710,8916113025,1,1,125950
zn2204,20220218,20220218,133557500,13:36:01,25190,70968,111710,8916113025,0,0,0
zn2204,20220218,20220218,133558000,13:36:01,25190,70968,111710,8916113025,0,0,0
zn2204,20220218,20220218,133559000,13:36:03,25195,70970,111710,8916364975,2,0,251950
zn2204,20220218,20220218,133601500,13:36:03,25195,70973,111709,8916742900,3,-1,377925
zn2204,20220218,20220218,133602500,13:36:04,25195,70973,111709,8916742900,0,0,0
zn2204,20220218,20220218,133603000,13:36:05,25195,70973,111709,8916742900,0,0,0
zn2204,20220218,20220218,133603500,13:36:05,25195,70973,111709,8916742900,0,0,0
zn2204,20220218,20220218,133605000,13:36:06,25195,70973,111709,8916742900,0,0,0
zn2204,20220218,20220218,133607000,13:36:08,25190,70976,111712,8917120775,3,3,377875
zn2204,20220218,20220218,133607500,13:36:08,25190,70985,111712,8918254325,9,0,1133550
zn2204,20220218,20220218,133608000,13:36:08,25190,70991,111716,8919010025,6,4,755700
zn2204,20220218,20220218,133608500,13:36:09,25190,70995,111714,8919513825,4,-2,503800
zn2204,20220218,20220218,133609000,13:36:09,25190,70996,111715,8919639775,1,1,125950
zn2204,20220218,20220218,133609500,13:36:10,25190,70998,111715,8919891675,2,0,251900
zn2204,20220218,20220218,133610000,13:36:11,25190,71005,111714,8920773325,7,-1,881650
zn2204,20220218,20220218,133610500,13:36:11,25190,71009,111710,8921277125,4,-4,503800
zn2204,20220218,20220218,133611000,13:36:12,25190,71009,111710,8921277125,0,0,0
zn2204,20220218,20220218,133611500,13:36:12,25190,71009,111710,8921277125,0,0,0
zn2204,20220218,20220218,133612500,13:36:12,25190,71009,111710,8921277125,0,0,0
zn2204,20220218,20220218,133613500,13:36:14,25185,71010,111710,8921403050,1,0,125925
zn2204,20220218,20220218,133614000,13:36:14,25185,71010,111710,8921403050,0,0,0
zn2204,20220218,20220218,133614500,13:36:14,25190,71015,111714,8922032800,5,4,629750
zn2204,20220218,20220218,133615000,13:36:15,25190,71016,111715,8922158750,1,1,125950
zn2204,20220218,20220218,133615500,13:36:15,25190,71016,111715,8922158750,0,0,0
zn2204,20220218,20220218,133616500,13:36:17,25195,71020,111716,8922662650,4,1,503900
zn2204,20220218,20220218,133617000,13:36:19,25195,71020,111716,8922662650,0,0,0
zn2204,20220218,20220218,133617500,13:36:19,25190,71024,111716,8923166450,4,0,503800
zn2204,20220218,20220218,133618000,13:36:19,25190,71024,111716,8923166450,0,0,0
zn2204,20220218,20220218,133618500,13:36:19,25190,71024,111716,8923166450,0,0,0
zn2204,20220218,20220218,133619000,13:36:19,25190,71024,111716,8923166450,0,0,0
zn2204,20220218,20220218,133619500,13:36:19,25190,71031,111718,8924048100,7,2,881650
zn2204,20220218,20220218,133620000,13:36:20,25190,71035,111717,8924551900,4,-1,503800
zn2204,20220218,20220218,133620500,13:36:20,25195,71036,111716,8924677875,1,-1,125975
zn2204,20220218,20220218,133621000,13:36:21,25195,71040,111714,8925181775,4,-2,503900
zn2204,20220218,20220218,133621500,13:36:21,25195,71040,111714,8925181775,0,0,0
zn2204,20220218,20220218,133622000,13:36:22,25195,71040,111714,8925181775,0,0,0
zn2204,20220218,20220218,133622500,13:36:22,25195,71040,111714,8925181775,0,0,0
zn2204,20220218,20220218,133623000,13:36:23,25190,71041,111715,8925307725,1,1,125950
zn2204,20220218,20220218,133624000,13:36:24,25190,71042,111715,8925433675,1,0,125950
zn2204,20220218,20220218,133626500,13:36:27,25190,71049,111712,8926315325,7,-3,881650
zn2204,20220218,20220218,133627000,13:36:28,25190,71049,111712,8926315325,0,0,0
zn2204,20220218,20220218,133628000,13:36:28,25190,71050,111712,8926441275,1,0,125950
zn2204,20220218,20220218,133628500,13:36:29,25190,71078,111707,8929968525,28,-5,3527250
zn2204,20220218,20220218,133629000,13:36:30,25190,71078,111707,8929968525,0,0,0
zn2204,20220218,20220218,133629500,13:36:30,25195,71089,111716,8931354250,11,9,1385725
zn2204,20220218,20220218,133630000,13:36:30,25195,71089,111716,8931354250,0,0,0
zn2204,20220218,20220218,133630500,13:36:31,25195,71089,111716,8931354250,0,0,0
zn2204,20220218,20220218,133631000,13:36:31,25195,71089,111716,8931354250,0,0,0
zn2204,20220218,20220218,133632000,13:36:32,25190,71094,111711,8931984000,5,-5,629750
zn2204,20220218,20220218,133632500,13:36:32,25190,71094,111711,8931984000,0,0,0
zn2204,20220218,20220218,133633000,13:36:33,25190,71094,111711,8931984000,0,0,0
zn2204,20220218,20220218,133633500,13:36:33,25190,71095,111711,8932109950,1,0,125950
zn2204,20220218,20220218,133634000,13:36:34,25190,71095,111711,8932109950,0,0,0
zn2204,20220218,20220218,133634500,13:36:35,25190,71095,111711,8932109950,0,0,0
zn2204,20220218,20220218,133635000,13:36:35,25190,71095,111711,8932109950,0,0,0
zn2204,20220218,20220218,133635500,13:36:36,25190,71095,111711,8932109950,0,0,0
zn2204,20220218,20220218,133636000,13:36:36,25190,71095,111711,8932109950,0,0,0
zn2204,20220218,20220218,133636500,13:36:36,25190,71096,111712,8932235900,1,1,125950
zn2204,20220218,20220218,133637000,13:36:38,25195,71103,111713,8933117725,7,1,881825
zn2204,20220218,20220218,133637500,13:36:38,25195,71109,111715,8933873575,6,2,755850
zn2204,20220218,20220218,133638000,13:36:38,25195,71109,111715,8933873575,0,0,0
zn2204,20220218,20220218,133638500,13:36:39,25195,71112,111715,8934251550,3,0,377975
zn2204,20220218,20220218,133639000,13:36:39,25195,71113,111715,8934377525,1,0,125975
zn2204,20220218,20220218,133639500,13:36:39,25195,71113,111715,8934377525,0,0,0
zn2204,20220218,20220218,133640000,13:36:40,25195,71113,111715,8934377525,0,0,0
zn2204,20220218,20220218,133640500,13:36:40,25195,71113,111715,8934377525,0,0,0
zn2204,20220218,20220218,133641000,13:36:41,25195,71113,111715,8934377525,0,0,0
zn2204,20220218,20220218,133642500,13:36:43,25195,71113,111715,8934377525,0,0,0
zn2204,20220218,20220218,133643500,13:36:44,25195,71113,111715,8934377525,0,0,0
zn2204,20220218,20220218,133646500,13:36:46,25195,71113,111715,8934377525,0,0,0
zn2204,20220218,20220218,133647000,13:36:47,25195,71113,111715,8934377525,0,0,0
zn2204,20220218,20220218,133647500,13:36:48,25195,71113,111715,8934377525,0,0,0
zn2204,20220218,20220218,133648500,13:36:48,25195,71113,111715,8934377525,0,0,0
zn2204,20220218,20220218,133650000,13:36:50,25200,71114,111715,8934503525,1,0,126000
zn2204,20220218,20220218,133650500,13:36:50,25195,71123,111718,8935637500,9,3,1133975
zn2204,20220218,20220218,133651500,13:36:52,25195,71123,111718,8935637500,0,0,0
zn2204,20220218,20220218,133652000,13:36:52,25195,71123,111718,8935637500,0,0,0
zn2204,20220218,20220218,133652500,13:36:53,25200,71124,111719,8935763500,1,1,126000
zn2204,20220218,20220218,133653000,13:36:53,25200,71130,111719,8936519500,6,0,756000
zn2204,20220218,20220218,133653500,13:36:54,25200,71130,111719,8936519500,0,0,0
zn2204,20220218,20220218,133655000,13:36:55,25200,71130,111719,8936519500,0,0,0
zn2204,20220218,20220218,133655500,13:36:56,25195,71135,111719,8937149375,5,0,629875
zn2204,20220218,20220218,133656000,13:36:56,25195,71135,111719,8937149375,0,0,0
zn2204,20220218,20220218,133656500,13:36:57,25195,71135,111719,8937149375,0,0,0
zn2204,20220218,20220218,133657000,13:36:58,25195,71136,111719,8937275350,1,0,125975
zn2204,20220218,20220218,133657500,13:36:58,25200,71156,111731,8939795350,20,12,2520000
zn2204,20220218,20220218,133658000,13:36:58,25195,71157,111730,8939921325,1,-1,125975
zn2204,20220218,20220218,133659000,13:36:59,25200,71205,111760,8945969325,48,30,6048000
zn2204,20220218,20220218,133659500,13:37:00,25205,71209,111764,8946473375,4,4,504050
zn2204,20220218,20220218,133700000,13:37:00,25210,71229,111761,8948993900,20,-3,2520525
zn2204,20220218,20220218,133700500,13:37:00,25210,71253,111760,8952019050,24,-1,3025150
zn2204,20220218,20220218,133701000,13:37:01,25205,71255,111758,8952271100,2,-2,252050
zn2204,20220218,20220218,133701500,13:37:02,25205,71255,111758,8952271100,0,0,0
zn2204,20220218,20220218,133702000,13:37:02,25205,71255,111758,8952271100,0,0,0
zn2204,20220218,20220218,133702500,13:37:03,25205,71256,111757,8952397125,1,-1,126025
zn2204,20220218,20220218,133703500,13:37:03,25205,71270,111764,8954161475,14,7,1764350
zn2204,20220218,20220218,133704000,13:37:04,25205,71274,111765,8954665575,4,1,504100
zn2204,20220218,20220218,133704500,13:37:05,25205,71275,111765,8954791600,1,0,126025
zn2204,20220218,20220218,133705000,13:37:05,25205,71278,111766,8955169675,3,1,378075
zn2204,20220218,20220218,133705500,13:37:07,25205,71280,111767,8955421725,2,1,252050
zn2204,20220218,20220218,133706000,13:37:08,25205,71280,111767,8955421725,0,0,0
zn2204,20220218,20220218,133706500,13:37:08,25205,71281,111768,8955547750,1,1,126025
zn2204,20220218,20220218,133707000,13:37:08,25205,71281,111768,8955547750,0,0,0
zn2204,20220218,20220218,133707500,13:37:08,25205,71281,111768,8955547750,0,0,0
zn2204,20220218,20220218,133708000,13:37:08,25205,71281,111768,8955547750,0,0,0
zn2204,20220218,20220218,133708500,13:37:08,25205,71281,111768,8955547750,0,0,0
zn2204,20220218,20220218,133709000,13:37:09,25200,71282,111768,8955673750,1,0,126000
zn2204,20220218,20220218,133709500,13:37:10,25200,71286,111769,8956177750,4,1,504000
zn2204,20220218,20220218,133711500,13:37:13,25200,71286,111769,8956177750,0,0,0
zn2204,20220218,20220218,133712000,13:37:13,25200,71304,111769,8958445750,18,0,2268000
zn2204,20220218,20220218,133712500,13:37:13,25195,71306,111767,8958697700,2,-2,251950
zn2204,20220218,20220218,133713000,13:37:14,25195,71308,111765,8958949650,2,-2,251950
zn2204,20220218,20220218,133713500,13:37:14,25200,71309,111764,8959075650,1,-1,126000
zn2204,20220218,20220218,133714000,13:37:14,25200,71310,111764,8959201650,1,0,126000
zn2204,20220218,20220218,133714500,13:37:15,25200,71310,111764,8959201650,0,0,0
zn2204,20220218,20220218,133715000,13:37:15,25195,71311,111764,8959327625,1,0,125975
zn2204,20220218,20220218,133715500,13:37:16,25200,71312,111764,8959453625,1,0,126000
zn2204,20220218,20220218,133716000,13:37:16,25200,71312,111764,8959453625,0,0,0
zn2204,20220218,20220218,133716500,13:37:17,25200,71314,111764,8959705625,2,0,252000
zn2204,20220218,20220218,133717000,13:37:18,25200,71314,111764,8959705625,0,0,0
zn2204,20220218,20220218,133717500,13:37:18,25200,71314,111764,8959705625,0,0,0
zn2204,20220218,20220218,133718000,13:37:18,25195,71323,111761,8960839400,9,-3,1133775
zn2204,20220218,20220218,133718500,13:37:19,25195,71323,111761,8960839400,0,0,0
zn2204,20220218,20220218,133719000,13:37:19,25195,71328,111761,8961469275,5,0,629875
zn2204,20220218,20220218,133719500,13:37:20,25195,71328,111761,8961469275,0,0,0
zn2204,20220218,20220218,133720000,13:37:21,25195,71328,111761,8961469275,0,0,0
zn2204,20220218,20220218,133720500,13:37:21,25195,71328,111761,8961469275,0,0,0
zn2204,20220218,20220218,133721000,13:37:21,25195,71328,111761,8961469275,0,0,0
zn2204,20220218,20220218,133721500,13:37:22,25195,71328,111761,8961469275,0,0,0
zn2204,20220218,20220218,133723000,13:37:23,25195,71328,111761,8961469275,0,0,0
zn2204,20220218,20220218,133723500,13:37:23,25195,71328,111761,8961469275,0,0,0
zn2204,20220218,20220218,133724500,13:37:25,25195,71328,111761,8961469275,0,0,0
zn2204,20220218,20220218,133725000,13:37:25,25195,71328,111761,8961469275,0,0,0
zn2204,20220218,20220218,133725500,13:37:26,25195,71330,111761,8961721225,2,0,251950
zn2204,20220218,20220218,133726000,13:37:26,25195,71330,111761,8961721225,0,0,0
zn2204,20220218,20220218,133726500,13:37:27,25195,71330,111761,8961721225,0,0,0
zn2204,20220218,20220218,133727500,13:37:27,25190,71331,111760,8961847175,1,-1,125950
zn2204,20220218,20220218,133728000,13:37:28,25190,71331,111760,8961847175,0,0,0
zn2204,20220218,20220218,133728500,13:37:28,25190,71331,111760,8961847175,0,0,0
zn2204,20220218,20220218,133730500,13:37:31,25195,71333,111762,8962099125,2,2,251950
zn2204,20220218,20220218,133731000,13:37:31,25190,71338,111765,8962728875,5,3,629750
zn2204,20220218,20220218,133731500,13:37:31,25190,71338,111765,8962728875,0,0,0
zn2204,20220218,20220218,133732000,13:37:32,25190,71338,111765,8962728875,0,0,0
zn2204,20220218,20220218,133733000,13:37:33,25190,71338,111765,8962728875,0,0,0
zn2204,20220218,20220218,133733500,13:37:33,25195,71339,111766,8962854850,1,1,125975
zn2204,20220218,20220218,133735500,13:37:36,25190,71344,111768,8963484600,5,2,629750
zn2204,20220218,20220218,133736000,13:37:36,25190,71344,111768,8963484600,0,0,0
zn2204,20220218,20220218,133736500,13:37:37,25190,71348,111767,8963988400,4,-1,503800
zn2204,20220218,20220218,133737500,13:37:37,25190,71348,111767,8963988400,0,0,0
zn2204,20220218,20220218,133738000,13:37:38,25190,71348,111767,8963988400,0,0,0
zn2204,20220218,20220218,133738500,13:37:39,25190,71348,111767,8963988400,0,0,0
zn2204,20220218,20220218,133739000,13:37:39,25190,71348,111767,8963988400,0,0,0
zn2204,20220218,20220218,133739500,13:37:39,25190,71348,111767,8963988400,0,0,0
zn2204,20220218,20220218,133740500,13:37:40,25190,71348,111767,8963988400,0,0,0
zn2204,20220218,20220218,133741000,13:37:41,25190,71348,111767,8963988400,0,0,0
zn2204,20220218,20220218,133741500,13:37:41,25190,71348,111767,8963988400,0,0,0
zn2204,20220218,20220218,133742500,13:37:43,25190,71348,111767,8963988400,0,0,0
zn2204,20220218,20220218,133743500,13:37:44,25190,71348,111767,8963988400,0,0,0
zn2204,20220218,20220218,133744000,13:37:45,25190,71348,111767,8963988400,0,0,0
zn2204,20220218,20220218,133745000,13:37:45,25190,71348,111767,8963988400,0,0,0
zn2204,20220218,20220218,133745500,13:37:45,25190,71349,111767,8964114350,1,0,125950
zn2204,20220218,20220218,133746000,13:37:46,25190,71350,111768,8964240300,1,1,125950
zn2204,20220218,20220218,133746500,13:37:47,25190,71351,111769,8964366250,1,1,125950
zn2204,20220218,20220218,133747000,13:37:47,25190,71352,111770,8964492200,1,1,125950
zn2204,20220218,20220218,133749000,13:37:49,25190,71378,111781,8967767450,26,11,3275250
zn2204,20220218,20220218,133749500,13:37:49,25190,71379,111781,8967893400,1,0,125950
zn2204,20220218,20220218,133750000,13:37:50,25195,71382,111782,8968271325,3,1,377925
zn2204,20220218,20220218,133750500,13:37:51,25195,71383,111782,8968397300,1,0,125975
zn2204,20220218,20220218,133751000,13:37:51,25195,71383,111782,8968397300,0,0,0
zn2204,20220218,20220218,133751500,13:37:52,25195,71404,111791,8971043075,21,9,2645775
zn2204,20220218,20220218,133752000,13:37:53,25195,71409,111790,8971672950,5,-1,629875
zn2204,20220218,20220218,133752500,13:37:54,25200,71413,111790,8972176900,4,0,503950
zn2204,20220218,20220218,133753000,13:37:54,25200,71434,111803,8974822875,21,13,2645975
zn2204,20220218,20220218,133753500,13:37:55,25200,71437,111804,8975200875,3,1,378000
zn2204,20220218,20220218,133754000,13:37:55,25200,71437,111804,8975200875,0,0,0
zn2204,20220218,20220218,133754500,13:37:55,25200,71437,111804,8975200875,0,0,0
zn2204,20220218,20220218,133755000,13:37:55,25195,71438,111803,8975326850,1,-1,125975
zn2204,20220218,20220218,133755500,13:37:55,25195,71440,111801,8975578800,2,-2,251950
zn2204,20220218,20220218,133756000,13:37:56,25200,71461,111812,8978224800,21,11,2646000
zn2204,20220218,20220218,133756500,13:37:57,25200,71463,111811,8978476800,2,-1,252000
zn2204,20220218,20220218,133757000,13:37:57,25200,71463,111811,8978476800,0,0,0
zn2204,20220218,20220218,133757500,13:37:58,25200,71484,111821,8981122775,21,10,2645975
zn2204,20220218,20220218,133758000,13:37:58,25200,71493,111821,8982256775,9,0,1134000
zn2204,20220218,20220218,133758500,13:37:59,25205,71495,111822,8982508800,2,1,252025
zn2204,20220218,20220218,133759000,13:38:00,25205,71495,111822,8982508800,0,0,0
zn2204,20220218,20220218,133759500,13:38:00,25205,71495,111822,8982508800,0,0,0
zn2204,20220218,20220218,133800000,13:38:02,25200,71501,111827,8983264800,6,5,756000
zn2204,20220218,20220218,133800500,13:38:02,25200,71501,111827,8983264800,0,0,0
zn2204,20220218,20220218,133801000,13:38:03,25200,71501,111827,8983264800,0,0,0
zn2204,20220218,20220218,133802000,13:38:05,25200,71501,111827,8983264800,0,0,0
zn2204,20220218,20220218,133802500,13:38:05,25205,71504,111828,8983642825,3,1,378025
zn2204,20220218,20220218,133803000,13:38:06,25200,71508,111830,8984146825,4,2,504000
zn2204,20220218,20220218,133805000,13:38:07,25195,71526,111830,8986414575,18,0,2267750
zn2204,20220218,20220218,133806000,13:38:09,25200,71527,111830,8986540575,1,0,126000
zn2204,20220218,20220218,133806500,13:38:09,25200,71527,111830,8986540575,0,0,0
zn2204,20220218,20220218,133809000,13:38:09,25200,71527,111830,8986540575,0,0,0
zn2204,20220218,20220218,133809500,13:38:10,25195,71531,111832,8987044475,4,2,503900
zn2204,20220218,20220218,133810500,13:38:10,25195,71533,111834,8987296425,2,2,251950
zn2204,20220218,20220218,133811000,13:38:13,25195,71533,111834,8987296425,0,0,0
zn2204,20220218,20220218,133811500,13:38:14,25195,71533,111834,8987296425,0,0,0
zn2204,20220218,20220218,133812000,13:38:14,25195,71533,111834,8987296425,0,0,0
zn2204,20220218,20220218,133813500,13:38:15,25200,71562,111850,8990950425,29,16,3654000
zn2204,20220218,20220218,133814000,13:38:17,25200,71578,111858,8992966425,16,8,2016000
zn2204,20220218,20220218,133814500,13:38:17,25200,71584,111857,8993722425,6,-1,756000
zn2204,20220218,20220218,133815000,13:38:17,25200,71584,111857,8993722425,0,0,0
zn2204,20220218,20220218,133817000,13:38:18,25205,71609,111871,8996873025,25,14,3150600
zn2204,20220218,20220218,133817500,13:38:18,25200,71611,111871,8997125050,2,0,252025
zn2204,20220218,20220218,133818000,13:38:18,25200,71611,111871,8997125050,0,0,0
zn2204,20220218,20220218,133818500,13:38:19,25210,71612,111872,8997251100,1,1,126050
zn2204,20220218,20220218,133819000,13:38:19,25200,71613,111872,8997377100,1,0,126000
zn2204,20220218,20220218,133819500,13:38:20,25210,71633,111892,8999898100,20,20,2521000
zn2204,20220218,20220218,133820000,13:38:22,25210,71633,111892,8999898100,0,0,0
zn2204,20220218,20220218,133820500,13:38:22,25205,71634,111892,9000024125,1,0,126025
zn2204,20220218,20220218,133821000,13:38:22,25205,71634,111892,9000024125,0,0,0
zn2204,20220218,20220218,133821500,13:38:23,25205,71634,111892,9000024125,0,0,0
zn2204,20220218,20220218,133822000,13:38:23,25210,71654,111908,9002545125,20,16,2521000
zn2204,20220218,20220218,133822500,13:38:23,25200,71709,111941,9009475725,55,33,6930600
zn2204,20220218,20220218,133823000,13:38:24,25200,71777,111964,9018043650,68,23,8567925
zn2204,20220218,20220218,133823500,13:38:24,25190,71804,111957,9021444625,27,-7,3400975
zn2204,20220218,20220218,133824000,13:38:25,25200,71822,111961,9023712200,18,4,2267575
zn2204,20220218,20220218,133824500,13:38:40,25195,71830,111961,9024720175,8,0,1007975
zn2204,20220218,20220218,133825000,13:38:41,25200,71843,111960,9026358175,13,-1,1638000
zn2204,20220218,20220218,133825500,13:38:41,25200,71846,111961,9026736175,3,1,378000
zn2204,20220218,20220218,133840000,13:38:43,25200,71846,111961,9026736175,0,0,0
zn2204,20220218,20220218,133841500,13:38:43,25200,71899,111992,9033414725,53,31,6678550
zn2204,20220218,20220218,133842500,13:38:43,25200,71899,111992,9033414725,0,0,0
zn2204,20220218,20220218,133843000,13:38:43,25200,71899,111992,9033414725,0,0,0
zn2204,20220218,20220218,133844500,13:38:44,25200,71902,111995,9033792725,3,3,378000
zn2204,20220218,20220218,133845000,13:38:45,25200,71902,111995,9033792725,0,0,0
zn2204,20220218,20220218,133847500,13:38:47,25200,71907,111995,9034422725,5,0,630000
zn2204,20220218,20220218,133849500,13:38:49,25200,71912,111996,9035052725,5,1,630000
zn2204,20220218,20220218,133851000,13:38:51,25200,71916,111996,9035556725,4,0,504000
zn2204,20220218,20220218,133853000,13:38:53,25195,71923,111996,9036438600,7,0,881875
zn2204,20220218,20220218,133855000,13:38:55,25195,71924,111996,9036564575,1,0,125975
zn2204,20220218,20220218,133856500,13:38:56,25195,71924,111996,9036564575,0,0,0
zn2204,20220218,20220218,133858000,13:38:58,25195,71924,111996,9036564575,0,0,0
zn2204,20220218,20220218,133900500,13:39:01,25200,71925,111995,9036690575,1,-1,126000
zn2204,20220218,20220218,133901500,13:39:01,25200,71935,111987,9037950575,10,-8,1260000
zn2204,20220218,20220218,133902000,13:39:02,25200,71935,111987,9037950575,0,0,0
zn2204,20220218,20220218,133903500,13:39:03,25200,71935,111987,9037950575,0,0,0
zn2204,20220218,20220218,133909000,13:39:09,25200,71935,111987,9037950575,0,0,0
zn2204,20220218,20220218,133910500,13:39:10,25200,71935,111987,9037950575,0,0,0
zn2204,20220218,20220218,133912000,13:39:12,25200,71935,111987,9037950575,0,0,0
zn2204,20220218,20220218,133913500,13:39:13,25200,71935,111987,9037950575,0,0,0
zn2204,20220218,20220218,133914000,13:39:15,25200,71961,111995,9041226550,26,8,3275975
zn2204,20220218,20220218,133914500,13:39:16,25195,71983,111998,9043998300,22,3,2771750
zn2204,20220218,20220218,133915000,13:39:18,25195,71983,111998,9043998300,0,0,0
zn2204,20220218,20220218,133915500,13:39:19,25195,71983,111998,9043998300,0,0,0
zn2204,20220218,20220218,133918000,13:39:19,25195,71983,111998,9043998300,0,0,0
zn2204,20220218,20220218,133919500,13:39:19,25200,71995,111996,9045510300,12,-2,1512000
zn2204,20220218,20220218,133920500,13:39:20,25200,71995,111996,9045510300,0,0,0
zn2204,20220218,20220218,133922000,13:39:22,25200,71996,111995,9045636300,1,-1,126000
zn2204,20220218,20220218,133923500,13:39:23,25200,71996,111995,9045636300,0,0,0
zn2204,20220218,20220218,133924000,13:39:24,25200,71996,111995,9045636300,0,0,0
zn2204,20220218,20220218,133925500,13:39:26,25200,71996,111995,9045636300,0,0,0
zn2204,20220218,20220218,133927000,13:39:27,25200,71996,111995,9045636300,0,0,0
zn2204,20220218,20220218,133928500,13:39:28,25200,71996,111995,9045636300,0,0,0
zn2204,20220218,20220218,133930000,13:39:30,25200,71996,111995,9045636300,0,0,0
zn2204,20220218,20220218,133935500,13:39:35,25200,71997,111996,9045762300,1,1,126000
zn2204,20220218,20220218,133937500,13:39:37,25190,72012,111988,9047651900,15,-8,1889600
zn2204,20220218,20220218,133938500,13:39:38,25190,72012,111988,9047651900,0,0,0
zn2204,20220218,20220218,133939000,13:39:39,25190,72012,111988,9047651900,0,0,0
zn2204,20220218,20220218,133940000,13:39:40,25190,72012,111988,9047651900,0,0,0
zn2204,20220218,20220218,133940500,13:39:41,25190,72012,111988,9047651900,0,0,0
zn2204,20220218,20220218,133942000,13:39:42,25190,72012,111988,9047651900,0,0,0
zn2204,20220218,20220218,133944000,13:39:44,25190,72012,111988,9047651900,0,0,0
zn2204,20220218,20220218,133945000,13:39:45,25190,72022,111995,9048911475,10,7,1259575
zn2204,20220218,20220218,133945500,13:39:46,25195,72028,112001,9049667325,6,6,755850
zn2204,20220218,20220218,133946000,13:39:47,25195,72031,112001,9050045250,3,0,377925
zn2204,20220218,20220218,133946500,13:39:47,25195,72031,112001,9050045250,0,0,0
zn2204,20220218,20220218,133947500,13:39:47,25195,72031,112001,9050045250,0,0,0
zn2204,20220218,20220218,133948000,13:39:48,25195,72032,112000,9050171225,1,-1,125975
zn2204,20220218,20220218,133948500,13:39:48,25195,72032,112000,9050171225,0,0,0
zn2204,20220218,20220218,133949000,13:39:49,25195,72032,112000,9050171225,0,0,0
zn2204,20220218,20220218,133949500,13:39:50,25195,72032,112000,9050171225,0,0,0
zn2204,20220218,20220218,133953500,13:39:54,25195,72038,111994,9050927075,6,-6,755850
zn2204,20220218,20220218,133954000,13:39:55,25195,72038,111994,9050927075,0,0,0
zn2204,20220218,20220218,133954500,13:39:55,25195,72044,111994,9051682925,6,0,755850
zn2204,20220218,20220218,133955000,13:39:55,25195,72044,111994,9051682925,0,0,0
zn2204,20220218,20220218,133955500,13:39:55,25195,72045,111994,9051808900,1,0,125975
zn2204,20220218,20220218,133956000,13:39:56,25195,72046,111993,9051934875,1,-1,125975
zn2204,20220218,20220218,133956500,13:39:57,25195,72051,111991,9052564750,5,-2,629875
zn2204,20220218,20220218,133957000,13:39:59,25195,72051,111991,9052564750,0,0,0
zn2204,20220218,20220218,133957500,13:40:13,25195,72051,111991,9052564750,0,0,0
zn2204,20220218,20220218,133958000,13:40:13,25195,72051,111991,9052564750,0,0,0
zn2204,20220218,20220218,134012500,13:40:13,25195,72051,111991,9052564750,0,0,0
zn2204,20220218,20220218,134014500,13:40:16,25195,72051,111991,9052564750,0,0,0
zn2204,20220218,20220218,134015500,13:40:16,25195,72073,112007,9055336425,22,16,2771675
zn2204,20220218,20220218,134016500,13:40:17,25195,72073,112007,9055336425,0,0,0
zn2204,20220218,20220218,134017000,13:40:17,25195,72073,112007,9055336425,0,0,0
zn2204,20220218,20220218,134017500,13:40:18,25195,72075,112005,9055588375,2,-2,251950
zn2204,20220218,20220218,134018000,13:40:19,25195,72075,112005,9055588375,0,0,0
zn2204,20220218,20220218,134018500,13:40:19,25195,72075,112005,9055588375,0,0,0
zn2204,20220218,20220218,134019000,13:40:19,25195,72076,112005,9055714350,1,0,125975
zn2204,20220218,20220218,134019500,13:40:20,25195,72076,112005,9055714350,0,0,0
zn2204,20220218,20220218,134020000,13:40:20,25195,72076,112005,9055714350,0,0,0
zn2204,20220218,20220218,134020500,13:40:21,25195,72077,112005,9055840325,1,0,125975
zn2204,20220218,20220218,134023000,13:40:23,25195,72087,112001,9057100300,10,-4,1259975
zn2204,20220218,20220218,134023500,13:40:24,25195,72087,112001,9057100300,0,0,0
zn2204,20220218,20220218,134024000,13:40:24,25195,72089,112003,9057352250,2,2,251950
zn2204,20220218,20220218,134024500,13:40:25,25195,72089,112003,9057352250,0,0,0
zn2204,20220218,20220218,134025000,13:40:25,25195,72089,112003,9057352250,0,0,0
zn2204,20220218,20220218,134025500,13:40:26,25195,72089,112003,9057352250,0,0,0
zn2204,20220218,20220218,134026000,13:40:26,25195,72101,112001,9058864125,12,-2,1511875
zn2204,20220218,20220218,134026500,13:40:27,25195,72107,112000,9059620075,6,-1,755950
zn2204,20220218,20220218,134027000,13:40:27,25195,72124,112008,9061761650,17,8,2141575
zn2204,20220218,20220218,134027500,13:40:27,25195,72136,112009,9063273475,12,1,1511825
zn2204,20220218,20220218,134028000,13:40:28,25195,72141,112011,9063903350,5,2,629875
zn2204,20220218,20220218,134028500,13:40:29,25195,72148,112010,9064785175,7,-1,881825
zn2204,20220218,20220218,134029000,13:40:30,25195,72153,112011,9065415050,5,1,629875
zn2204,20220218,20220218,134029500,13:40:30,25195,72154,112012,9065541025,1,1,125975
zn2204,20220218,20220218,134031500,13:40:32,25190,72157,112014,9065918875,3,2,377850
zn2204,20220218,20220218,134032000,13:40:32,25190,72157,112014,9065918875,0,0,0
zn2204,20220218,20220218,134035000,13:40:35,25190,72157,112014,9065918875,0,0,0
zn2204,20220218,20220218,134035500,13:40:36,25195,72158,112015,9066044850,1,1,125975
zn2204,20220218,20220218,134036000,13:40:36,25195,72159,112015,9066170825,1,0,125975
zn2204,20220218,20220218,134036500,13:40:36,25195,72159,112015,9066170825,0,0,0
zn2204,20220218,20220218,134042000,13:40:42,25195,72159,112015,9066170825,0,0,0
zn2204,20220218,20220218,134043000,13:40:43,25190,72161,112013,9066422725,2,-2,251900
zn2204,20220218,20220218,134044000,13:40:44,25190,72161,112013,9066422725,0,0,0
zn2204,20220218,20220218,134045000,13:40:45,25190,72161,112013,9066422725,0,0,0
zn2204,20220218,20220218,134046500,13:40:46,25190,72162,112012,9066548675,1,-1,125950
zn2204,20220218,20220218,134047500,13:40:47,25190,72162,112012,9066548675,0,0,0
zn2204,20220218,20220218,134048500,13:40:48,25195,72168,112009,9067304525,6,-3,755850
zn2204,20220218,20220218,134049000,13:40:49,25195,72168,112009,9067304525,0,0,0
zn2204,20220218,20220218,134049500,13:40:49,25195,72168,112009,9067304525,0,0,0
zn2204,20220218,20220218,134050500,13:40:50,25195,72168,112009,9067304525,0,0,0
zn2204,20220218,20220218,134055000,13:40:57,25195,72168,112009,9067304525,0,0,0
zn2204,20220218,20220218,134055500,13:40:57,25195,72168,112009,9067304525,0,0,0
zn2204,20220218,20220218,134056000,13:40:58,25195,72168,112009,9067304525,0,0,0
zn2204,20220218,20220218,134056500,13:40:58,25195,72168,112009,9067304525,0,0,0
zn2204,20220218,20220218,134057500,13:40:58,25195,72168,112009,9067304525,0,0,0
zn2204,20220218,20220218,134059500,13:41:00,25195,72168,112009,9067304525,0,0,0
zn2204,20220218,20220218,134101000,13:41:01,25195,72168,112009,9067304525,0,0,0
zn2204,20220218,20220218,134101500,13:41:01,25195,72168,112009,9067304525,0,0,0
zn2204,20220218,20220218,134102000,13:41:02,25190,72183,112007,9069193900,15,-2,1889375
zn2204,20220218,20220218,134102500,13:41:02,25190,72183,112007,9069193900,0,0,0
